  <div class='ocr_page' id='page_1' title='image "/cluster/home/n/w/nwhite01/storage/ocr_20150623/126/umn.31951002477419r/439.png"; bbox 0 0 4160 6314; ppageno 0'>
   <div class='ocr_carea' id='block_1_1' title="bbox 562 233 709 324">
    <p class='ocr_par' dir='ltr' id='par_1_1' title="bbox 562 233 709 324">
     <span class='ocr_line' id='line_1_1' title="bbox 562 233 709 324; baseline -0.007 0"><span class='ocrx_word' id='word_1_1' title='bbox 562 233 576 250; x_wconf 84' lang='grc'><em>’</em></span> <span class='ocrx_word' id='word_1_2' title='bbox 602 270 709 324; x_wconf 68' lang='grc'><strong>747</strong></span> 
     </span>
    </p>
   </div>
   <div class='ocr_carea' id='block_1_2' title="bbox 680 369 2280 460">
    <p class='ocr_par' dir='ltr' id='par_1_2' title="bbox 680 369 2280 460">
     <span class='ocr_line' id='line_1_2' title="bbox 680 369 2280 460; baseline -0.016 -14"><span class='ocrx_word' id='word_1_3' title='bbox 680 384 1264 460; x_wconf 15' lang='grc' dir='ltr'><strong>δωρὶαληιίεθσιεείω.</strong></span> <span class='ocrx_word' id='word_1_4' title='bbox 1282 382 1382 460; x_wconf 79' lang='grc' dir='ltr'><strong><em>Βᾳὶ</em></strong></span> <span class='ocrx_word' id='word_1_5' title='bbox 1427 380 1644 460; x_wconf 61' lang='lat' dir='ltr'><strong>hostem</strong></span> <span class='ocrx_word' id='word_1_6' title='bbox 1675 391 1692 427; x_wconf 95' lang='lat'><em>:</em></span> <span class='ocrx_word' id='word_1_7' title='bbox 1725 374 1988 460; x_wconf 54' lang='lat' dir='ltr'><strong>hortatu!</strong></span> <span class='ocrx_word' id='word_1_8' title='bbox 2033 373 2102 452; x_wconf 77' lang='lat' dir='ltr'><strong>ut</strong></span> <span class='ocrx_word' id='word_1_9' title='bbox 2131 370 2194 422; x_wconf 84' lang='lat' dir='ltr'><strong>in</strong></span> <span class='ocrx_word' id='word_1_10' title='bbox 2223 369 2280 428; x_wconf 84' lang='grc' dir='ltr'><strong>Α</strong></span> 
     </span>
    </p>
   </div>
   <div class='ocr_carea' id='block_1_3' title="bbox 675 441 2196 529">
    <p class='ocr_par' dir='ltr' id='par_1_3' title="bbox 675 441 2196 529">
     <span class='ocr_line' id='line_1_3' title="bbox 675 441 2196 529; baseline -0.016 -13"><span class='ocrx_word' id='word_1_11' title='bbox 675 441 806 516; x_wconf 60' lang='grc' dir='ltr'><strong>εἶρξὲὲ</strong></span> <span class='ocrx_word' id='word_1_12' title='bbox 814 441 994 529; x_wconf 75' lang='lat' dir='ltr'><strong>magis</strong></span> <span class='ocrx_word' id='word_1_13' title='bbox 1004 441 1104 528; x_wconf 80' lang='lat' dir='ltr'><strong>pro</strong></span> <span class='ocrx_word' id='word_1_14' title='bbox 1135 451 1398 529; x_wconf 67' lang='lat' dir='ltr'><strong>Ecclesiae</strong></span> <span class='ocrx_word' id='word_1_15' title='bbox 1417 449 1524 504; x_wconf 81' lang='lat' dir='ltr'><strong>sibi</strong></span> <span class='ocrx_word' id='word_1_16' title='bbox 1542 446 1854 529; x_wconf 70' lang='lat' dir='ltr'><strong>commissa:</strong></span> <span class='ocrx_word' id='word_1_17' title='bbox 1867 441 2196 529; x_wconf 66' lang='lat' dir='ltr'><strong>defensione</strong></span> 
     </span>
    </p>
   </div>
   <div class='ocr_carea' id='block_1_4' title="bbox 689 511 2014 593">
    <p class='ocr_par' dir='ltr' id='par_1_4' title="bbox 689 511 2014 593">
     <span class='ocr_line' id='line_1_4' title="bbox 689 511 2014 593; baseline -0.017 -7"><span class='ocrx_word' id='word_1_18' title='bbox 689 511 935 593; x_wconf 51' lang='lat' dir='ltr'><strong>illiciti,&quot;</strong></span> <span class='ocrx_word' id='word_1_19' title='bbox 950 511 1198 582; x_wconf 14' lang='lat' dir='ltr'><strong>IP‘etrum</strong></span> <span class='ocrx_word' id='word_1_20' title='bbox 1227 523 1530 578; x_wconf 73' lang='lat' dir='ltr'><strong>diaconum</strong></span> <span class='ocrx_word' id='word_1_21' title='bbox 1557 518 1612 574; x_wconf 90' lang='lat' dir='ltr'><strong>ei</strong></span> <span class='ocrx_word' id='word_1_22' title='bbox 1638 511 2014 573; x_wconf 82' lang='lat' dir='ltr'><strong>commendat.</strong></span> 
     </span>
    </p>
   </div>
   <div class='ocr_carea' id='block_1_5' title="bbox 681 596 2202 673">
    <p class='ocr_par' dir='ltr' id='par_1_5' title="bbox 681 596 2202 673">
     <span class='ocr_line' id='line_1_5' title="bbox 681 596 2202 673; baseline -0.016 0"><span class='ocrx_word' id='word_1_23' title='bbox 681 613 1157 673; x_wconf 79' lang='lat' dir='ltr'><strong>Reverendissimo</strong></span> <span class='ocrx_word' id='word_1_24' title='bbox 1173 618 1225 666; x_wconf 90' lang='lat' dir='ltr'><strong>et</strong></span> <span class='ocrx_word' id='word_1_25' title='bbox 1244 607 1588 664; x_wconf 90' lang='lat' dir='ltr'><strong>sanctissimo</strong></span> <span class='ocrx_word' id='word_1_26' title='bbox 1605 607 1932 659; x_wconf 74' lang='lat' dir='ltr'><strong>ATIIANASIO</strong></span> <span class='ocrx_word' id='word_1_27' title='bbox 1943 596 2202 668; x_wconf 89' lang='lat' dir='ltr'><strong>episcopo</strong></span> 
     </span>
    </p>
   </div>
   <div class='ocr_carea' id='block_1_6' title="bbox 610 687 2201 769">
    <p class='ocr_par' dir='ltr' id='par_1_6' title="bbox 610 687 2201 769">
     <span class='ocr_line' id='line_1_6' title="bbox 610 687 2201 769; baseline -0.017 -7"><span class='ocrx_word' id='word_1_28' title='bbox 610 713 814 762; x_wconf 69' lang='lat' dir='ltr'><strong>sanctae</strong></span> <span class='ocrx_word' id='word_1_29' title='bbox 843 700 1106 759; x_wconf 74' lang='lat' dir='ltr'><strong>Ecclesiae</strong></span> <span class='ocrx_word' id='word_1_30' title='bbox 1115 699 1165 753; x_wconf 91' lang='grc' dir='ltr'><strong>Ν</strong></span> <span class='ocrx_word' id='word_1_31' title='bbox 1168 697 1324 769; x_wconf 88' lang='lat' dir='ltr'><strong>eapol</strong></span> <span class='ocrx_word' id='word_1_32' title='bbox 1331 697 1488 750; x_wconf 75' lang='lat' dir='ltr'><strong>itanae</strong></span> <span class='ocrx_word' id='word_1_33' title='bbox 1503 693 1701 747; x_wconf 86' lang='lat' dir='ltr'><strong>dilecto</strong></span> <span class='ocrx_word' id='word_1_34' title='bbox 1713 687 1974 746; x_wconf 87' lang='lat' dir='ltr'><strong>confratri</strong></span> <span class='ocrx_word' id='word_1_35' title='bbox 1995 694 2201 738; x_wconf 90' lang='lat' dir='ltr'><strong>nostro.</strong></span> 
     </span>
    </p>
   </div>
   <div class='ocr_carea' id='block_1_7' title="bbox 683 772 2204 860">
    <p class='ocr_par' dir='ltr' id='par_1_7' title="bbox 683 772 2204 860">
     <span class='ocr_line' id='line_1_7' title="bbox 683 772 2204 860; baseline -0.016 -12"><span class='ocrx_word' id='word_1_36' title='bbox 683 795 1006 848; x_wconf 88' lang='lat' dir='ltr'><strong>Innumeras</strong></span> <span class='ocrx_word' id='word_1_37' title='bbox 1036 786 1338 860; x_wconf 81' lang='lat' dir='ltr'><strong>gratiarum</strong></span> <span class='ocrx_word' id='word_1_38' title='bbox 1367 782 1607 838; x_wconf 89' lang='lat' dir='ltr'><strong>actiones</strong></span> <span class='ocrx_word' id='word_1_39' title='bbox 1635 786 1833 833; x_wconf 68' lang='lat' dir='ltr'><strong>vestrae</strong></span> <span class='ocrx_word' id='word_1_40' title='bbox 1847 777 1961 830; x_wconf 92' lang='lat' dir='ltr'><strong>Deo</strong></span> <span class='ocrx_word' id='word_1_41' title='bbox 1990 772 2204 827; x_wconf 74' lang='lat' dir='ltr'><strong>dilecta:</strong></span> 
     </span>
    </p>
   </div>
   <div class='ocr_carea' id='block_1_8' title="bbox 614 856 2204 953">
    <p class='ocr_par' dir='ltr' id='par_1_8' title="bbox 614 856 2204 953">
     <span class='ocr_line' id='line_1_8' title="bbox 614 856 2204 953; baseline -0.017 -15"><span class='ocrx_word' id='word_1_42' title='bbox 614 881 829 953; x_wconf 82' lang='lat' dir='ltr'><strong>agimus</strong></span> <span class='ocrx_word' id='word_1_43' title='bbox 859 856 1411 945; x_wconf 72' lang='lat' dir='ltr'><strong>almitati,dignisque</strong></span> <span class='ocrx_word' id='word_1_44' title='bbox 1440 865 1738 940; x_wconf 88' lang='lat' dir='ltr'><strong>apostolico</strong></span> <span class='ocrx_word' id='word_1_45' title='bbox 1770 879 1868 919; x_wconf 90' lang='lat' dir='ltr'><strong>vos</strong></span> <span class='ocrx_word' id='word_1_46' title='bbox 1898 876 1996 916; x_wconf 90' lang='lat' dir='ltr'><strong>ore</strong></span> <span class='ocrx_word' id='word_1_47' title='bbox 2027 856 2204 914; x_wconf 91' lang='lat' dir='ltr'><strong>laudi-</strong></span> 
     </span>
    </p>
   </div>
   <div class='ocr_carea' id='block_1_9' title="bbox 615 948 2207 1040">
    <p class='ocr_par' dir='ltr' id='par_1_9' title="bbox 615 948 2207 1040">
     <span class='ocr_line' id='line_1_9' title="bbox 615 948 2207 1040; baseline -0.017 -15"><span class='ocrx_word' id='word_1_48' title='bbox 615 948 720 1024; x_wconf 75' lang='lat' dir='ltr'><strong>bus</strong></span> <span class='ocrx_word' id='word_1_49' title='bbox 748 983 864 1040; x_wconf 84' lang='lat' dir='ltr'><strong>prae</strong></span> <span class='ocrx_word' id='word_1_50' title='bbox 889 964 1103 1020; x_wconf 73' lang='lat' dir='ltr'><strong>caeteris</strong></span> <span class='ocrx_word' id='word_1_51' title='bbox 1131 961 1328 1016; x_wconf 89' lang='lat' dir='ltr'><strong>merito</strong></span> <span class='ocrx_word' id='word_1_52' title='bbox 1357 955 1748 1020; x_wconf 87' lang='lat' dir='ltr'><strong>collaudamus,</strong></span> <span class='ocrx_word' id='word_1_53' title='bbox 1806 948 2066 1022; x_wconf 87' lang='lat' dir='ltr'><strong>quoniam</strong></span> <span class='ocrx_word' id='word_1_54' title='bbox 2112 961 2207 1000; x_wconf 91' lang='lat' dir='ltr'><strong>se-</strong></span> 
     </span>
    </p>
   </div>
   <div class='ocr_carea' id='block_1_10' title="bbox 617 1034 2207 1114">
    <p class='ocr_par' dir='ltr' id='par_1_10' title="bbox 617 1034 2207 1114">
     <span class='ocr_line' id='line_1_10' title="bbox 617 1034 2207 1114; baseline -0.017 0"><span class='ocrx_word' id='word_1_55' title='bbox 617 1057 856 1114; x_wconf 89' lang='lat' dir='ltr'><strong>cundum</strong></span> <span class='ocrx_word' id='word_1_56' title='bbox 885 1051 1102 1108; x_wconf 86' lang='lat' dir='ltr'><strong>Domini</strong></span> <span class='ocrx_word' id='word_1_57' title='bbox 1123 1063 1313 1106; x_wconf 91' lang='lat' dir='ltr'><strong>vocem</strong></span> <span class='ocrx_word' id='word_1_58' title='bbox 1341 1044 1571 1101; x_wconf 78' lang='lat' dir='ltr'><strong>dicentis</strong></span> <span class='ocrx_word' id='word_1_59' title='bbox 1601 1041 1692 1098; x_wconf 92' lang='lat' dir='ltr'><strong>:Si</strong></span> <span class='ocrx_word' id='word_1_60' title='bbox 1719 1040 1916 1096; x_wconf 81' lang='lat' dir='ltr'><strong>oculus</strong></span> <span class='ocrx_word' id='word_1_61' title='bbox 1947 1041 2095 1100; x_wconf 77' lang='lat' dir='ltr'><strong>tuus,</strong></span> <span class='ocrx_word' id='word_1_62' title='bbox 2121 1034 2207 1088; x_wconf 83' lang='lat' dir='ltr'><strong>vel</strong></span> 
     </span>
    </p>
   </div>
   <div class='ocr_carea' id='block_1_11' title="bbox 614 1125 2208 1202">
    <p class='ocr_par' dir='ltr' id='par_1_11' title="bbox 614 1125 2208 1202">
     <span class='ocr_line' id='line_1_11' title="bbox 614 1125 2208 1202; baseline -0.017 0"><span class='ocrx_word' id='word_1_63' title='bbox 614 1160 822 1202; x_wconf 79' lang='lat' dir='ltr'><strong>manus</strong></span> <span class='ocrx_word' id='word_1_64' title='bbox 853 1146 953 1197; x_wconf 88' lang='lat' dir='ltr'><strong>tua</strong></span> <span class='ocrx_word' id='word_1_65' title='bbox 971 1137 1326 1196; x_wconf 69' lang='lat' dir='ltr'><strong>scandalizat</strong></span> <span class='ocrx_word' id='word_1_66' title='bbox 1347 1138 1418 1198; x_wconf 91' lang='lat' dir='ltr'><strong>te,</strong></span> <span class='ocrx_word' id='word_1_67' title='bbox 1449 1147 1584 1188; x_wconf 86' lang='lat' dir='ltr'><strong>erue</strong></span> <span class='ocrx_word' id='word_1_68' title='bbox 1613 1144 1756 1194; x_wconf 88' lang='lat' dir='ltr'><strong>eam,</strong></span> <span class='ocrx_word' id='word_1_69' title='bbox 1788 1131 1845 1182; x_wconf 87' lang='lat' dir='ltr'><strong>et</strong></span> <span class='ocrx_word' id='word_1_70' title='bbox 1877 1125 2084 1198; x_wconf 88' lang='lat' dir='ltr'><strong>projice</strong></span> <span class='ocrx_word' id='word_1_71' title='bbox 2106 1125 2208 1176; x_wconf 88' lang='lat' dir='ltr'><strong>ate</strong></span> 
     </span>
    </p>
   </div>
   <div class='ocr_carea' id='block_1_12' title="bbox 615 1209 2209 1304">
    <p class='ocr_par' dir='ltr' id='par_1_12' title="bbox 615 1209 2209 1304">
     <span class='ocr_line' id='line_1_12' title="bbox 615 1209 2209 1304; baseline -0.018 -15"><span class='ocrx_word' id='word_1_72' title='bbox 615 1232 836 1304; x_wconf 80' lang='lat' dir='ltr'><strong>(Matth.</strong></span> <span class='ocrx_word' id='word_1_73' title='bbox 868 1230 946 1300; x_wconf 90' lang='lat' dir='ltr'><strong>v),</strong></span> <span class='ocrx_word' id='word_1_74' title='bbox 981 1226 1198 1282; x_wconf 78' lang='lat' dir='ltr'><strong>fratrem</strong></span> <span class='ocrx_word' id='word_1_75' title='bbox 1227 1231 1378 1278; x_wconf 86' lang='lat' dir='ltr'><strong>tuum</strong></span> <span class='ocrx_word' id='word_1_76' title='bbox 1409 1233 1546 1290; x_wconf 82' lang='lat' dir='ltr'><strong>erga</strong></span> <span class='ocrx_word' id='word_1_77' title='bbox 1572 1215 1875 1272; x_wconf 90' lang='lat' dir='ltr'><strong>Ecclesiam</strong></span> <span class='ocrx_word' id='word_1_78' title='bbox 1904 1211 2005 1266; x_wconf 87' lang='lat' dir='ltr'><strong>Dei</strong></span> <span class='ocrx_word' id='word_1_79' title='bbox 2045 1209 2209 1279; x_wconf 87' lang='lat' dir='ltr'><strong>impie</strong></span> 
     </span>
    </p>
   </div>
   <div class='ocr_carea' id='block_1_13' title="bbox 615 1301 2208 1392">
    <p class='ocr_par' dir='ltr' id='par_1_13' title="bbox 615 1301 2208 1392">
     <span class='ocr_line' id='line_1_13' title="bbox 615 1301 2208 1392; baseline -0.018 -15"><span class='ocrx_word' id='word_1_80' title='bbox 615 1301 872 1392; x_wconf 84' lang='lat' dir='ltr'><strong>agentem</strong></span> <span class='ocrx_word' id='word_1_81' title='bbox 899 1325 945 1382; x_wconf 70' lang='grc'>³,</span> <span class='ocrx_word' id='word_1_82' title='bbox 975 1321 1028 1370; x_wconf 94' lang='lat' dir='ltr'><strong>et</strong></span> <span class='ocrx_word' id='word_1_83' title='bbox 1043 1313 1191 1370; x_wconf 88' lang='lat' dir='ltr'><strong>circa</strong></span> <span class='ocrx_word' id='word_1_84' title='bbox 1219 1309 1512 1366; x_wconf 89' lang='lat' dir='ltr'><strong>Dominum</strong></span> <span class='ocrx_word' id='word_1_85' title='bbox 1537 1321 1644 1360; x_wconf 90' lang='lat' dir='ltr'><strong>non</strong></span> <span class='ocrx_word' id='word_1_86' title='bbox 1677 1311 1828 1358; x_wconf 90' lang='lat' dir='ltr'><strong>recto</strong></span> <span class='ocrx_word' id='word_1_87' title='bbox 1849 1301 2042 1354; x_wconf 75' lang='lat' dir='ltr'><strong>itinere</strong></span> <span class='ocrx_word' id='word_1_88' title='bbox 2071 1310 2208 1370; x_wconf 86' lang='lat' dir='ltr'><strong>gra-</strong></span> 
     </span>
    </p>
   </div>
   <div class='ocr_carea' id='block_1_14' title="bbox 614 1383 2212 1473">
    <p class='ocr_par' dir='ltr' id='par_1_14' title="bbox 614 1383 2212 1473">
     <span class='ocr_line' id='line_1_14' title="bbox 614 1383 2212 1473; baseline -0.017 -10"><span class='ocrx_word' id='word_1_89' title='bbox 614 1383 870 1473; x_wconf 66' lang='lat' dir='ltr'><strong>dientem,</strong></span> <span class='ocrx_word' id='word_1_90' title='bbox 903 1403 1048 1458; x_wconf 89' lang='lat' dir='ltr'><strong>velut</strong></span> <span class='ocrx_word' id='word_1_91' title='bbox 1077 1399 1374 1456; x_wconf 90' lang='lat' dir='ltr'><strong>secundum</strong></span> <span class='ocrx_word' id='word_1_92' title='bbox 1406 1392 1776 1456; x_wconf 83' lang='lat' dir='ltr'><strong>Holofernem,</strong></span> <span class='ocrx_word' id='word_1_93' title='bbox 1810 1395 1999 1444; x_wconf 88' lang='lat' dir='ltr'><strong>sancta</strong></span> <span class='ocrx_word' id='word_1_94' title='bbox 2013 1383 2212 1440; x_wconf 85' lang='lat' dir='ltr'><strong>Christi</strong></span> 
     </span>
    </p>
   </div>
   <div class='ocr_carea' id='block_1_15' title="bbox 618 1474 2212 1553">
    <p class='ocr_par' dir='ltr' id='par_1_15' title="bbox 618 1474 2212 1553">
     <span class='ocr_line' id='line_1_15' title="bbox 618 1474 2212 1553; baseline -0.016 -3"><span class='ocrx_word' id='word_1_95' title='bbox 618 1495 718 1550; x_wconf 88' lang='lat' dir='ltr'><strong>Dei</strong></span> <span class='ocrx_word' id='word_1_96' title='bbox 747 1492 920 1548; x_wconf 82' lang='lat' dir='ltr'><strong>nostri</strong></span> <span class='ocrx_word' id='word_1_97' title='bbox 949 1505 1085 1546; x_wconf 90' lang='lat' dir='ltr'><strong>ausu</strong></span> <span class='ocrx_word' id='word_1_98' title='bbox 1131 1485 1422 1544; x_wconf 89' lang='lat' dir='ltr'><strong>temerario</strong></span> <span class='ocrx_word' id='word_1_99' title='bbox 1449 1483 1860 1553; x_wconf 87' lang='lat' dir='ltr'><strong>impugnantem</strong></span> <span class='ocrx_word' id='word_1_100' title='bbox 1894 1495 1908 1540; x_wconf 81' lang='lat'><strong>-,</strong></span> <span class='ocrx_word' id='word_1_101' title='bbox 1942 1483 1993 1529; x_wconf 92' lang='lat' dir='ltr'><strong>et</strong></span> <span class='ocrx_word' id='word_1_102' title='bbox 2032 1474 2212 1527; x_wconf 71' lang='lat' dir='ltr'><strong>haere-</strong></span> 
     </span>
    </p>
   </div>
   <div class='ocr_carea' id='block_1_16' title="bbox 613 1558 2210 1650">
    <p class='ocr_par' dir='ltr' id='par_1_16' title="bbox 613 1558 2210 1650">
     <span class='ocr_line' id='line_1_16' title="bbox 613 1558 2210 1650; baseline -0.017 -12"><span class='ocrx_word' id='word_1_103' title='bbox 613 1583 840 1638; x_wconf 88' lang='lat' dir='ltr'><strong>ditatem</strong></span> <span class='ocrx_word' id='word_1_104' title='bbox 857 1577 1088 1650; x_wconf 86' lang='lat' dir='ltr'><strong>patriam</strong></span> <span class='ocrx_word' id='word_1_105' title='bbox 1117 1591 1268 1631; x_wconf 90' lang='lat' dir='ltr'><strong>more</strong></span> <span class='ocrx_word' id='word_1_106' title='bbox 1297 1571 1566 1642; x_wconf 86' lang='lat' dir='ltr'><strong>sacrilego</strong></span> <span class='ocrx_word' id='word_1_107' title='bbox 1598 1571 2041 1638; x_wconf 82' lang='lat' dir='ltr'><strong>persequentem,</strong></span> <span class='ocrx_word' id='word_1_108' title='bbox 2077 1558 2210 1614; x_wconf 88' lang='lat' dir='ltr'><strong>tanti</strong></span> 
     </span>
    </p>
   </div>
   <div class='ocr_carea' id='block_1_17' title="bbox 613 1647 2214 1738">
    <p class='ocr_par' dir='ltr' id='par_1_17' title="bbox 613 1647 2214 1738">
     <span class='ocr_line' id='line_1_17' title="bbox 613 1647 2214 1738; baseline -0.016 -13"><span class='ocrx_word' id='word_1_109' title='bbox 613 1669 838 1726; x_wconf 86' lang='lat' dir='ltr'><strong>honoris</strong></span> <span class='ocrx_word' id='word_1_110' title='bbox 858 1647 1134 1738; x_wconf 68' lang='lat' dir='ltr'><strong>regimine</strong></span> <span class='ocrx_word' id='word_1_111' title='bbox 1147 1662 1432 1734; x_wconf 86' lang='lat' dir='ltr'><strong>indignum</strong></span> <span class='ocrx_word' id='word_1_112' title='bbox 1457 1649 1978 1727; x_wconf 66' lang='lat' dir='ltr'><strong>judicans,~ultionis</strong></span> <span class='ocrx_word' id='word_1_113' title='bbox 2015 1647 2214 1702; x_wconf 67' lang='lat' dir='ltr'><strong>divinae</strong></span> 
     </span>
    </p>
   </div>
   <div class='ocr_carea' id='block_1_18' title="bbox 615 1735 2214 1829">
    <p class='ocr_par' dir='ltr' id='par_1_18' title="bbox 615 1735 2214 1829">
     <span class='ocr_line' id='line_1_18' title="bbox 615 1735 2214 1829; baseline -0.017 -15"><span class='ocrx_word' id='word_1_114' title='bbox 615 1763 902 1829; x_wconf 88' lang='lat' dir='ltr'><strong>percutere</strong></span> <span class='ocrx_word' id='word_1_115' title='bbox 923 1735 1106 1824; x_wconf 39' lang='lat' dir='ltr'><strong>j&#39;aculo</strong></span> <span class='ocrx_word' id='word_1_116' title='bbox 1136 1747 1388 1806; x_wconf 87' lang='lat' dir='ltr'><strong>studuisti</strong></span> <span class='ocrx_word' id='word_1_117' title='bbox 1422 1764 1435 1800; x_wconf 90' lang='lat'>:</span> <span class='ocrx_word' id='word_1_118' title='bbox 1467 1760 1568 1800; x_wconf 90' lang='lat' dir='ltr'><strong>nec</strong></span> <span class='ocrx_word' id='word_1_119' title='bbox 1612 1737 1905 1814; x_wconf 89' lang='lat' dir='ltr'><strong>pepercisti</strong></span> <span class='ocrx_word' id='word_1_120' title='bbox 1936 1735 2088 1792; x_wconf 87' lang='lat' dir='ltr'><strong>carni</strong></span> <span class='ocrx_word' id='word_1_121' title='bbox 2109 1742 2214 1788; x_wconf 73' lang='lat' dir='ltr'><strong>tute</strong></span> 
     </span>
    </p>
   </div>
   <div class='ocr_carea' id='block_1_19' title="bbox 613 1825 2214 1918">
    <p class='ocr_par' dir='ltr' id='par_1_19' title="bbox 613 1825 2214 1918">
     <span class='ocr_line' id='line_1_19' title="bbox 613 1825 2214 1918; baseline -0.016 -16"><span class='ocrx_word' id='word_1_122' title='bbox 613 1825 840 1918; x_wconf 77' lang='lat' dir='ltr'><strong>prOpter</strong></span> <span class='ocrx_word' id='word_1_123' title='bbox 855 1841 1146 1898; x_wconf 89' lang='lat' dir='ltr'><strong>Dominum</strong></span> <span class='ocrx_word' id='word_1_124' title='bbox 1157 1837 1430 1894; x_wconf 90' lang='lat' dir='ltr'><strong>dicentem</strong></span> <span class='ocrx_word' id='word_1_125' title='bbox 1453 1850 1466 1888; x_wconf 93' lang='lat'>:</span> <span class='ocrx_word' id='word_1_126' title='bbox 1494 1833 1600 1901; x_wconf 84' lang='lat' dir='ltr'><strong>Qui</strong></span> <span class='ocrx_word' id='word_1_127' title='bbox 1617 1829 1806 1901; x_wconf 79' lang='lat' dir='ltr'><strong>diligit</strong></span> <span class='ocrx_word' id='word_1_128' title='bbox 1829 1830 2074 1898; x_wconf 81' lang='lat' dir='ltr'><strong>patrem,</strong></span> <span class='ocrx_word' id='word_1_129' title='bbox 2109 1825 2214 1878; x_wconf 86' lang='lat' dir='ltr'><strong>aut</strong></span> 
     </span>
    </p>
   </div>
   <div class='ocr_carea' id='block_1_20' title="bbox 615 1911 2212 2000">
    <p class='ocr_par' dir='ltr' id='par_1_20' title="bbox 615 1911 2212 2000">
     <span class='ocr_line' id='line_1_20' title="bbox 615 1911 2212 2000; baseline -0.017 -9"><span class='ocrx_word' id='word_1_130' title='bbox 615 1911 880 1999; x_wconf 76' lang='lat' dir='ltr'><strong>matrem,</strong></span> <span class='ocrx_word' id='word_1_131' title='bbox 907 1933 1008 1986; x_wconf 91' lang='lat' dir='ltr'><strong>aut</strong></span> <span class='ocrx_word' id='word_1_132' title='bbox 1024 1931 1268 2000; x_wconf 80' lang='lat' dir='ltr'><strong>fratrem</strong></span> <span class='ocrx_word' id='word_1_133' title='bbox 1282 1925 1586 1998; x_wconf 74' lang='lat' dir='ltr'><strong>plusquam</strong></span> <span class='ocrx_word' id='word_1_134' title='bbox 1605 1933 1716 1986; x_wconf 69' lang='lat' dir='ltr'><strong>me,</strong></span> <span class='ocrx_word' id='word_1_135' title='bbox 1739 1933 1856 1972; x_wconf 81' lang='lat' dir='ltr'><strong>non</strong></span> <span class='ocrx_word' id='word_1_136' title='bbox 1900 1917 1988 1969; x_wconf 82' lang='lat' dir='ltr'><strong>est</strong></span> <span class='ocrx_word' id='word_1_137' title='bbox 2020 1927 2110 1967; x_wconf 89' lang='lat' dir='ltr'><strong>me</strong></span> <span class='ocrx_word' id='word_1_138' title='bbox 2121 1911 2212 1966; x_wconf 86' lang='lat' dir='ltr'><strong>di-</strong></span> 
     </span>
    </p>
   </div>
   <div class='ocr_carea' id='block_1_21' title="bbox 615 1997 2214 2094">
    <p class='ocr_par' dir='ltr' id='par_1_21' title="bbox 615 1997 2214 2094">
     <span class='ocr_line' id='line_1_21' title="bbox 615 1997 2214 2094; baseline -0.016 -16"><span class='ocrx_word' id='word_1_139' title='bbox 615 2038 760 2094; x_wconf 86' lang='lat' dir='ltr'><strong>gnus</strong></span> <span class='ocrx_word' id='word_1_140' title='bbox 790 1997 1112 2090; x_wconf 31' lang='lat' dir='ltr'><strong>(Matth-3t);</strong></span> <span class='ocrx_word' id='word_1_141' title='bbox 1143 2015 1197 2068; x_wconf 93' lang='lat' dir='ltr'><strong>in</strong></span> <span class='ocrx_word' id='word_1_142' title='bbox 1226 2027 1334 2084; x_wconf 91' lang='lat' dir='ltr'><strong>quo</strong></span> <span class='ocrx_word' id='word_1_143' title='bbox 1362 2009 1620 2064; x_wconf 89' lang='lat' dir='ltr'><strong>nimirum</strong></span> <span class='ocrx_word' id='word_1_144' title='bbox 1649 2021 1748 2060; x_wconf 90' lang='lat' dir='ltr'><strong>vos</strong></span> <span class='ocrx_word' id='word_1_145' title='bbox 1775 2004 1892 2058; x_wconf 91' lang='lat' dir='ltr'><strong>Deo</strong></span> <span class='ocrx_word' id='word_1_146' title='bbox 1918 2016 2016 2072; x_wconf 89' lang='lat' dir='ltr'><strong>per</strong></span> <span class='ocrx_word' id='word_1_147' title='bbox 2035 1997 2214 2054; x_wconf 84' lang='lat' dir='ltr'><strong>omnia</strong></span> 
     </span>
    </p>
   </div>
   <div class='ocr_carea' id='block_1_22' title="bbox 615 2085 2212 2180">
    <p class='ocr_par' dir='ltr' id='par_1_22' title="bbox 615 2085 2212 2180">
     <span class='ocr_line' id='line_1_22' title="bbox 615 2085 2212 2180; baseline -0.015 -16"><span class='ocrx_word' id='word_1_148' title='bbox 615 2110 815 2180; x_wconf 89' lang='lat' dir='ltr'><strong>dignos</strong></span> <span class='ocrx_word' id='word_1_149' title='bbox 832 2107 950 2161; x_wconf 85' lang='lat' dir='ltr'><strong>fore</strong></span> <span class='ocrx_word' id='word_1_150' title='bbox 963 2085 1369 2176; x_wconf 77' lang='lat' dir='ltr'><strong>cognoscimus,</strong></span> <span class='ocrx_word' id='word_1_151' title='bbox 1392 2097 1521 2168; x_wconf 86' lang='lat' dir='ltr'><strong>quia</strong></span> <span class='ocrx_word' id='word_1_152' title='bbox 1541 2093 1853 2150; x_wconf 91' lang='lat' dir='ltr'><strong>membrum</strong></span> <span class='ocrx_word' id='word_1_153' title='bbox 1868 2087 2120 2160; x_wconf 88' lang='lat' dir='ltr'><strong>corporis</strong></span> <span class='ocrx_word' id='word_1_154' title='bbox 2135 2085 2212 2141; x_wconf 91' lang='lat' dir='ltr'><strong>tui</strong></span> 
     </span>
    </p>
   </div>
   <div class='ocr_carea' id='block_1_23' title="bbox 615 2175 2212 2263">
    <p class='ocr_par' dir='ltr' id='par_1_23' title="bbox 615 2175 2212 2263">
     <span class='ocr_line' id='line_1_23' title="bbox 615 2175 2212 2263; baseline -0.015 -11"><span class='ocrx_word' id='word_1_155' title='bbox 615 2175 786 2252; x_wconf 74' lang='lat' dir='ltr'><strong>multo</strong></span> <span class='ocrx_word' id='word_1_156' title='bbox 817 2175 1069 2263; x_wconf 82' lang='lat' dir='ltr'><strong>contagio</strong></span> <span class='ocrx_word' id='word_1_157' title='bbox 1097 2189 1274 2245; x_wconf 87' lang='lat' dir='ltr'><strong>fetens</strong></span> <span class='ocrx_word' id='word_1_158' title='bbox 1293 2186 1526 2241; x_wconf 86' lang='lat' dir='ltr'><strong>libenter</strong></span> <span class='ocrx_word' id='word_1_159' title='bbox 1573 2180 1861 2238; x_wconf 80' lang='lat' dir='ltr'><strong>abscidere</strong></span> <span class='ocrx_word' id='word_1_160' title='bbox 1908 2175 2212 2252; x_wconf 70' lang='lat' dir='ltr'><strong>proculque</strong></span> 
     </span>
    </p>
   </div>
   <div class='ocr_carea' id='block_1_24' title="bbox 617 2264 2212 2353">
    <p class='ocr_par' dir='ltr' id='par_1_24' title="bbox 617 2264 2212 2353">
     <span class='ocr_line' id='line_1_24' title="bbox 617 2264 2212 2353; baseline -0.015 -14"><span class='ocrx_word' id='word_1_161' title='bbox 617 2284 854 2353; x_wconf 87' lang='lat' dir='ltr'><strong>abjicere</strong></span> <span class='ocrx_word' id='word_1_162' title='bbox 894 2279 1154 2336; x_wconf 80' lang='lat' dir='ltr'><strong>sanctitas</strong></span> <span class='ocrx_word' id='word_1_163' title='bbox 1205 2285 1296 2330; x_wconf 91' lang='lat' dir='ltr'><strong>tua</strong></span> <span class='ocrx_word' id='word_1_164' title='bbox 1345 2272 1491 2328; x_wconf 82' lang='lat' dir='ltr'><strong>ﬁdeli</strong></span> <span class='ocrx_word' id='word_1_165' title='bbox 1537 2268 1827 2326; x_wconf 86' lang='lat' dir='ltr'><strong>devotione</strong></span> <span class='ocrx_word' id='word_1_166' title='bbox 1870 2264 2078 2322; x_wconf 87' lang='lat' dir='ltr'><strong>curavit</strong></span> <span class='ocrx_word' id='word_1_167' title='bbox 2111 2279 2124 2315; x_wconf 94' lang='lat'>:</span> <span class='ocrx_word' id='word_1_168' title='bbox 2158 2269 2212 2316; x_wconf 91' lang='lat' dir='ltr'><strong>et</strong></span> 
     </span>
    </p>
   </div>
   <div class='ocr_carea' id='block_1_25' title="bbox 563 2353 2212 2444">
    <p class='ocr_par' dir='ltr' id='par_1_25' title="bbox 563 2353 2212 2444">
     <span class='ocr_line' id='line_1_25' title="bbox 563 2353 2212 2444; baseline -0.015 -16"><span class='ocrx_word' id='word_1_169' title='bbox 563 2401 572 2410; x_wconf 89' lang='lat'><strong>-</strong></span> <span class='ocrx_word' id='word_1_170' title='bbox 613 2371 742 2444; x_wconf 86' lang='lat' dir='ltr'><strong>quia</strong></span> <span class='ocrx_word' id='word_1_171' title='bbox 783 2381 1104 2438; x_wconf 89' lang='lat' dir='ltr'><strong>nuncusque</strong></span> <span class='ocrx_word' id='word_1_172' title='bbox 1133 2363 1266 2419; x_wconf 89' lang='lat' dir='ltr'><strong>viris</strong></span> <span class='ocrx_word' id='word_1_173' title='bbox 1310 2359 1663 2416; x_wconf 73' lang='lat' dir='ltr'><strong>saecularibus</strong></span> <span class='ocrx_word' id='word_1_174' title='bbox 1705 2353 2004 2411; x_wconf 90' lang='lat' dir='ltr'><strong>secundum</strong></span> <span class='ocrx_word' id='word_1_175' title='bbox 2047 2366 2126 2416; x_wconf 87' lang='lat' dir='ltr'><strong>se,</strong></span> <span class='ocrx_word' id='word_1_176' title='bbox 2159 2357 2212 2404; x_wconf 90' lang='lat' dir='ltr'><strong>et</strong></span> 
     </span>
    </p>
   </div>
   <div class='ocr_carea' id='block_1_26' title="bbox 611 2439 2211 2516">
    <p class='ocr_par' dir='ltr' id='par_1_26' title="bbox 611 2439 2211 2516">
     <span class='ocr_line' id='line_1_26' title="bbox 611 2439 2211 2516; baseline -0.015 -1"><span class='ocrx_word' id='word_1_177' title='bbox 611 2439 722 2515; x_wconf 79' lang='lat' dir='ltr'><strong>non</strong></span> <span class='ocrx_word' id='word_1_178' title='bbox 749 2455 1049 2514; x_wconf 90' lang='lat' dir='ltr'><strong>secundum</strong></span> <span class='ocrx_word' id='word_1_179' title='bbox 1079 2453 1254 2508; x_wconf 89' lang='lat' dir='ltr'><strong>Deum</strong></span> <span class='ocrx_word' id='word_1_180' title='bbox 1278 2450 1336 2504; x_wconf 91' lang='lat' dir='ltr'><strong>in</strong></span> <span class='ocrx_word' id='word_1_181' title='bbox 1364 2448 1501 2503; x_wconf 87' lang='lat' dir='ltr'><strong>urbe</strong></span> <span class='ocrx_word' id='word_1_182' title='bbox 1520 2443 1876 2516; x_wconf 88' lang='lat' dir='ltr'><strong>Neapolitana</strong></span> <span class='ocrx_word' id='word_1_183' title='bbox 1898 2439 2211 2512; x_wconf 88' lang='lat' dir='ltr'><strong>principan-</strong></span> 
     </span>
    </p>
   </div>
   <div class='ocr_carea' id='block_1_27' title="bbox 611 2527 2208 2612">
    <p class='ocr_par' dir='ltr' id='par_1_27' title="bbox 611 2527 2208 2612">
     <span class='ocr_line' id='line_1_27' title="bbox 611 2527 2208 2612; baseline -0.016 -9"><span class='ocrx_word' id='word_1_184' title='bbox 611 2547 776 2612; x_wconf 90' lang='lat' dir='ltr'><strong>tibus,</strong></span> <span class='ocrx_word' id='word_1_185' title='bbox 799 2543 971 2600; x_wconf 90' lang='lat' dir='ltr'><strong>multa</strong></span> <span class='ocrx_word' id='word_1_186' title='bbox 999 2539 1258 2596; x_wconf 80' lang='lat' dir='ltr'><strong>scandala</strong></span> <span class='ocrx_word' id='word_1_187' title='bbox 1285 2544 1340 2592; x_wconf 91' lang='lat' dir='ltr'><strong>et</strong></span> <span class='ocrx_word' id='word_1_188' title='bbox 1367 2531 1802 2606; x_wconf 87' lang='lat' dir='ltr'><strong>perturbationes</strong></span> <span class='ocrx_word' id='word_1_189' title='bbox 1840 2527 2057 2594; x_wconf 88' lang='lat' dir='ltr'><strong>multas,</strong></span> <span class='ocrx_word' id='word_1_190' title='bbox 2103 2527 2208 2579; x_wconf 94' lang='lat' dir='ltr'><strong>ho-</strong></span> 
     </span>
    </p>
   </div>
   <div class='ocr_carea' id='block_1_28' title="bbox 608 2611 2209 2691">
    <p class='ocr_par' dir='ltr' id='par_1_28' title="bbox 608 2611 2209 2691">
     <span class='ocr_line' id='line_1_28' title="bbox 608 2611 2209 2691; baseline -0.015 -1"><span class='ocrx_word' id='word_1_191' title='bbox 608 2633 832 2691; x_wconf 89' lang='lat' dir='ltr'><strong>micidia</strong></span> <span class='ocrx_word' id='word_1_192' title='bbox 875 2639 928 2687; x_wconf 89' lang='lat' dir='ltr'><strong>et</strong></span> <span class='ocrx_word' id='word_1_193' title='bbox 963 2628 1249 2686; x_wconf 89' lang='lat' dir='ltr'><strong>oculorum</strong></span> <span class='ocrx_word' id='word_1_194' title='bbox 1293 2623 1568 2680; x_wconf 89' lang='lat' dir='ltr'><strong>erutiones</strong></span> <span class='ocrx_word' id='word_1_195' title='bbox 1605 2619 1746 2674; x_wconf 90' lang='lat' dir='ltr'><strong>intra</strong></span> <span class='ocrx_word' id='word_1_196' title='bbox 1790 2633 1906 2673; x_wconf 87' lang='lat' dir='ltr'><strong>eam</strong></span> <span class='ocrx_word' id='word_1_197' title='bbox 1956 2613 2044 2671; x_wconf 90' lang='lat' dir='ltr'><strong>vel</strong></span> <span class='ocrx_word' id='word_1_198' title='bbox 2079 2611 2209 2668; x_wconf 86' lang='lat' dir='ltr'><strong>foris</strong></span> 
     </span>
    </p>
   </div>
   <div class='ocr_carea' id='block_1_29' title="bbox 609 2702 2204 2793">
    <p class='ocr_par' dir='ltr' id='par_1_29' title="bbox 609 2702 2204 2793">
     <span class='ocr_line' id='line_1_29' title="bbox 609 2702 2204 2793; baseline -0.014 -16"><span class='ocrx_word' id='word_1_199' title='bbox 609 2719 1019 2793; x_wconf 84' lang='lat' dir='ltr'><strong>peragentibus,</strong></span> <span class='ocrx_word' id='word_1_200' title='bbox 1063 2715 1292 2788; x_wconf 85' lang='lat' dir='ltr'><strong>dignum</strong></span> <span class='ocrx_word' id='word_1_201' title='bbox 1334 2712 1454 2766; x_wconf 91' lang='lat' dir='ltr'><strong>Deo</strong></span> <span class='ocrx_word' id='word_1_202' title='bbox 1494 2709 1564 2764; x_wconf 90' lang='lat' dir='ltr'><strong>de</strong></span> <span class='ocrx_word' id='word_1_203' title='bbox 1598 2707 1683 2762; x_wconf 91' lang='lat' dir='ltr'><strong>his</strong></span> <span class='ocrx_word' id='word_1_204' title='bbox 1725 2706 1870 2774; x_wconf 89' lang='lat' dir='ltr'><strong>juste</strong></span> <span class='ocrx_word' id='word_1_205' title='bbox 1909 2702 2204 2773; x_wconf 87' lang='lat' dir='ltr'><strong>judicante,</strong></span> 
     </span>
    </p>
   </div>
   <div class='ocr_carea' id='block_1_30' title="bbox 610 2789 2203 2881">
    <p class='ocr_par' dir='ltr' id='par_1_30' title="bbox 610 2789 2203 2881">
     <span class='ocr_line' id='line_1_30' title="bbox 610 2789 2203 2881; baseline -0.015 -16"><span class='ocrx_word' id='word_1_206' title='bbox 610 2789 888 2881; x_wconf 77' lang='lat' dir='ltr'><strong>peractum</strong></span> <span class='ocrx_word' id='word_1_207' title='bbox 941 2812 1026 2860; x_wconf 90' lang='lat' dir='ltr'><strong>est</strong></span> <span class='ocrx_word' id='word_1_208' title='bbox 1072 2811 1130 2858; x_wconf 91' lang='lat' dir='ltr'><strong>ut</strong></span> <span class='ocrx_word' id='word_1_209' title='bbox 1159 2801 1344 2872; x_wconf 89' lang='lat' dir='ltr'><strong>iniqua</strong></span> <span class='ocrx_word' id='word_1_210' title='bbox 1399 2797 1512 2867; x_wconf 80' lang='lat' dir='ltr'><strong>jam</strong></span> <span class='ocrx_word' id='word_1_211' title='bbox 1569 2800 1813 2851; x_wconf 82' lang='lat' dir='ltr'><strong>cesserat</strong></span> <span class='ocrx_word' id='word_1_212' title='bbox 1884 2789 2203 2855; x_wconf 83' lang='lat' dir='ltr'><strong>dominatio,</strong></span> 
     </span>
    </p>
   </div>
   <div class='ocr_carea' id='block_1_31' title="bbox 605 2877 2206 2962">
    <p class='ocr_par' dir='ltr' id='par_1_31' title="bbox 605 2877 2206 2962">
     <span class='ocr_line' id='line_1_31' title="bbox 605 2877 2206 2962; baseline -0.014 -10"><span class='ocrx_word' id='word_1_213' title='bbox 605 2877 774 2952; x_wconf 63' lang='lat' dir='ltr'><strong>tinem</strong></span> <span class='ocrx_word' id='word_1_214' title='bbox 802 2894 1030 2949; x_wconf 83' lang='lat' dir='ltr'><strong>haberet</strong></span> <span class='ocrx_word' id='word_1_215' title='bbox 1057 2897 1338 2962; x_wconf 88' lang='lat' dir='ltr'><strong>peccatum</strong></span> <span class='ocrx_word' id='word_1_216' title='bbox 1373 2893 1426 2942; x_wconf 90' lang='lat' dir='ltr'><strong>et</strong></span> <span class='ocrx_word' id='word_1_217' title='bbox 1445 2887 1804 2952; x_wconf 79' lang='lat' dir='ltr'><strong>consurgeret</strong></span> <span class='ocrx_word' id='word_1_218' title='bbox 1833 2879 1914 2934; x_wconf 89' lang='lat' dir='ltr'><strong>vir</strong></span> <span class='ocrx_word' id='word_1_219' title='bbox 1935 2878 2006 2932; x_wconf 90' lang='lat' dir='ltr'><strong>de</strong></span> <span class='ocrx_word' id='word_1_220' title='bbox 2042 2877 2206 2931; x_wconf 90' lang='lat' dir='ltr'><strong>domo</strong></span> 
     </span>
    </p>
   </div>
   <div class='ocr_carea' id='block_1_32' title="bbox 604 2965 2206 3052">
    <p class='ocr_par' dir='ltr' id='par_1_32' title="bbox 604 2965 2206 3052">
     <span class='ocr_line' id='line_1_32' title="bbox 604 2965 2206 3052; baseline -0.015 -12"><span class='ocrx_word' id='word_1_221' title='bbox 604 2981 841 3046; x_wconf 90' lang='lat' dir='ltr'><strong>Domini,</strong></span> <span class='ocrx_word' id='word_1_222' title='bbox 865 2980 957 3052; x_wconf 88' lang='lat' dir='ltr'><strong>qui</strong></span> <span class='ocrx_word' id='word_1_223' title='bbox 989 2979 1239 3033; x_wconf 86' lang='lat' dir='ltr'><strong>timorem</strong></span> <span class='ocrx_word' id='word_1_224' title='bbox 1271 2972 1370 3030; x_wconf 90' lang='lat' dir='ltr'><strong>Dei</strong></span> <span class='ocrx_word' id='word_1_225' title='bbox 1398 2987 1514 3043; x_wconf 71' lang='lat' dir='ltr'><strong>prae</strong></span> <span class='ocrx_word' id='word_1_226' title='bbox 1564 2967 1738 3025; x_wconf 90' lang='lat' dir='ltr'><strong>oculis</strong></span> <span class='ocrx_word' id='word_1_227' title='bbox 1781 2965 1990 3020; x_wconf 88' lang='lat' dir='ltr'><strong>habens</strong></span> <span class='ocrx_word' id='word_1_228' title='bbox 2050 2969 2206 3034; x_wconf 87' lang='lat' dir='ltr'><strong>regat</strong></span> 
     </span>
    </p>
   </div>
   <div class='ocr_carea' id='block_1_33' title="bbox 1812 239 2549 304">
    <p class='ocr_par' dir='ltr' id='par_1_33' title="bbox 1812 239 2549 304">
     <span class='ocr_line' id='line_1_33' title="bbox 1812 239 2549 304; baseline -0.018 0"><span class='ocrx_word' id='word_1_229' title='bbox 1812 247 2040 304; x_wconf 77' lang='lat' dir='ltr'><strong>JOANN</strong></span> <span class='ocrx_word' id='word_1_230' title='bbox 2046 245 2108 300; x_wconf 91' lang='lat' dir='ltr'><strong>IS</strong></span> <span class='ocrx_word' id='word_1_231' title='bbox 2161 241 2352 298; x_wconf 66' lang='lat' dir='ltr'><strong>PAPJE</strong></span> <span class='ocrx_word' id='word_1_232' title='bbox 2411 239 2549 294; x_wconf 82' lang='lat' dir='ltr'><strong>VIII.</strong></span> 
     </span>
    </p>
   </div>
   <div class='ocr_carea' id='block_1_34' title="bbox 3797 217 3898 270">
    <p class='ocr_par' dir='ltr' id='par_1_34' title="bbox 3797 217 3898 270">
     <span class='ocr_line' id='line_1_34' title="bbox 3797 217 3898 270; baseline -0.03 1"><span class='ocrx_word' id='word_1_233' title='bbox 3797 217 3898 270; x_wconf 70' lang='grc' dir='ltr'><strong>7η</strong></span> 
     </span>
    </p>
   </div>
   <div class='ocr_carea' id='block_1_35' title="bbox 2301 337 3898 420">
    <p class='ocr_par' dir='ltr' id='par_1_35' title="bbox 2301 337 3898 420">
     <span class='ocr_line' id='line_1_35' title="bbox 2301 337 3898 420; baseline -0.017 -1"><span class='ocrx_word' id='word_1_234' title='bbox 2301 372 2354 419; x_wconf 90' lang='lat' dir='ltr'><strong>et</strong></span> <span class='ocrx_word' id='word_1_235' title='bbox 2382 363 2707 418; x_wconf 87' lang='lat' dir='ltr'><strong>salvatorem</strong></span> <span class='ocrx_word' id='word_1_236' title='bbox 2767 353 2953 409; x_wconf 88' lang='lat' dir='ltr'><strong>mundi</strong></span> <span class='ocrx_word' id='word_1_237' title='bbox 2983 359 3144 420; x_wconf 89' lang='lat' dir='ltr'><strong>atque</strong></span> <span class='ocrx_word' id='word_1_238' title='bbox 3171 363 3304 420; x_wconf 85' lang='lat' dir='ltr'><strong>erga</strong></span> <span class='ocrx_word' id='word_1_239' title='bbox 3345 343 3649 401; x_wconf 87' lang='lat' dir='ltr'><strong>Ecclesiam</strong></span> <span class='ocrx_word' id='word_1_240' title='bbox 3695 337 3898 395; x_wconf 88' lang='lat' dir='ltr'><strong>Christi</strong></span> 
     </span>
    </p>
   </div>
   <div class='ocr_carea' id='block_1_36' title="bbox 2303 433 3894 512">
    <p class='ocr_par' dir='ltr' id='par_1_36' title="bbox 2303 433 3894 512">
     <span class='ocr_line' id='line_1_36' title="bbox 2303 433 3894 512; baseline -0.017 -5"><span class='ocrx_word' id='word_1_241' title='bbox 2303 449 2577 512; x_wconf 86' lang='lat' dir='ltr'><strong>ferveatis,</strong></span> <span class='ocrx_word' id='word_1_242' title='bbox 2609 447 2730 501; x_wconf 92' lang='lat' dir='ltr'><strong>luce</strong></span> <span class='ocrx_word' id='word_1_243' title='bbox 2759 441 2957 499; x_wconf 91' lang='lat' dir='ltr'><strong>clarius</strong></span> <span class='ocrx_word' id='word_1_244' title='bbox 2977 453 3107 494; x_wconf 90' lang='lat' dir='ltr'><strong>ecce</strong></span> <span class='ocrx_word' id='word_1_245' title='bbox 3123 433 3529 508; x_wconf 84' lang='lat' dir='ltr'><strong>cognoscimus,</strong></span> <span class='ocrx_word' id='word_1_246' title='bbox 3564 445 3689 486; x_wconf 93' lang='lat' dir='ltr'><strong>cum</strong></span> <span class='ocrx_word' id='word_1_247' title='bbox 3733 435 3894 482; x_wconf 65' lang='lat' dir='ltr'><strong>tanta:</strong></span> 
     </span>
    </p>
   </div>
   <div class='ocr_carea' id='block_1_37' title="bbox 2302 517 3896 610">
    <p class='ocr_par' dir='ltr' id='par_1_37' title="bbox 2302 517 3896 610">
     <span class='ocr_line' id='line_1_37' title="bbox 2302 517 3896 610; baseline -0.018 -15"><span class='ocrx_word' id='word_1_248' title='bbox 2302 537 2592 610; x_wconf 86' lang='lat' dir='ltr'><strong>impietatis</strong></span> <span class='ocrx_word' id='word_1_249' title='bbox 2637 533 2830 596; x_wconf 89' lang='lat' dir='ltr'><strong>virum,</strong></span> <span class='ocrx_word' id='word_1_250' title='bbox 2877 525 3198 600; x_wconf 86' lang='lat' dir='ltr'><strong>perditionis</strong></span> <span class='ocrx_word' id='word_1_251' title='bbox 3249 522 3454 579; x_wconf 85' lang='lat' dir='ltr'><strong>scilicet</strong></span> <span class='ocrx_word' id='word_1_252' title='bbox 3490 517 3680 583; x_wconf 83' lang='lat' dir='ltr'><strong>ﬁlium,</strong></span> <span class='ocrx_word' id='word_1_253' title='bbox 3713 523 3768 570; x_wconf 89' lang='lat' dir='ltr'><strong>et</strong></span> <span class='ocrx_word' id='word_1_254' title='bbox 3811 522 3896 569; x_wconf 85' lang='lat' dir='ltr'><strong>to-</strong></span> 
     </span>
    </p>
   </div>
   <div class='ocr_carea' id='block_1_38' title="bbox 2302 603 3896 696">
    <p class='ocr_par' dir='ltr' id='par_1_38' title="bbox 2302 603 3896 696">
     <span class='ocr_line' id='line_1_38' title="bbox 2302 603 3896 696; baseline -0.016 -14"><span class='ocrx_word' id='word_1_255' title='bbox 2302 628 2409 682; x_wconf 83' lang='lat' dir='ltr'><strong>tius</strong></span> <span class='ocrx_word' id='word_1_256' title='bbox 2456 612 2754 696; x_wconf 79' lang='lat' dir='ltr'><strong>iniquitatis</strong></span> <span class='ocrx_word' id='word_1_257' title='bbox 2796 635 2890 674; x_wconf 87' lang='lat' dir='ltr'><strong>vas</strong></span> <span class='ocrx_word' id='word_1_258' title='bbox 2931 615 3085 671; x_wconf 84' lang='lat' dir='ltr'><strong>vobis</strong></span> <span class='ocrx_word' id='word_1_259' title='bbox 3139 612 3321 683; x_wconf 89' lang='lat' dir='ltr'><strong>inique</strong></span> <span class='ocrx_word' id='word_1_260' title='bbox 3359 609 3735 665; x_wconf 85' lang='lat' dir='ltr'><strong>dominantem</strong></span> <span class='ocrx_word' id='word_1_261' title='bbox 3767 603 3896 658; x_wconf 88' lang='lat' dir='ltr'><strong>Ser-</strong></span> 
     </span>
    </p>
   </div>
   <div class='ocr_carea' id='block_1_39' title="bbox 2303 691 3906 788">
    <p class='ocr_par' dir='ltr' id='par_1_39' title="bbox 2303 691 3906 788">
     <span class='ocr_line' id='line_1_39' title="bbox 2303 691 3906 788; baseline -0.017 -18"><span class='ocrx_word' id='word_1_262' title='bbox 2303 715 2449 788; x_wconf 88' lang='lat' dir='ltr'><strong>gium</strong></span> <span class='ocrx_word' id='word_1_263' title='bbox 2481 727 2678 781; x_wconf 90' lang='lat' dir='ltr'><strong>nempe</strong></span> <span class='ocrx_word' id='word_1_264' title='bbox 2697 707 3019 778; x_wconf 87' lang='lat' dir='ltr'><strong>magistrum</strong></span> <span class='ocrx_word' id='word_1_265' title='bbox 3048 703 3295 764; x_wconf 88' lang='lat' dir='ltr'><strong>militum,</strong></span> <span class='ocrx_word' id='word_1_266' title='bbox 3317 697 3614 754; x_wconf 89' lang='lat' dir='ltr'><strong>secundum</strong></span> <span class='ocrx_word' id='word_1_267' title='bbox 3648 691 3906 747; x_wconf 88' lang='lat' dir='ltr'><strong>videlicet</strong></span> 
     </span>
    </p>
   </div>
   <div class='ocr_carea' id='block_1_40' title="bbox 2304 778 3907 866">
    <p class='ocr_par' dir='ltr' id='par_1_40' title="bbox 2304 778 3907 866">
     <span class='ocr_line' id='line_1_40' title="bbox 2304 778 3907 866; baseline -0.016 -9"><span class='ocrx_word' id='word_1_268' title='bbox 2304 778 2670 863; x_wconf 62' lang='lat' dir='ltr'><strong>ﬁolofernem,</strong></span> <span class='ocrx_word' id='word_1_269' title='bbox 2714 796 2829 851; x_wconf 87' lang='lat' dir='ltr'><strong>zelo</strong></span> <span class='ocrx_word' id='word_1_270' title='bbox 2867 791 3060 866; x_wconf 86' lang='lat' dir='ltr'><strong>repleti</strong></span> <span class='ocrx_word' id='word_1_271' title='bbox 3123 788 3330 852; x_wconf 90' lang='lat' dir='ltr'><strong>divino,</strong></span> <span class='ocrx_word' id='word_1_272' title='bbox 3379 785 3612 854; x_wconf 86' lang='lat' dir='ltr'><strong>abjicere</strong></span> <span class='ocrx_word' id='word_1_273' title='bbox 3655 797 3720 836; x_wconf 85' lang='lat' dir='ltr'><strong>ac</strong></span> <span class='ocrx_word' id='word_1_274' title='bbox 3758 778 3907 834; x_wconf 88' lang='lat' dir='ltr'><strong>velut</strong></span> 
     </span>
    </p>
   </div>
   <div class='ocr_carea' id='block_1_41' title="bbox 2305 871 3905 949">
    <p class='ocr_par' dir='ltr' id='par_1_41' title="bbox 2305 871 3905 949">
     <span class='ocr_line' id='line_1_41' title="bbox 2305 871 3905 949; baseline -0.016 -4"><span class='ocrx_word' id='word_1_275' title='bbox 2305 889 2614 944; x_wconf 87' lang='lat' dir='ltr'><strong>membrum</strong></span> <span class='ocrx_word' id='word_1_276' title='bbox 2643 883 2870 939; x_wconf 83' lang='lat' dir='ltr'><strong>fetidum</strong></span> <span class='ocrx_word' id='word_1_277' title='bbox 2889 898 2922 936; x_wconf 88' lang='lat' dir='ltr'><strong>a</strong></span> <span class='ocrx_word' id='word_1_278' title='bbox 2951 893 3177 949; x_wconf 88' lang='lat' dir='ltr'><strong>corpore</strong></span> <span class='ocrx_word' id='word_1_279' title='bbox 3207 873 3408 931; x_wconf 87' lang='lat' dir='ltr'><strong>Christi</strong></span> <span class='ocrx_word' id='word_1_280' title='bbox 3434 871 3746 935; x_wconf 86' lang='lat' dir='ltr'><strong>abscidere,</strong></span> <span class='ocrx_word' id='word_1_281' title='bbox 3770 881 3905 937; x_wconf 87' lang='lat' dir='ltr'><strong>pro-</strong></span> 
     </span>
    </p>
   </div>
   <div class='ocr_carea' id='block_1_42' title="bbox 2309 959 3910 1048">
    <p class='ocr_par' dir='ltr' id='par_1_42' title="bbox 2309 959 3910 1048">
     <span class='ocr_line' id='line_1_42' title="bbox 2309 959 3910 1048; baseline -0.016 -15"><span class='ocrx_word' id='word_1_282' title='bbox 2309 979 2502 1048; x_wconf 90' lang='lat' dir='ltr'><strong>culque</strong></span> <span class='ocrx_word' id='word_1_283' title='bbox 2532 975 2768 1043; x_wconf 88' lang='lat' dir='ltr'><strong>abjicere</strong></span> <span class='ocrx_word' id='word_1_284' title='bbox 2797 967 3066 1035; x_wconf 87' lang='lat' dir='ltr'><strong>studuisti,</strong></span> <span class='ocrx_word' id='word_1_285' title='bbox 3093 964 3390 1020; x_wconf 90' lang='lat' dir='ltr'><strong>secundum</strong></span> <span class='ocrx_word' id='word_1_286' title='bbox 3438 959 3654 1016; x_wconf 89' lang='lat' dir='ltr'><strong>Domini</strong></span> <span class='ocrx_word' id='word_1_287' title='bbox 3696 969 3910 1027; x_wconf 68' lang='lat' dir='ltr'><strong>praece-</strong></span> 
     </span>
    </p>
   </div>
   <div class='ocr_carea' id='block_1_43' title="bbox 2307 1051 3900 1136">
    <p class='ocr_par' dir='ltr' id='par_1_43' title="bbox 2307 1051 3900 1136">
     <span class='ocr_line' id='line_1_43' title="bbox 2307 1051 3900 1136; baseline -0.016 -16"><span class='ocrx_word' id='word_1_288' title='bbox 2307 1073 2460 1136; x_wconf 91' lang='lat' dir='ltr'><strong>ptum</strong></span> <span class='ocrx_word' id='word_1_289' title='bbox 2489 1061 2719 1118; x_wconf 87' lang='lat' dir='ltr'><strong>dicentis</strong></span> <span class='ocrx_word' id='word_1_290' title='bbox 2749 1077 2761 1114; x_wconf 92' lang='lat'><strong>:</strong></span> <span class='ocrx_word' id='word_1_291' title='bbox 2800 1058 3060 1115; x_wconf 84' lang='lat' dir='ltr'><strong>Sioculus</strong></span> <span class='ocrx_word' id='word_1_292' title='bbox 3085 1059 3237 1118; x_wconf 77' lang='lat' dir='ltr'><strong>tuus,</strong></span> <span class='ocrx_word' id='word_1_293' title='bbox 3272 1053 3358 1107; x_wconf 84' lang='lat' dir='ltr'><strong>vel</strong></span> <span class='ocrx_word' id='word_1_294' title='bbox 3389 1065 3595 1105; x_wconf 72' lang='lat' dir='ltr'><strong>manus</strong></span> <span class='ocrx_word' id='word_1_295' title='bbox 3611 1051 3900 1102; x_wconf 80' lang='lat' dir='ltr'><strong>tuascan-</strong></span> 
     </span>
    </p>
   </div>
   <div class='ocr_carea' id='block_1_44' title="bbox 2308 1136 3906 1214">
    <p class='ocr_par' dir='ltr' id='par_1_44' title="bbox 2308 1136 3906 1214">
     <span class='ocr_line' id='line_1_44' title="bbox 2308 1136 3906 1214; baseline -0.011 -6"><span class='ocrx_word' id='word_1_296' title='bbox 2308 1153 2522 1208; x_wconf 74' lang='lat' dir='ltr'><strong>dalimt</strong></span> <span class='ocrx_word' id='word_1_297' title='bbox 2552 1155 2624 1214; x_wconf 85' lang='lat' dir='ltr'><strong>te,</strong></span> <span class='ocrx_word' id='word_1_298' title='bbox 2659 1163 2792 1204; x_wconf 86' lang='lat' dir='ltr'><strong>erue</strong></span> <span class='ocrx_word' id='word_1_299' title='bbox 2822 1163 2968 1209; x_wconf 88' lang='lat' dir='ltr'><strong>eam,</strong></span> <span class='ocrx_word' id='word_1_300' title='bbox 3010 1147 3066 1198; x_wconf 91' lang='lat' dir='ltr'><strong>et</strong></span> <span class='ocrx_word' id='word_1_301' title='bbox 3095 1143 3302 1214; x_wconf 84' lang='lat' dir='ltr'><strong>projice</strong></span> <span class='ocrx_word' id='word_1_302' title='bbox 3333 1156 3368 1194; x_wconf 91' lang='lat' dir='ltr'><strong><em>a</em></strong></span> <span class='ocrx_word' id='word_1_303' title='bbox 3401 1143 3452 1194; x_wconf 88' lang='lat' dir='ltr'><strong>te</strong></span> <span class='ocrx_word' id='word_1_304' title='bbox 3483 1136 3704 1208; x_wconf 78' lang='lat' dir='ltr'><strong>(Matth.</strong></span> <span class='ocrx_word' id='word_1_305' title='bbox 3736 1137 3818 1206; x_wconf 83' lang='lat' dir='ltr'><strong>v);</strong></span> <span class='ocrx_word' id='word_1_306' title='bbox 3851 1145 3906 1193; x_wconf 92' lang='lat' dir='ltr'><strong>et</strong></span> 
     </span>
    </p>
   </div>
   <div class='ocr_carea' id='block_1_45' title="bbox 2311 1225 3908 1314">
    <p class='ocr_par' dir='ltr' id='par_1_45' title="bbox 2311 1225 3908 1314">
     <span class='ocr_line' id='line_1_45' title="bbox 2311 1225 3908 1314; baseline -0.011 -18"><span class='ocrx_word' id='word_1_307' title='bbox 2311 1241 2435 1314; x_wconf 87' lang='lat' dir='ltr'><strong>quia</strong></span> <span class='ocrx_word' id='word_1_308' title='bbox 2463 1239 2557 1294; x_wconf 90' lang='lat' dir='ltr'><strong>illo</strong></span> <span class='ocrx_word' id='word_1_309' title='bbox 2587 1237 2820 1306; x_wconf 87' lang='lat' dir='ltr'><strong>abjeclo,</strong></span> <span class='ocrx_word' id='word_1_310' title='bbox 2846 1241 3120 1305; x_wconf 86' lang='lat' dir='ltr'><strong>pastorem</strong></span> <span class='ocrx_word' id='word_1_311' title='bbox 3152 1237 3205 1284; x_wconf 92' lang='lat' dir='ltr'><strong>et</strong></span> <span class='ocrx_word' id='word_1_312' title='bbox 3249 1226 3565 1299; x_wconf 89' lang='lat' dir='ltr'><strong>episcopum</strong></span> <span class='ocrx_word' id='word_1_313' title='bbox 3597 1225 3908 1280; x_wconf 86' lang='lat' dir='ltr'><strong>animarum</strong></span> 
     </span>
    </p>
   </div>
   <div class='ocr_carea' id='block_1_46' title="bbox 2313 1315 3908 1394">
    <p class='ocr_par' dir='ltr' id='par_1_46' title="bbox 2313 1315 3908 1394">
     <span class='ocr_line' id='line_1_46' title="bbox 2313 1315 3908 1394; baseline -0.01 -10"><span class='ocrx_word' id='word_1_314' title='bbox 2313 1337 2633 1394; x_wconf 88' lang='lat' dir='ltr'><strong>vestrarum,</strong></span> <span class='ocrx_word' id='word_1_315' title='bbox 2671 1320 3030 1380; x_wconf 83' lang='lat' dir='ltr'><strong>Athanasium</strong></span> <span class='ocrx_word' id='word_1_316' title='bbox 3071 1317 3342 1383; x_wconf 86' lang='lat' dir='ltr'><strong>videlicet,</strong></span> <span class='ocrx_word' id='word_1_317' title='bbox 3393 1315 3648 1370; x_wconf 88' lang='lat' dir='ltr'><strong>dilectum</strong></span> <span class='ocrx_word' id='word_1_318' title='bbox 3691 1323 3908 1369; x_wconf 88' lang='lat' dir='ltr'><strong>contra-</strong></span> 
     </span>
    </p>
   </div>
   <div class='ocr_carea' id='block_1_47' title="bbox 2309 1401 3905 1472">
    <p class='ocr_par' dir='ltr' id='par_1_47' title="bbox 2309 1401 3905 1472">
     <span class='ocr_line' id='line_1_47' title="bbox 2309 1401 3905 1472; baseline -0.01 0"><span class='ocrx_word' id='word_1_319' title='bbox 2309 1427 2445 1472; x_wconf 89' lang='lat' dir='ltr'><strong>trem</strong></span> <span class='ocrx_word' id='word_1_320' title='bbox 2474 1423 2527 1471; x_wconf 90' lang='lat' dir='ltr'><strong>et</strong></span> <span class='ocrx_word' id='word_1_321' title='bbox 2557 1413 2867 1470; x_wconf 89' lang='lat' dir='ltr'><strong>unanimem</strong></span> <span class='ocrx_word' id='word_1_322' title='bbox 2915 1407 3084 1463; x_wconf 84' lang='lat' dir='ltr'><strong>ﬁlium</strong></span> <span class='ocrx_word' id='word_1_323' title='bbox 3123 1413 3364 1460; x_wconf 90' lang='lat' dir='ltr'><strong>nostrum</strong></span> <span class='ocrx_word' id='word_1_324' title='bbox 3409 1403 3612 1457; x_wconf 89' lang='lat' dir='ltr'><strong>habere</strong></span> <span class='ocrx_word' id='word_1_325' title='bbox 3657 1401 3905 1470; x_wconf 89' lang='lat' dir='ltr'><strong>judicem</strong></span> 
     </span>
    </p>
   </div>
   <div class='ocr_carea' id='block_1_48' title="bbox 2313 1489 3913 1577">
    <p class='ocr_par' dir='ltr' id='par_1_48' title="bbox 2313 1489 3913 1577">
     <span class='ocr_line' id='line_1_48' title="bbox 2313 1489 3913 1577; baseline -0.009 -17"><span class='ocrx_word' id='word_1_326' title='bbox 2313 1504 2578 1577; x_wconf 82' lang='lat' dir='ltr'><strong>elegistis,</strong></span> <span class='ocrx_word' id='word_1_327' title='bbox 2640 1501 2952 1555; x_wconf 88' lang='lat' dir='ltr'><strong>innumeras</strong></span> <span class='ocrx_word' id='word_1_328' title='bbox 3013 1503 3206 1551; x_wconf 65' lang='lat' dir='ltr'><strong>vestrae</strong></span> <span class='ocrx_word' id='word_1_329' title='bbox 3253 1491 3464 1546; x_wconf 71' lang='lat' dir='ltr'><strong>dilectas</strong></span> <span class='ocrx_word' id='word_1_330' title='bbox 3499 1489 3802 1561; x_wconf 69' lang='lat' dir='ltr'><strong>prudentiae</strong></span> <span class='ocrx_word' id='word_1_331' title='bbox 3856 1499 3913 1545; x_wconf 88' lang='lat' dir='ltr'><strong>et</strong></span> 
     </span>
    </p>
   </div>
   <div class='ocr_carea' id='block_1_49' title="bbox 2313 1577 3898 1659">
    <p class='ocr_par' dir='ltr' id='par_1_49' title="bbox 2313 1577 3898 1659">
     <span class='ocr_line' id='line_1_49' title="bbox 2313 1577 3898 1659; baseline -0.01 -12"><span class='ocrx_word' id='word_1_332' title='bbox 2313 1591 2652 1648; x_wconf 86' lang='lat' dir='ltr'><strong>unanimitati</strong></span> <span class='ocrx_word' id='word_1_333' title='bbox 2683 1586 2889 1659; x_wconf 83' lang='lat' dir='ltr'><strong>gratias</strong></span> <span class='ocrx_word' id='word_1_334' title='bbox 2913 1583 3128 1656; x_wconf 84' lang='lat' dir='ltr'><strong>agimus</strong></span> <span class='ocrx_word' id='word_1_335' title='bbox 3160 1579 3434 1652; x_wconf 90' lang='lat' dir='ltr'><strong>quoniam,</strong></span> <span class='ocrx_word' id='word_1_336' title='bbox 3485 1577 3620 1633; x_wconf 89' lang='lat' dir='ltr'><strong>sicut</strong></span> <span class='ocrx_word' id='word_1_337' title='bbox 3666 1577 3767 1632; x_wconf 91' lang='lat' dir='ltr'><strong>Dei</strong></span> <span class='ocrx_word' id='word_1_338' title='bbox 3799 1577 3898 1631; x_wconf 91' lang='lat' dir='ltr'><strong>mi-</strong></span> 
     </span>
    </p>
   </div>
   <div class='ocr_carea' id='block_1_50' title="bbox 2233 1665 3911 1770">
    <p class='ocr_par' dir='ltr' id='par_1_50' title="bbox 2233 1665 3911 1770">
     <span class='ocr_line' id='line_1_50' title="bbox 2233 1665 3911 1770; baseline -0.011 -33"><span class='ocrx_word' id='word_1_339' title='bbox 2233 1710 2287 1770; x_wconf 84' lang='lat' dir='ltr'>B</span> <span class='ocrx_word' id='word_1_340' title='bbox 2314 1681 2502 1746; x_wconf 89' lang='lat' dir='ltr'><strong>nistri,</strong></span> <span class='ocrx_word' id='word_1_341' title='bbox 2533 1679 2666 1732; x_wconf 89' lang='lat' dir='ltr'><strong>iram</strong></span> <span class='ocrx_word' id='word_1_342' title='bbox 2717 1673 2935 1731; x_wconf 90' lang='lat' dir='ltr'><strong>Domini</strong></span> <span class='ocrx_word' id='word_1_343' title='bbox 2985 1669 3334 1736; x_wconf 85' lang='lat' dir='ltr'><strong>exercituum,</strong></span> <span class='ocrx_word' id='word_1_344' title='bbox 3389 1682 3508 1738; x_wconf 65' lang='lat' dir='ltr'><strong>quae</strong></span> <span class='ocrx_word' id='word_1_345' title='bbox 3529 1667 3644 1735; x_wconf 86' lang='lat' dir='ltr'><strong>jam</strong></span> <span class='ocrx_word' id='word_1_346' title='bbox 3701 1665 3911 1720; x_wconf 90' lang='lat' dir='ltr'><strong>meritis</strong></span> 
     </span>
    </p>
   </div>
   <div class='ocr_carea' id='block_1_51' title="bbox 2313 1753 3906 1829">
    <p class='ocr_par' dir='ltr' id='par_1_51' title="bbox 2313 1753 3906 1829">
     <span class='ocr_line' id='line_1_51' title="bbox 2313 1753 3906 1829; baseline -0.012 -4"><span class='ocrx_word' id='word_1_347' title='bbox 2313 1767 2631 1824; x_wconf 88' lang='lat' dir='ltr'><strong>imminebat</strong></span> <span class='ocrx_word' id='word_1_348' title='bbox 2675 1763 2838 1829; x_wconf 90' lang='lat' dir='ltr'><strong>illius,</strong></span> <span class='ocrx_word' id='word_1_349' title='bbox 2863 1761 2919 1814; x_wconf 92' lang='lat' dir='ltr'><strong>in</strong></span> <span class='ocrx_word' id='word_1_350' title='bbox 2947 1775 3012 1815; x_wconf 90' lang='lat' dir='ltr'><strong>eo</strong></span> <span class='ocrx_word' id='word_1_351' title='bbox 3062 1757 3247 1813; x_wconf 89' lang='lat' dir='ltr'><strong>ulcisci</strong></span> <span class='ocrx_word' id='word_1_352' title='bbox 3291 1753 3640 1827; x_wconf 89' lang='lat' dir='ltr'><strong>procurastis,</strong></span> <span class='ocrx_word' id='word_1_353' title='bbox 3683 1753 3777 1824; x_wconf 92' lang='lat' dir='ltr'><strong>qui</strong></span> <span class='ocrx_word' id='word_1_354' title='bbox 3819 1753 3906 1807; x_wconf 90' lang='lat' dir='ltr'><strong>ni-</strong></span> 
     </span>
    </p>
   </div>
   <div class='ocr_carea' id='block_1_52' title="bbox 2310 1841 3906 1914">
    <p class='ocr_par' dir='ltr' id='par_1_52' title="bbox 2310 1841 3906 1914">
     <span class='ocr_line' id='line_1_52' title="bbox 2310 1841 3906 1914; baseline -0.01 -2"><span class='ocrx_word' id='word_1_355' title='bbox 2310 1857 2512 1912; x_wconf 88' lang='lat' dir='ltr'><strong>mirum</strong></span> <span class='ocrx_word' id='word_1_356' title='bbox 2563 1853 2736 1908; x_wconf 87' lang='lat' dir='ltr'><strong>multa</strong></span> <span class='ocrx_word' id='word_1_357' title='bbox 2775 1858 2827 1905; x_wconf 91' lang='lat' dir='ltr'><strong>et</strong></span> <span class='ocrx_word' id='word_1_358' title='bbox 2854 1846 3097 1903; x_wconf 89' lang='lat' dir='ltr'><strong>inaudita</strong></span> <span class='ocrx_word' id='word_1_359' title='bbox 3141 1844 3282 1898; x_wconf 87' lang='lat' dir='ltr'><strong>mala</strong></span> <span class='ocrx_word' id='word_1_360' title='bbox 3330 1842 3453 1914; x_wconf 90' lang='lat' dir='ltr'><strong>plus</strong></span> <span class='ocrx_word' id='word_1_361' title='bbox 3497 1841 3685 1914; x_wconf 72' lang='lat' dir='ltr'><strong>quam}</strong></span> <span class='ocrx_word' id='word_1_362' title='bbox 3713 1857 3906 1896; x_wconf 86' lang='lat' dir='ltr'><strong>omnes</strong></span> 
     </span>
    </p>
   </div>
   <div class='ocr_carea' id='block_1_53' title="bbox 2312 1927 3908 2017">
    <p class='ocr_par' dir='ltr' id='par_1_53' title="bbox 2312 1927 3908 2017">
     <span class='ocr_line' id='line_1_53' title="bbox 2312 1927 3908 2017; baseline -0.01 -17"><span class='ocrx_word' id='word_1_363' title='bbox 2312 1953 2498 2017; x_wconf 86' lang='lat' dir='ltr'><strong>patres</strong></span> <span class='ocrx_word' id='word_1_364' title='bbox 2555 1957 2684 1996; x_wconf 92' lang='lat' dir='ltr'><strong>suos</strong></span> <span class='ocrx_word' id='word_1_365' title='bbox 2738 1939 2792 1993; x_wconf 92' lang='lat' dir='ltr'><strong>in</strong></span> <span class='ocrx_word' id='word_1_366' title='bbox 2850 1935 3065 1994; x_wconf 83' lang='lat' dir='ltr'><strong>civitate</strong></span> <span class='ocrx_word' id='word_1_367' title='bbox 3105 1931 3464 2003; x_wconf 90' lang='lat' dir='ltr'><strong>Neapolitana</strong></span> <span class='ocrx_word' id='word_1_368' title='bbox 3503 1938 3552 1985; x_wconf 88' lang='lat' dir='ltr'><strong>et</strong></span> <span class='ocrx_word' id='word_1_369' title='bbox 3605 1930 3662 1983; x_wconf 91' lang='lat' dir='ltr'><strong>in</strong></span> <span class='ocrx_word' id='word_1_370' title='bbox 3709 1927 3908 1984; x_wconf 85' lang='lat' dir='ltr'><strong>finibus</strong></span> 
     </span>
    </p>
   </div>
   <div class='ocr_carea' id='block_1_54' title="bbox 2313 2017 3913 2101">
    <p class='ocr_par' dir='ltr' id='par_1_54' title="bbox 2313 2017 3913 2101">
     <span class='ocr_line' id='line_1_54' title="bbox 2313 2017 3913 2101; baseline -0.011 -13"><span class='ocrx_word' id='word_1_371' title='bbox 2313 2032 2512 2090; x_wconf 87' lang='lat' dir='ltr'><strong>nostris</strong></span> <span class='ocrx_word' id='word_1_372' title='bbox 2547 2028 2798 2101; x_wconf 87' lang='lat' dir='ltr'><strong>nequiter</strong></span> <span class='ocrx_word' id='word_1_373' title='bbox 2825 2025 3002 2080; x_wconf 89' lang='lat' dir='ltr'><strong>facere</strong></span> <span class='ocrx_word' id='word_1_374' title='bbox 3031 2038 3140 2077; x_wconf 90' lang='lat' dir='ltr'><strong>non</strong></span> <span class='ocrx_word' id='word_1_375' title='bbox 3169 2019 3448 2085; x_wconf 86' lang='lat' dir='ltr'><strong>dubitavit,</strong></span> <span class='ocrx_word' id='word_1_376' title='bbox 3499 2033 3624 2074; x_wconf 89' lang='lat' dir='ltr'><strong>cum</strong></span> <span class='ocrx_word' id='word_1_377' title='bbox 3660 2017 3913 2072; x_wconf 82' lang='lat' dir='ltr'><strong>innume-</strong></span> 
     </span>
    </p>
   </div>
   <div class='ocr_carea' id='block_1_55' title="bbox 2312 2099 3908 2172">
    <p class='ocr_par' dir='ltr' id='par_1_55' title="bbox 2312 2099 3908 2172">
     <span class='ocr_line' id='line_1_55' title="bbox 2312 2099 3908 2172; baseline -0.011 0"><span class='ocrx_word' id='word_1_378' title='bbox 2312 2132 2428 2172; x_wconf 89' lang='lat' dir='ltr'><strong>ram</strong></span> <span class='ocrx_word' id='word_1_379' title='bbox 2456 2099 2739 2170; x_wconf 79' lang='lat' dir='ltr'><strong>hominum</strong></span> <span class='ocrx_word' id='word_1_380' title='bbox 2769 2105 3186 2170; x_wconf 83' lang='lat' dir='ltr'><strong>multitudinem,</strong></span> <span class='ocrx_word' id='word_1_381' title='bbox 3231 2101 3494 2156; x_wconf 82' lang='lat' dir='ltr'><strong>infantum</strong></span> <span class='ocrx_word' id='word_1_382' title='bbox 3522 2108 3575 2156; x_wconf 89' lang='lat' dir='ltr'><strong>et</strong></span> <span class='ocrx_word' id='word_1_383' title='bbox 3617 2099 3908 2154; x_wconf 89' lang='lat' dir='ltr'><strong>mulierum</strong></span> 
     </span>
    </p>
   </div>
   <div class='ocr_carea' id='block_1_56' title="bbox 2311 2187 3914 2272">
    <p class='ocr_par' dir='ltr' id='par_1_56' title="bbox 2311 2187 3914 2272">
     <span class='ocr_line' id='line_1_56' title="bbox 2311 2187 3914 2272; baseline -0.012 -12"><span class='ocrx_word' id='word_1_384' title='bbox 2311 2213 2588 2261; x_wconf 85' lang='lat' dir='ltr'><strong>catervam</strong></span> <span class='ocrx_word' id='word_1_385' title='bbox 2631 2197 2834 2272; x_wconf 90' lang='lat' dir='ltr'><strong>gladio,</strong></span> <span class='ocrx_word' id='word_1_386' title='bbox 2867 2194 3012 2250; x_wconf 85' lang='lat' dir='ltr'><strong>fame</strong></span> <span class='ocrx_word' id='word_1_387' title='bbox 3061 2201 3223 2264; x_wconf 90' lang='lat' dir='ltr'><strong>atque</strong></span> <span class='ocrx_word' id='word_1_388' title='bbox 3269 2189 3573 2261; x_wconf 87' lang='lat' dir='ltr'><strong>captivitate</strong></span> <span class='ocrx_word' id='word_1_389' title='bbox 3617 2187 3914 2243; x_wconf 87' lang='lat' dir='ltr'><strong>crudeliter</strong></span> 
     </span>
    </p>
   </div>
   <div class='ocr_carea' id='block_1_57' title="bbox 2309 2273 3910 2364">
    <p class='ocr_par' dir='ltr' id='par_1_57' title="bbox 2309 2273 3910 2364">
     <span class='ocr_line' id='line_1_57' title="bbox 2309 2273 3910 2364; baseline -0.012 -17"><span class='ocrx_word' id='word_1_390' title='bbox 2309 2289 2649 2364; x_wconf 87' lang='lat' dir='ltr'><strong>peremisset.</strong></span> <span class='ocrx_word' id='word_1_391' title='bbox 2711 2285 2806 2340; x_wconf 86' lang='lat' dir='ltr'><strong>His</strong></span> <span class='ocrx_word' id='word_1_392' title='bbox 2855 2277 3034 2355; x_wconf 80' lang='lat' dir='ltr'><strong>igitur</strong></span> <span class='ocrx_word' id='word_1_393' title='bbox 3088 2279 3287 2335; x_wconf 89' lang='lat' dir='ltr'><strong>nostris</strong></span> <span class='ocrx_word' id='word_1_394' title='bbox 3353 2275 3662 2348; x_wconf 89' lang='lat' dir='ltr'><strong>apostolicis</strong></span> <span class='ocrx_word' id='word_1_395' title='bbox 3714 2273 3910 2330; x_wconf 85' lang='lat' dir='ltr'><strong>litteris</strong></span> 
     </span>
    </p>
   </div>
   <div class='ocr_carea' id='block_1_58' title="bbox 2310 2367 3905 2436">
    <p class='ocr_par' dir='ltr' id='par_1_58' title="bbox 2310 2367 3905 2436">
     <span class='ocr_line' id='line_1_58' title="bbox 2310 2367 3905 2436; baseline -0.012 -1"><span class='ocrx_word' id='word_1_396' title='bbox 2310 2378 2646 2435; x_wconf 87' lang='lat' dir='ltr'><strong>nobilitatem</strong></span> <span class='ocrx_word' id='word_1_397' title='bbox 2711 2381 2966 2436; x_wconf 82' lang='lat' dir='ltr'><strong>vestram,</strong></span> <span class='ocrx_word' id='word_1_398' title='bbox 3033 2368 3184 2423; x_wconf 82' lang='lat' dir='ltr'><strong>filioli</strong></span> <span class='ocrx_word' id='word_1_399' title='bbox 3235 2367 3363 2435; x_wconf 90' lang='lat' dir='ltr'><strong>mei,</strong></span> <span class='ocrx_word' id='word_1_400' title='bbox 3407 2380 3688 2420; x_wconf 89' lang='lat' dir='ltr'><strong>monemus</strong></span> <span class='ocrx_word' id='word_1_401' title='bbox 3743 2371 3905 2434; x_wconf 89' lang='lat' dir='ltr'><strong>atque</strong></span> 
     </span>
    </p>
   </div>
   <div class='ocr_carea' id='block_1_59' title="bbox 2308 2451 3897 2534">
    <p class='ocr_par' dir='ltr' id='par_1_59' title="bbox 2308 2451 3897 2534">
     <span class='ocr_line' id='line_1_59' title="bbox 2308 2451 3897 2534; baseline -0.011 -11"><span class='ocrx_word' id='word_1_402' title='bbox 2308 2469 2592 2523; x_wconf 88' lang='lat' dir='ltr'><strong>hortamur</strong></span> <span class='ocrx_word' id='word_1_403' title='bbox 2623 2471 2681 2518; x_wconf 90' lang='lat' dir='ltr'><strong>ut</strong></span> <span class='ocrx_word' id='word_1_404' title='bbox 2705 2459 2982 2534; x_wconf 59' lang='lat' dir='ltr'><strong>praefatum</strong></span> <span class='ocrx_word' id='word_1_405' title='bbox 3013 2455 3368 2512; x_wconf 83' lang='lat' dir='ltr'><strong>Athanasium</strong></span> <span class='ocrx_word' id='word_1_406' title='bbox 3419 2451 3756 2510; x_wconf 86' lang='lat' dir='ltr'><strong>confratrem</strong></span> <span class='ocrx_word' id='word_1_407' title='bbox 3793 2467 3897 2506; x_wconf 85' lang='lat' dir='ltr'><strong>no-</strong></span> 
     </span>
    </p>
   </div>
   <div class='ocr_carea' id='block_1_60' title="bbox 2308 2538 3906 2618">
    <p class='ocr_par' dir='ltr' id='par_1_60' title="bbox 2308 2538 3906 2618">
     <span class='ocr_line' id='line_1_60' title="bbox 2308 2538 3906 2618; baseline -0.01 -8"><span class='ocrx_word' id='word_1_408' title='bbox 2308 2564 2477 2610; x_wconf 87' lang='lat' dir='ltr'><strong>strum</strong></span> <span class='ocrx_word' id='word_1_409' title='bbox 2507 2549 2877 2608; x_wconf 86' lang='lat' dir='ltr'><strong>venerabilem</strong></span> <span class='ocrx_word' id='word_1_410' title='bbox 2907 2546 3227 2618; x_wconf 89' lang='lat' dir='ltr'><strong>episcopum</strong></span> <span class='ocrx_word' id='word_1_411' title='bbox 3249 2550 3510 2608; x_wconf 88' lang='lat' dir='ltr'><strong>vestrum,</strong></span> <span class='ocrx_word' id='word_1_412' title='bbox 3548 2540 3688 2595; x_wconf 90' lang='lat' dir='ltr'><strong>sicut</strong></span> <span class='ocrx_word' id='word_1_413' title='bbox 3719 2538 3906 2594; x_wconf 79' lang='lat' dir='ltr'><strong>divina</strong></span> 
     </span>
    </p>
   </div>
   <div class='ocr_carea' id='block_1_61' title="bbox 2306 2626 3901 2714">
    <p class='ocr_par' dir='ltr' id='par_1_61' title="bbox 2306 2626 3901 2714">
     <span class='ocr_line' id='line_1_61' title="bbox 2306 2626 3901 2714; baseline -0.011 -16"><span class='ocrx_word' id='word_1_414' title='bbox 2306 2640 2656 2714; x_wconf 88' lang='lat' dir='ltr'><strong>inspiratione</strong></span> <span class='ocrx_word' id='word_1_415' title='bbox 2701 2635 2847 2694; x_wconf 91' lang='lat' dir='ltr'><strong>docti</strong></span> <span class='ocrx_word' id='word_1_416' title='bbox 2884 2635 3008 2690; x_wconf 91' lang='lat' dir='ltr'><strong>loco</strong></span> <span class='ocrx_word' id='word_1_417' title='bbox 3072 2631 3297 2688; x_wconf 88' lang='lat' dir='ltr'><strong>rectoris</strong></span> <span class='ocrx_word' id='word_1_418' title='bbox 3363 2629 3569 2684; x_wconf 90' lang='lat' dir='ltr'><strong>habere</strong></span> <span class='ocrx_word' id='word_1_419' title='bbox 3636 2626 3901 2700; x_wconf 83' lang='lat' dir='ltr'><strong>elegistis,</strong></span> 
     </span>
    </p>
   </div>
   <div class='ocr_carea' id='block_1_62' title="bbox 2306 2725 3909 2796">
    <p class='ocr_par' dir='ltr' id='par_1_62' title="bbox 2306 2725 3909 2796">
     <span class='ocr_line' id='line_1_62' title="bbox 2306 2725 3909 2796; baseline -0.01 0"><span class='ocrx_word' id='word_1_420' title='bbox 2306 2739 2453 2796; x_wconf 83' lang='lat' dir='ltr'><strong>fideli</strong></span> <span class='ocrx_word' id='word_1_421' title='bbox 2484 2745 2665 2794; x_wconf 89' lang='lat' dir='ltr'><strong>mente</strong></span> <span class='ocrx_word' id='word_1_422' title='bbox 2694 2751 2758 2791; x_wconf 89' lang='lat' dir='ltr'><strong>ac</strong></span> <span class='ocrx_word' id='word_1_423' title='bbox 2787 2731 3075 2788; x_wconf 87' lang='lat' dir='ltr'><strong>devotione</strong></span> <span class='ocrx_word' id='word_1_424' title='bbox 3106 2745 3231 2786; x_wconf 91' lang='lat' dir='ltr'><strong>cum</strong></span> <span class='ocrx_word' id='word_1_425' title='bbox 3259 2727 3408 2784; x_wconf 91' lang='lat' dir='ltr'><strong>omni</strong></span> <span class='ocrx_word' id='word_1_426' title='bbox 3453 2727 3663 2782; x_wconf 88' lang='lat' dir='ltr'><strong>honore</strong></span> <span class='ocrx_word' id='word_1_427' title='bbox 3707 2725 3909 2780; x_wconf 85' lang='lat' dir='ltr'><strong>habere</strong></span> 
     </span>
    </p>
   </div>
   <div class='ocr_carea' id='block_1_63' title="bbox 2305 2813 3906 2896">
    <p class='ocr_par' dir='ltr' id='par_1_63' title="bbox 2305 2813 3906 2896">
     <span class='ocr_line' id='line_1_63' title="bbox 2305 2813 3906 2896; baseline -0.009 -13"><span class='ocrx_word' id='word_1_428' title='bbox 2305 2827 2568 2882; x_wconf 89' lang='lat' dir='ltr'><strong>studeatis</strong></span> <span class='ocrx_word' id='word_1_429' title='bbox 2591 2843 2604 2878; x_wconf 90' lang='lat'>:</span> <span class='ocrx_word' id='word_1_430' title='bbox 2625 2821 2881 2896; x_wconf 90' lang='lat' dir='ltr'><strong>quoniam</strong></span> <span class='ocrx_word' id='word_1_431' title='bbox 2937 2835 3038 2874; x_wconf 89' lang='lat' dir='ltr'><strong>nos</strong></span> <span class='ocrx_word' id='word_1_432' title='bbox 3089 2833 3212 2874; x_wconf 90' lang='lat' dir='ltr'><strong>cum</strong></span> <span class='ocrx_word' id='word_1_433' title='bbox 3273 2815 3366 2870; x_wconf 91' lang='lat' dir='ltr'><strong>illo</strong></span> <span class='ocrx_word' id='word_1_434' title='bbox 3414 2814 3471 2869; x_wconf 91' lang='lat' dir='ltr'><strong>in</strong></span> <span class='ocrx_word' id='word_1_435' title='bbox 3518 2813 3666 2870; x_wconf 89' lang='lat' dir='ltr'><strong>omni</strong></span> <span class='ocrx_word' id='word_1_436' title='bbox 3722 2820 3906 2868; x_wconf 88' lang='lat' dir='ltr'><strong>vestro</strong></span> 
     </span>
    </p>
   </div>
   <div class='ocr_carea' id='block_1_64' title="bbox 2304 2898 3906 2985">
    <p class='ocr_par' dir='ltr' id='par_1_64' title="bbox 2304 2898 3906 2985">
     <span class='ocr_line' id='line_1_64' title="bbox 2304 2898 3906 2985; baseline -0.01 -13"><span class='ocrx_word' id='word_1_437' title='bbox 2304 2915 2595 2985; x_wconf 88' lang='lat' dir='ltr'><strong>adjutorio,</strong></span> <span class='ocrx_word' id='word_1_438' title='bbox 2627 2913 2683 2966; x_wconf 92' lang='lat' dir='ltr'><strong>in</strong></span> <span class='ocrx_word' id='word_1_439' title='bbox 2713 2909 2861 2966; x_wconf 90' lang='lat' dir='ltr'><strong>omni</strong></span> <span class='ocrx_word' id='word_1_440' title='bbox 2882 2915 3060 2964; x_wconf 88' lang='lat' dir='ltr'><strong>vestra</strong></span> <span class='ocrx_word' id='word_1_441' title='bbox 3077 2905 3307 2960; x_wconf 90' lang='lat' dir='ltr'><strong>utilitate</strong></span> <span class='ocrx_word' id='word_1_442' title='bbox 3335 2903 3573 2974; x_wconf 89' lang='lat' dir='ltr'><strong>prompti</strong></span> <span class='ocrx_word' id='word_1_443' title='bbox 3603 2898 3906 2966; x_wconf 78' lang='lat' dir='ltr'><strong>existimas,</strong></span> 
     </span>
    </p>
   </div>
   <div class='ocr_carea' id='block_1_65' title="bbox 2304 2991 3909 3075">
    <p class='ocr_par' dir='ltr' id='par_1_65' title="bbox 2304 2991 3909 3075">
     <span class='ocr_line' id='line_1_65' title="bbox 2304 2991 3909 3075; baseline -0.009 -17"><span class='ocrx_word' id='word_1_444' title='bbox 2304 3004 2530 3075; x_wconf 89' lang='lat' dir='ltr'><strong>parique</strong></span> <span class='ocrx_word' id='word_1_445' title='bbox 2601 3009 2727 3056; x_wconf 88' lang='lat' dir='ltr'><strong>voto</strong></span> <span class='ocrx_word' id='word_1_446' title='bbox 2775 3014 2875 3053; x_wconf 88' lang='lat' dir='ltr'><strong>vos</strong></span> <span class='ocrx_word' id='word_1_447' title='bbox 2923 2995 3181 3064; x_wconf 87' lang='lat' dir='ltr'><strong>adjuvare</strong></span> <span class='ocrx_word' id='word_1_448' title='bbox 3236 2991 3611 3046; x_wconf 87' lang='lat' dir='ltr'><strong>desideramus</strong></span> <span class='ocrx_word' id='word_1_449' title='bbox 3653 2997 3909 3056; x_wconf 86' lang='lat' dir='ltr'><strong>;tautum</strong></span> 
     </span>
    </p>
   </div>
   <div class='ocr_carea' id='block_1_66' title="bbox 605 3055 3911 3148">
    <p class='ocr_par' dir='ltr' id='par_1_66' title="bbox 605 3055 3911 3148">
     <span class='ocr_line' id='line_1_66' title="bbox 605 3055 3911 3148; baseline -0.01 17"><span class='ocrx_word' id='word_1_450' title='bbox 605 3071 866 3144; x_wconf 70' lang='grc' dir='ltr'><strong>Ρ⁰Ρί¹¹¹¹π¹</strong></span> <span class='ocrx_word' id='word_1_451' title='bbox 909 3067 1110 3123; x_wconf 57' lang='lat' dir='ltr'><strong>Cum“</strong></span> <span class='ocrx_word' id='word_1_452' title='bbox 1153 3079 1208 3118; x_wconf 76' lang='grc'><strong>¹¹¹</strong></span> <span class='ocrx_word' id='word_1_453' title='bbox 1245 3077 1392 3116; x_wconf 71' lang='grc'><strong>⁰¹¹¹¹¹¹</strong></span> <span class='ocrx_word' id='word_1_454' title='bbox 1440 3065 1652 3148; x_wconf 56' lang='lat' dir='ltr'><strong>lusum</strong></span> <span class='ocrx_word' id='word_1_455' title='bbox 1693 3063 1746 3111; x_wconf 68' lang='grc' dir='ltr'>θί</span> <span class='ocrx_word' id='word_1_456' title='bbox 1795 3059 2100 3148; x_wconf 62' lang='grc' dir='ltr'><strong>⁵⁸¹ξίὶί¹ί³ίθν</strong></span> <span class='ocrx_word' id='word_1_457' title='bbox 2145 3065 2202 3148; x_wconf 63' lang='grc' dir='ltr'><strong>Ψ</strong></span> <span class='ocrx_word' id='word_1_458' title='bbox 2233 3055 2282 3118; x_wconf 74' lang='lat' dir='ltr'><strong>C</strong></span> <span class='ocrx_word' id='word_1_459' title='bbox 2304 3055 2698 3146; x_wconf 46' lang='lat' dir='ltr'><strong>agitantia</strong></span> <span class='ocrx_word' id='word_1_460' title='bbox 2735 3055 3052 3142; x_wconf 74' lang='lat' dir='ltr'><strong>obedientes</strong></span> <span class='ocrx_word' id='word_1_461' title='bbox 3085 3081 3164 3136; x_wconf 90' lang='lat' dir='ltr'><strong>illi</strong></span> <span class='ocrx_word' id='word_1_462' title='bbox 3208 3080 3264 3135; x_wconf 90' lang='lat' dir='ltr'><strong>in</strong></span> <span class='ocrx_word' id='word_1_463' title='bbox 3311 3079 3584 3148; x_wconf 88' lang='lat' dir='ltr'><strong>omnibus,</strong></span> <span class='ocrx_word' id='word_1_464' title='bbox 3627 3055 3776 3133; x_wconf 81' lang='lat' dir='ltr'><strong>velut</strong></span> <span class='ocrx_word' id='word_1_465' title='bbox 3812 3077 3911 3132; x_wconf 81' lang='lat' dir='ltr'><strong>ﬁlii</strong></span> 
     </span>
    </p>
   </div>
   <div class='ocr_carea' id='block_1_67' title="bbox 603 3141 2202 3215">
    <p class='ocr_par' dir='ltr' id='par_1_67' title="bbox 603 3141 2202 3215">
     <span class='ocr_line' id='line_1_67' title="bbox 603 3141 2202 3215; baseline -0.015 0"><span class='ocrx_word' id='word_1_466' title='bbox 603 3141 753 3215; x_wconf 77' lang='lat' dir='ltr'><strong>omni</strong></span> <span class='ocrx_word' id='word_1_467' title='bbox 780 3155 1007 3212; x_wconf 88' lang='lat' dir='ltr'><strong>veritate</strong></span> <span class='ocrx_word' id='word_1_468' title='bbox 1037 3161 1090 3210; x_wconf 89' lang='lat' dir='ltr'><strong>et</strong></span> <span class='ocrx_word' id='word_1_469' title='bbox 1116 3147 1548 3206; x_wconf 67' lang='lat' dir='ltr'><strong>manSuetudine.</strong></span> <span class='ocrx_word' id='word_1_470' title='bbox 1572 3152 1631 3200; x_wconf 90' lang='lat' dir='ltr'><strong>ut</strong></span> <span class='ocrx_word' id='word_1_471' title='bbox 1658 3151 1850 3214; x_wconf 89' lang='lat' dir='ltr'><strong>pastor</strong></span> <span class='ocrx_word' id='word_1_472' title='bbox 1881 3141 2130 3208; x_wconf 89' lang='lat' dir='ltr'><strong>idoneus,</strong></span> <span class='ocrx_word' id='word_1_473' title='bbox 2147 3147 2202 3192; x_wconf 92' lang='lat' dir='ltr'><strong>et</strong></span> 
     </span>
    </p>
   </div>
   <div class='ocr_carea' id='block_1_68' title="bbox 609 3227 2201 3304">
    <p class='ocr_par' dir='ltr' id='par_1_68' title="bbox 609 3227 2201 3304">
     <span class='ocr_line' id='line_1_68' title="bbox 609 3227 2201 3304; baseline -0.016 0"><span class='ocrx_word' id='word_1_474' title='bbox 609 3263 719 3304; x_wconf 90' lang='lat' dir='ltr'><strong>non</strong></span> <span class='ocrx_word' id='word_1_475' title='bbox 747 3245 896 3301; x_wconf 87' lang='lat' dir='ltr'><strong>velut</strong></span> <span class='ocrx_word' id='word_1_476' title='bbox 920 3239 1292 3298; x_wconf 89' lang='lat' dir='ltr'><strong>mercenarius</strong></span> <span class='ocrx_word' id='word_1_477' title='bbox 1323 3237 1539 3292; x_wconf 90' lang='lat' dir='ltr'><strong>deserat</strong></span> <span class='ocrx_word' id='word_1_478' title='bbox 1562 3241 1616 3288; x_wconf 91' lang='lat' dir='ltr'><strong>et</strong></span> <span class='ocrx_word' id='word_1_479' title='bbox 1644 3230 1920 3302; x_wconf 89' lang='lat' dir='ltr'><strong>disperdat</strong></span> <span class='ocrx_word' id='word_1_480' title='bbox 1953 3245 1966 3282; x_wconf 93' lang='lat'><strong>:</strong></span> <span class='ocrx_word' id='word_1_481' title='bbox 1998 3235 2052 3282; x_wconf 91' lang='lat' dir='ltr'><strong>et</strong></span> <span class='ocrx_word' id='word_1_482' title='bbox 2077 3227 2201 3281; x_wconf 92' lang='lat' dir='ltr'><strong>ideo</strong></span> 
     </span>
    </p>
   </div>
   <div class='ocr_carea' id='block_1_69' title="bbox 607 3320 2202 3404">
    <p class='ocr_par' dir='ltr' id='par_1_69' title="bbox 607 3320 2202 3404">
     <span class='ocr_line' id='line_1_69' title="bbox 607 3320 2202 3404; baseline -0.015 -13"><span class='ocrx_word' id='word_1_483' title='bbox 607 3351 677 3390; x_wconf 85' lang='lat' dir='ltr'><strong>ea</strong></span> <span class='ocrx_word' id='word_1_484' title='bbox 705 3349 827 3404; x_wconf 65' lang='lat' dir='ltr'><strong>quae</strong></span> <span class='ocrx_word' id='word_1_485' title='bbox 855 3339 1048 3388; x_wconf 67' lang='lat' dir='ltr'><strong>vestra:</strong></span> <span class='ocrx_word' id='word_1_486' title='bbox 1077 3324 1326 3399; x_wconf 88' lang='lat' dir='ltr'><strong>dignitati</strong></span> <span class='ocrx_word' id='word_1_487' title='bbox 1345 3323 1431 3379; x_wconf 89' lang='lat' dir='ltr'><strong>vel</strong></span> <span class='ocrx_word' id='word_1_488' title='bbox 1462 3320 1659 3377; x_wconf 88' lang='lat' dir='ltr'><strong>honori</strong></span> <span class='ocrx_word' id='word_1_489' title='bbox 1705 3331 1952 3390; x_wconf 85' lang='lat' dir='ltr'><strong>congrua</strong></span> <span class='ocrx_word' id='word_1_490' title='bbox 1991 3331 2054 3370; x_wconf 91' lang='lat' dir='ltr'><strong>ac</strong></span> <span class='ocrx_word' id='word_1_491' title='bbox 2097 3329 2202 3368; x_wconf 88' lang='lat' dir='ltr'><strong>ne-</strong></span> 
     </span>
    </p>
   </div>
   <div class='ocr_carea' id='block_1_70' title="bbox 607 3404 2199 3486">
    <p class='ocr_par' dir='ltr' id='par_1_70' title="bbox 607 3404 2199 3486">
     <span class='ocr_line' id='line_1_70' title="bbox 607 3404 2199 3486; baseline -0.014 -9"><span class='ocrx_word' id='word_1_492' title='bbox 607 3419 848 3478; x_wconf 86' lang='lat' dir='ltr'><strong>cessaria</strong></span> <span class='ocrx_word' id='word_1_493' title='bbox 875 3424 1018 3485; x_wconf 90' lang='lat' dir='ltr'><strong>sunt,</strong></span> <span class='ocrx_word' id='word_1_494' title='bbox 1051 3420 1310 3486; x_wconf 88' lang='lat' dir='ltr'><strong>perpetua</strong></span> <span class='ocrx_word' id='word_1_495' title='bbox 1339 3408 1686 3466; x_wconf 89' lang='lat' dir='ltr'><strong>nihilominus</strong></span> <span class='ocrx_word' id='word_1_496' title='bbox 1719 3404 2012 3460; x_wconf 88' lang='lat' dir='ltr'><strong>stabilitate</strong></span> <span class='ocrx_word' id='word_1_497' title='bbox 2061 3417 2199 3457; x_wconf 89' lang='lat' dir='ltr'><strong>con-</strong></span> 
     </span>
    </p>
   </div>
   <div class='ocr_carea' id='block_1_71' title="bbox 609 3492 2204 3572">
    <p class='ocr_par' dir='ltr' id='par_1_71' title="bbox 609 3492 2204 3572">
     <span class='ocr_line' id='line_1_71' title="bbox 609 3492 2204 3572; baseline -0.014 -7"><span class='ocrx_word' id='word_1_498' title='bbox 609 3509 890 3566; x_wconf 87' lang='lat' dir='ltr'><strong>ﬁrmamus</strong></span> <span class='ocrx_word' id='word_1_499' title='bbox 923 3525 937 3572; x_wconf 86' lang='lat'><strong>;</strong></span> <span class='ocrx_word' id='word_1_500' title='bbox 968 3511 1172 3558; x_wconf 89' lang='lat' dir='ltr'><strong>tantum</strong></span> <span class='ocrx_word' id='word_1_501' title='bbox 1239 3497 1491 3570; x_wconf 88' lang='lat' dir='ltr'><strong>ampliori</strong></span> <span class='ocrx_word' id='word_1_502' title='bbox 1539 3510 1684 3550; x_wconf 91' lang='lat' dir='ltr'><strong>nunc</strong></span> <span class='ocrx_word' id='word_1_503' title='bbox 1745 3492 1924 3548; x_wconf 90' lang='lat' dir='ltr'><strong>studio</strong></span> <span class='ocrx_word' id='word_1_504' title='bbox 1963 3505 2204 3561; x_wconf 89' lang='lat' dir='ltr'><strong>curaque</strong></span> 
     </span>
    </p>
   </div>
   <div class='ocr_carea' id='block_1_72' title="bbox 609 3575 2205 3667">
    <p class='ocr_par' dir='ltr' id='par_1_72' title="bbox 609 3575 2205 3667">
     <span class='ocr_line' id='line_1_72' title="bbox 609 3575 2205 3667; baseline -0.015 -14"><span class='ocrx_word' id='word_1_505' title='bbox 609 3593 894 3667; x_wconf 89' lang='lat' dir='ltr'><strong>multiplici</strong></span> <span class='ocrx_word' id='word_1_506' title='bbox 913 3609 1014 3664; x_wconf 89' lang='lat' dir='ltr'><strong>pro</strong></span> <span class='ocrx_word' id='word_1_507' title='bbox 1033 3588 1352 3646; x_wconf 81' lang='lat' dir='ltr'><strong>defensione</strong></span> <span class='ocrx_word' id='word_1_508' title='bbox 1402 3593 1604 3641; x_wconf 70' lang='lat' dir='ltr'><strong>sanctae</strong></span> <span class='ocrx_word' id='word_1_509' title='bbox 1654 3581 1755 3636; x_wconf 89' lang='lat' dir='ltr'><strong>Dei</strong></span> <span class='ocrx_word' id='word_1_510' title='bbox 1799 3577 2060 3634; x_wconf 69' lang='lat' dir='ltr'><strong>Ecclesiae</strong></span> <span class='ocrx_word' id='word_1_511' title='bbox 2108 3575 2205 3631; x_wconf 92' lang='lat' dir='ltr'><strong>tibi</strong></span> 
     </span>
    </p>
   </div>
   <div class='ocr_carea' id='block_1_73' title="bbox 611 3667 2205 3742">
    <p class='ocr_par' dir='ltr' id='par_1_73' title="bbox 611 3667 2205 3742">
     <span class='ocr_line' id='line_1_73' title="bbox 611 3667 2205 3742; baseline -0.014 -1"><span class='ocrx_word' id='word_1_512' title='bbox 611 3682 919 3741; x_wconf 64' lang='lat' dir='ltr'><strong>commissa;</strong></span> <span class='ocrx_word' id='word_1_513' title='bbox 949 3687 1096 3735; x_wconf 89' lang='lat' dir='ltr'><strong>stare</strong></span> <span class='ocrx_word' id='word_1_514' title='bbox 1123 3693 1188 3732; x_wconf 88' lang='lat' dir='ltr'><strong>ac</strong></span> <span class='ocrx_word' id='word_1_515' title='bbox 1208 3675 1498 3742; x_wconf 89' lang='lat' dir='ltr'><strong>desudare,</strong></span> <span class='ocrx_word' id='word_1_516' title='bbox 1531 3679 1795 3742; x_wconf 88' lang='lat' dir='ltr'><strong>quatenus</strong></span> <span class='ocrx_word' id='word_1_517' title='bbox 1843 3667 1996 3722; x_wconf 88' lang='lat' dir='ltr'><strong>salva</strong></span> <span class='ocrx_word' id='word_1_518' title='bbox 2041 3680 2205 3720; x_wconf 89' lang='lat' dir='ltr'><strong>secu-</strong></span> 
     </span>
    </p>
   </div>
   <div class='ocr_carea' id='block_1_74' title="bbox 615 3751 2204 3842">
    <p class='ocr_par' dir='ltr' id='par_1_74' title="bbox 615 3751 2204 3842">
     <span class='ocr_line' id='line_1_74' title="bbox 615 3751 2204 3842; baseline -0.013 -15"><span class='ocrx_word' id='word_1_519' title='bbox 615 3787 785 3842; x_wconf 88' lang='lat' dir='ltr'><strong>raque</strong></span> <span class='ocrx_word' id='word_1_520' title='bbox 815 3767 1094 3830; x_wconf 87' lang='lat' dir='ltr'><strong>consistat,</strong></span> <span class='ocrx_word' id='word_1_521' title='bbox 1125 3772 1185 3820; x_wconf 91' lang='lat' dir='ltr'><strong>ut</strong></span> <span class='ocrx_word' id='word_1_522' title='bbox 1211 3777 1488 3834; x_wconf 90' lang='lat' dir='ltr'><strong>procures,</strong></span> <span class='ocrx_word' id='word_1_523' title='bbox 1521 3758 1606 3814; x_wconf 91' lang='lat' dir='ltr'><strong>his</strong></span> <span class='ocrx_word' id='word_1_524' title='bbox 1644 3755 1848 3812; x_wconf 89' lang='lat' dir='ltr'><strong>nostris</strong></span> <span class='ocrx_word' id='word_1_525' title='bbox 1892 3751 2204 3824; x_wconf 88' lang='lat' dir='ltr'><strong>apostolicis</strong></span> 
     </span>
    </p>
   </div>
   <div class='ocr_carea' id='block_1_75' title="bbox 614 3843 2208 3931">
    <p class='ocr_par' dir='ltr' id='par_1_75' title="bbox 614 3843 2208 3931">
     <span class='ocr_line' id='line_1_75' title="bbox 614 3843 2208 3931; baseline -0.013 -16"><span class='ocrx_word' id='word_1_526' title='bbox 614 3855 957 3931; x_wconf 85' lang='lat' dir='ltr'><strong>prudentiam</strong></span> <span class='ocrx_word' id='word_1_527' title='bbox 989 3861 1224 3910; x_wconf 89' lang='lat' dir='ltr'><strong>vestram</strong></span> <span class='ocrx_word' id='word_1_528' title='bbox 1250 3850 1596 3931; x_wconf 84' lang='lat' dir='ltr'><strong>exhortamur</strong></span> <span class='ocrx_word' id='word_1_529' title='bbox 1621 3845 1884 3916; x_wconf 88' lang='lat' dir='ltr'><strong>apicibus.</strong></span> <span class='ocrx_word' id='word_1_530' title='bbox 1916 3843 2031 3896; x_wconf 90' lang='lat' dir='ltr'><strong>Nos</strong></span> <span class='ocrx_word' id='word_1_531' title='bbox 2052 3855 2208 3896; x_wconf 89' lang='lat' dir='ltr'><strong>nam-</strong></span> 
     </span>
    </p>
   </div>
   <div class='ocr_carea' id='block_1_76' title="bbox 617 3927 2206 4019">
    <p class='ocr_par' dir='ltr' id='par_1_76' title="bbox 617 3927 2206 4019">
     <span class='ocr_line' id='line_1_76' title="bbox 617 3927 2206 4019; baseline -0.014 -16"><span class='ocrx_word' id='word_1_532' title='bbox 617 3927 745 4019; x_wconf 79' lang='lat' dir='ltr'><strong>que,</strong></span> <span class='ocrx_word' id='word_1_533' title='bbox 775 3945 896 4000; x_wconf 88' lang='lat' dir='ltr'><strong>aliis</strong></span> <span class='ocrx_word' id='word_1_534' title='bbox 923 3941 1176 4000; x_wconf 90' lang='lat' dir='ltr'><strong>omnibus</strong></span> <span class='ocrx_word' id='word_1_535' title='bbox 1214 3935 1488 3994; x_wconf 90' lang='lat' dir='ltr'><strong>mancosis</strong></span> <span class='ocrx_word' id='word_1_536' title='bbox 1535 3927 1695 3999; x_wconf 88' lang='lat' dir='ltr'><strong>datis,</strong></span> <span class='ocrx_word' id='word_1_537' title='bbox 1749 3931 1896 3986; x_wconf 89' lang='lat' dir='ltr'><strong>mille</strong></span> <span class='ocrx_word' id='word_1_538' title='bbox 1944 3929 2206 4002; x_wconf 79' lang='lat' dir='ltr'><strong>quadrin-</strong></span> 
     </span>
    </p>
   </div>
   <div class='ocr_carea' id='block_1_77' title="bbox 619 4015 2208 4108">
    <p class='ocr_par' dir='ltr' id='par_1_77' title="bbox 619 4015 2208 4108">
     <span class='ocr_line' id='line_1_77' title="bbox 619 4015 2208 4108; baseline -0.014 -16"><span class='ocrx_word' id='word_1_539' title='bbox 619 4015 815 4108; x_wconf 75' lang='lat' dir='ltr'><strong>gentos</strong></span> <span class='ocrx_word' id='word_1_540' title='bbox 835 4031 990 4088; x_wconf 90' lang='lat' dir='ltr'><strong>vobis</strong></span> <span class='ocrx_word' id='word_1_541' title='bbox 1019 4031 1153 4085; x_wconf 89' lang='lat' dir='ltr'><strong>dare</strong></span> <span class='ocrx_word' id='word_1_542' title='bbox 1181 4027 1466 4091; x_wconf 88' lang='lat' dir='ltr'><strong>debemus,</strong></span> <span class='ocrx_word' id='word_1_543' title='bbox 1513 4038 1650 4094; x_wconf 90' lang='lat' dir='ltr'><strong>quos</strong></span> <span class='ocrx_word' id='word_1_544' title='bbox 1678 4029 1878 4076; x_wconf 67' lang='lat' dir='ltr'><strong>vestrae</strong></span> <span class='ocrx_word' id='word_1_545' title='bbox 1929 4015 2208 4074; x_wconf 82' lang='lat' dir='ltr'><strong>dilectioni</strong></span> 
     </span>
    </p>
   </div>
   <div class='ocr_carea' id='block_1_78' title="bbox 619 4107 2210 4190">
    <p class='ocr_par' dir='ltr' id='par_1_78' title="bbox 619 4107 2210 4190">
     <span class='ocr_line' id='line_1_78' title="bbox 619 4107 2210 4190; baseline -0.013 -11"><span class='ocrx_word' id='word_1_546' title='bbox 619 4132 711 4179; x_wconf 90' lang='lat' dir='ltr'><strong>aut</strong></span> <span class='ocrx_word' id='word_1_547' title='bbox 741 4121 892 4178; x_wconf 87' lang='lat' dir='ltr'><strong>initio</strong></span> <span class='ocrx_word' id='word_1_548' title='bbox 924 4115 1376 4190; x_wconf 64' lang='lat' dir='ltr'><strong>Quadragesimat</strong></span> <span class='ocrx_word' id='word_1_549' title='bbox 1403 4120 1495 4168; x_wconf 89' lang='lat' dir='ltr'><strong>aut</strong></span> <span class='ocrx_word' id='word_1_550' title='bbox 1514 4111 1569 4165; x_wconf 92' lang='lat' dir='ltr'><strong>in</strong></span> <span class='ocrx_word' id='word_1_551' title='bbox 1593 4111 1682 4165; x_wconf 89' lang='lat' dir='ltr'><strong>die</strong></span> <span class='ocrx_word' id='word_1_552' title='bbox 1711 4115 1914 4164; x_wconf 73' lang='lat' dir='ltr'><strong>sanctae</strong></span> <span class='ocrx_word' id='word_1_553' title='bbox 1943 4107 2210 4162; x_wconf 82' lang='lat' dir='ltr'><strong>Resurre-</strong></span> 
     </span>
    </p>
   </div>
   <div class='ocr_carea' id='block_1_79' title="bbox 619 4189 2211 4276">
    <p class='ocr_par' dir='ltr' id='par_1_79' title="bbox 619 4189 2211 4276">
     <span class='ocr_line' id='line_1_79' title="bbox 619 4189 2211 4276; baseline -0.013 -9"><span class='ocrx_word' id='word_1_554' title='bbox 619 4210 816 4268; x_wconf 90' lang='lat' dir='ltr'><strong>ctionis</strong></span> <span class='ocrx_word' id='word_1_555' title='bbox 843 4207 999 4264; x_wconf 88' lang='lat' dir='ltr'><strong>vobis</strong></span> <span class='ocrx_word' id='word_1_556' title='bbox 1043 4204 1237 4276; x_wconf 90' lang='lat' dir='ltr'><strong>procul</strong></span> <span class='ocrx_word' id='word_1_557' title='bbox 1277 4189 1460 4258; x_wconf 69' lang='lat' dir='ltr'><strong>dubio&#39;</strong></span> <span class='ocrx_word' id='word_1_558' title='bbox 1485 4199 1802 4270; x_wconf 88' lang='lat' dir='ltr'><strong>dirigemus.</strong></span> <span class='ocrx_word' id='word_1_559' title='bbox 1853 4196 2021 4252; x_wconf 89' lang='lat' dir='ltr'><strong>Porro</strong></span> <span class='ocrx_word' id='word_1_560' title='bbox 2067 4195 2211 4248; x_wconf 89' lang='lat' dir='ltr'><strong>hunc</strong></span> 
     </span>
    </p>
   </div>
   <div class='ocr_carea' id='block_1_80' title="bbox 623 4282 2210 4354">
    <p class='ocr_par' dir='ltr' id='par_1_80' title="bbox 623 4282 2210 4354">
     <span class='ocr_line' id='line_1_80' title="bbox 623 4282 2210 4354; baseline -0.013 0"><span class='ocrx_word' id='word_1_561' title='bbox 623 4299 842 4354; x_wconf 88' lang='lat' dir='ltr'><strong>Petrum</strong></span> <span class='ocrx_word' id='word_1_562' title='bbox 887 4292 1255 4350; x_wconf 88' lang='lat' dir='ltr'><strong>venerabilem</strong></span> <span class='ocrx_word' id='word_1_563' title='bbox 1301 4289 1591 4344; x_wconf 89' lang='lat' dir='ltr'><strong>diaconum</strong></span> <span class='ocrx_word' id='word_1_564' title='bbox 1625 4293 1883 4349; x_wconf 91' lang='lat' dir='ltr'><strong>vestrum,</strong></span> <span class='ocrx_word' id='word_1_565' title='bbox 1927 4282 2053 4353; x_wconf 87' lang='lat' dir='ltr'><strong>quia</strong></span> <span class='ocrx_word' id='word_1_566' title='bbox 2085 4295 2210 4335; x_wconf 90' lang='lat' dir='ltr'><strong>eum</strong></span> 
     </span>
    </p>
   </div>
   <div class='ocr_carea' id='block_1_81' title="bbox 621 4368 2209 4448">
    <p class='ocr_par' dir='ltr' id='par_1_81' title="bbox 621 4368 2209 4448">
     <span class='ocr_line' id='line_1_81' title="bbox 621 4368 2209 4448; baseline -0.013 -7"><span class='ocrx_word' id='word_1_567' title='bbox 621 4394 815 4441; x_wconf 61' lang='lat' dir='ltr'><strong>vestra:</strong></span> <span class='ocrx_word' id='word_1_568' title='bbox 837 4381 1116 4448; x_wconf 69' lang='lat' dir='ltr'><strong>Ecclesiae,</strong></span> <span class='ocrx_word' id='word_1_569' title='bbox 1149 4386 1202 4434; x_wconf 89' lang='lat' dir='ltr'><strong>et</strong></span> <span class='ocrx_word' id='word_1_570' title='bbox 1222 4376 1426 4434; x_wconf 90' lang='lat' dir='ltr'><strong>civitati</strong></span> <span class='ocrx_word' id='word_1_571' title='bbox 1454 4372 1828 4442; x_wconf 61' lang='lat' dir='ltr'><strong>Neapolitana</strong></span> <span class='ocrx_word' id='word_1_572' title='bbox 1857 4371 1913 4424; x_wconf 90' lang='lat' dir='ltr'><strong>in</strong></span> <span class='ocrx_word' id='word_1_573' title='bbox 1955 4368 2209 4424; x_wconf 90' lang='lat' dir='ltr'><strong>omnibus</strong></span> 
     </span>
    </p>
   </div>
   <div class='ocr_carea' id='block_1_82' title="bbox 617 4457 2208 4540">
    <p class='ocr_par' dir='ltr' id='par_1_82' title="bbox 617 4457 2208 4540">
     <span class='ocr_line' id='line_1_82' title="bbox 617 4457 2208 4540; baseline -0.011 -12"><span class='ocrx_word' id='word_1_574' title='bbox 617 4473 836 4530; x_wconf 85' lang='lat' dir='ltr'><strong>ﬁdelem</strong></span> <span class='ocrx_word' id='word_1_575' title='bbox 866 4485 989 4526; x_wconf 91' lang='lat' dir='ltr'><strong>esse</strong></span> <span class='ocrx_word' id='word_1_576' title='bbox 1021 4465 1428 4540; x_wconf 79' lang='lat' dir='ltr'><strong>cbgnoscimus,</strong></span> <span class='ocrx_word' id='word_1_577' title='bbox 1460 4460 1618 4517; x_wconf 89' lang='lat' dir='ltr'><strong>vobis</strong></span> <span class='ocrx_word' id='word_1_578' title='bbox 1647 4459 1703 4515; x_wconf 92' lang='lat' dir='ltr'><strong>in</strong></span> <span class='ocrx_word' id='word_1_579' title='bbox 1753 4457 2006 4514; x_wconf 90' lang='lat' dir='ltr'><strong>omnibus</strong></span> <span class='ocrx_word' id='word_1_580' title='bbox 2052 4471 2208 4512; x_wconf 88' lang='lat' dir='ltr'><strong>com-</strong></span> 
     </span>
    </p>
   </div>
   <div class='ocr_carea' id='block_1_83' title="bbox 620 4545 2208 4628">
    <p class='ocr_par' dir='ltr' id='par_1_83' title="bbox 620 4545 2208 4628">
     <span class='ocr_line' id='line_1_83' title="bbox 620 4545 2208 4628; baseline -0.013 -10"><span class='ocrx_word' id='word_1_581' title='bbox 620 4561 966 4628; x_wconf 88' lang='lat' dir='ltr'><strong>mendamus,</strong></span> <span class='ocrx_word' id='word_1_582' title='bbox 997 4563 1051 4612; x_wconf 90' lang='lat' dir='ltr'><strong>et</strong></span> <span class='ocrx_word' id='word_1_583' title='bbox 1078 4569 1182 4626; x_wconf 90' lang='lat' dir='ltr'><strong>pro</strong></span> <span class='ocrx_word' id='word_1_584' title='bbox 1211 4559 1397 4608; x_wconf 89' lang='lat' dir='ltr'><strong>nostro</strong></span> <span class='ocrx_word' id='word_1_585' title='bbox 1417 4566 1542 4605; x_wconf 92' lang='lat' dir='ltr'><strong>eum</strong></span> <span class='ocrx_word' id='word_1_586' title='bbox 1563 4562 1752 4603; x_wconf 89' lang='lat' dir='ltr'><strong>amore</strong></span> <span class='ocrx_word' id='word_1_587' title='bbox 1782 4545 2019 4616; x_wconf 86' lang='lat' dir='ltr'><strong>benigne</strong></span> <span class='ocrx_word' id='word_1_588' title='bbox 2059 4560 2208 4599; x_wconf 89' lang='lat' dir='ltr'><strong>sem-</strong></span> 
     </span>
    </p>
   </div>
   <div class='ocr_carea' id='block_1_84' title="bbox 621 4638 1818 4722">
    <p class='ocr_par' dir='ltr' id='par_1_84' title="bbox 621 4638 1818 4722">
     <span class='ocr_line' id='line_1_84' title="bbox 621 4638 1818 4722; baseline -0.016 -16"><span class='ocrx_word' id='word_1_589' title='bbox 621 4666 720 4722; x_wconf 89' lang='lat' dir='ltr'><strong>per</strong></span> <span class='ocrx_word' id='word_1_590' title='bbox 747 4647 982 4704; x_wconf 88' lang='lat' dir='ltr'><strong>retinere</strong></span> <span class='ocrx_word' id='word_1_591' title='bbox 1011 4639 1333 4715; x_wconf 87' lang='lat' dir='ltr'><strong>dignemini.</strong></span> <span class='ocrx_word' id='word_1_592' title='bbox 1364 4638 1502 4692; x_wconf 86' lang='lat' dir='ltr'><strong>Data</strong></span> <span class='ocrx_word' id='word_1_593' title='bbox 1530 4639 1596 4691; x_wconf 87' lang='lat' dir='ltr'><strong>ut</strong></span> <span class='ocrx_word' id='word_1_594' title='bbox 1625 4648 1818 4704; x_wconf 78' lang='lat' dir='ltr'><strong>supra.</strong></span> 
     </span>
    </p>
   </div>
   <div class='ocr_carea' id='block_1_85' title="bbox 1302 4725 1518 4780">
    <p class='ocr_par' dir='ltr' id='par_1_85' title="bbox 1302 4725 1518 4780">
     <span class='ocr_line' id='line_1_85' title="bbox 1302 4725 1518 4780; baseline -0.009 0"><span class='ocrx_word' id='word_1_595' title='bbox 1302 4725 1518 4780; x_wconf 83' lang='lat' dir='ltr'><strong>XCVII.</strong></span> 
     </span>
    </p>
   </div>
   <div class='ocr_carea' id='block_1_86' title="bbox 1130 4825 1674 4870">
    <p class='ocr_par' dir='ltr' id='par_1_86' title="bbox 1130 4825 1674 4870">
     <span class='ocr_line' id='line_1_86' title="bbox 1130 4825 1674 4870; baseline -0.013 1"><span class='ocrx_word' id='word_1_596' title='bbox 1130 4832 1202 4870; x_wconf 79' lang='lat' dir='ltr'><strong>AD</strong></span> <span class='ocrx_word' id='word_1_597' title='bbox 1231 4825 1674 4870; x_wconf 70' lang='lat' dir='ltr'><strong>NEAPOLITANOS.</strong></span> 
     </span>
    </p>
   </div>
   <div class='ocr_carea' id='block_1_87' title="bbox 1231 4898 1594 4974">
    <p class='ocr_par' dir='ltr' id='par_1_87' title="bbox 1231 4898 1594 4974">
     <span class='ocr_line' id='line_1_87' title="bbox 1231 4898 1594 4974; baseline -0.008 -18"><span class='ocrx_word' id='word_1_598' title='bbox 1231 4903 1413 4974; x_wconf 82' lang='lat' dir='ltr'><strong>(Anno</strong></span> <span class='ocrx_word' id='word_1_599' title='bbox 1443 4898 1594 4968; x_wconf 82' lang='lat'><strong>877.)</strong></span> 
     </span>
    </p>
   </div>
   <div class='ocr_carea' id='block_1_88' title="bbox 615 4985 2206 5066">
    <p class='ocr_par' dir='ltr' id='par_1_88' title="bbox 615 4985 2206 5066">
     <span class='ocr_line' id='line_1_88' title="bbox 615 4985 2206 5066; baseline -0.011 -10"><span class='ocrx_word' id='word_1_600' title='bbox 615 4999 838 5056; x_wconf 83' lang='lat' dir='ltr'><strong>Laudat</strong></span> <span class='ocrx_word' id='word_1_601' title='bbox 864 5013 954 5052; x_wconf 78' lang='lat' dir='ltr'><strong>eos</strong></span> <span class='ocrx_word' id='word_1_602' title='bbox 983 4991 1158 5066; x_wconf 89' lang='lat' dir='ltr'><strong>quod,_</strong></span> <span class='ocrx_word' id='word_1_603' title='bbox 1175 4992 1294 5066; x_wconf 67' lang='lat' dir='ltr'><strong>zelo</strong></span> <span class='ocrx_word' id='word_1_604' title='bbox 1323 4990 1509 5066; x_wconf 70' lang='lat' dir='ltr'><strong>diuino</strong></span> <span class='ocrx_word' id='word_1_605' title='bbox 1525 4987 1770 5066; x_wconf 75' lang='lat' dir='ltr'><strong>accensi,</strong></span> <span class='ocrx_word' id='word_1_606' title='bbox 1801 4985 2055 5056; x_wconf 84' lang='lat' dir='ltr'><strong>Sergium</strong></span> <span class='ocrx_word' id='word_1_607' title='bbox 2085 5001 2120 5066; x_wconf 77' lang='grc' dir='ltr'><strong><em>ᾳ</em></strong></span> <span class='ocrx_word' id='word_1_608' title='bbox 2147 4998 2206 5038; x_wconf 77' lang='lat' dir='ltr'><strong>se</strong></span> 
     </span>
    </p>
   </div>
   <div class='ocr_carea' id='block_1_89' title="bbox 685 5055 2208 5150">
    <p class='ocr_par' dir='ltr' id='par_1_89' title="bbox 685 5055 2208 5150">
     <span class='ocr_line' id='line_1_89' title="bbox 685 5055 2208 5150; baseline -0.029 1"><span class='ocrx_word' id='word_1_609' title='bbox 685 5055 1014 5150; x_wconf 62' lang='grc' dir='ltr'><strong>ςιξθλρσενίηεζν</strong></span> <span class='ocrx_word' id='word_1_610' title='bbox 1047 5067 1104 5119; x_wconf 73' lang='grc' dir='ltr'><strong>εί</strong></span> <span class='ocrx_word' id='word_1_611' title='bbox 1122 5055 1498 5150; x_wconf 49' lang='lat' dir='ltr'><strong>Athenaeis&quot;:</strong></span> <span class='ocrx_word' id='word_1_612' title='bbox 1547 5055 1997 5150; x_wconf 44' lang='lat' dir='ltr'><strong>expiscareanqu</strong></span> <span class='ocrx_word' id='word_1_613' title='bbox 2023 5055 2208 5134; x_wconf 62' lang='grc' dir='ltr'><strong>τρέμει-</strong></span> 
     </span>
    </p>
   </div>
   <div class='ocr_carea' id='block_1_90' title="bbox 685 5125 2210 5206">
    <p class='ocr_par' dir='ltr' id='par_1_90' title="bbox 685 5125 2210 5206">
     <span class='ocr_line' id='line_1_90' title="bbox 685 5125 2210 5206; baseline -0.012 -11"><span class='ocrx_word' id='word_1_614' title='bbox 685 5125 842 5195; x_wconf 77' lang='grc' dir='ltr'><strong>ὺιῖἑιε</strong></span> <span class='ocrx_word' id='word_1_615' title='bbox 886 5125 1162 5206; x_wconf 73' lang='lat' dir='ltr'><strong>rectorem</strong></span> <span class='ocrx_word' id='word_1_616' title='bbox 1214 5130 1534 5206; x_wconf 86' lang='lat' dir='ltr'><strong>elegerint:</strong></span> <span class='ocrx_word' id='word_1_617' title='bbox 1571 5125 1834 5206; x_wconf 62' lang='lat' dir='ltr'><strong>praecipit</strong></span> <span class='ocrx_word' id='word_1_618' title='bbox 1890 5129 1958 5180; x_wconf 89' lang='lat' dir='ltr'><strong>ut</strong></span> <span class='ocrx_word' id='word_1_619' title='bbox 2015 5125 2070 5178; x_wconf 85' lang='lat' dir='ltr'><strong>ei</strong></span> <span class='ocrx_word' id='word_1_620' title='bbox 2105 5140 2210 5195; x_wconf 86' lang='lat' dir='ltr'><strong>pa-</strong></span> 
     </span>
    </p>
   </div>
   <div class='ocr_carea' id='block_1_91' title="bbox 684 5201 2201 5276">
    <p class='ocr_par' dir='ltr' id='par_1_91' title="bbox 684 5201 2201 5276">
     <span class='ocr_line' id='line_1_91' title="bbox 684 5201 2201 5276; baseline -0.011 -10"><span class='ocrx_word' id='word_1_621' title='bbox 684 5211 868 5272; x_wconf 87' lang='lat' dir='ltr'><strong>reant,</strong></span> <span class='ocrx_word' id='word_1_622' title='bbox 911 5204 1150 5276; x_wconf 66' lang='lat' dir='ltr'><strong>oﬁerens</strong></span> <span class='ocrx_word' id='word_1_623' title='bbox 1180 5217 1236 5257; x_wconf 83' lang='lat' dir='ltr'><strong>se</strong></span> <span class='ocrx_word' id='word_1_624' title='bbox 1263 5201 1379 5261; x_wconf 73' lang='lat' dir='ltr'><strong>una</strong></span> <span class='ocrx_word' id='word_1_625' title='bbox 1409 5215 1538 5256; x_wconf 87' lang='lat' dir='ltr'><strong>cum</strong></span> <span class='ocrx_word' id='word_1_626' title='bbox 1569 5201 1687 5271; x_wconf 84' lang='lat' dir='ltr'><strong>ipso</strong></span> <span class='ocrx_word' id='word_1_627' title='bbox 1735 5212 1929 5253; x_wconf 77' lang='lat' dir='ltr'><strong>eorum</strong></span> <span class='ocrx_word' id='word_1_628' title='bbox 1959 5207 2201 5250; x_wconf 85' lang='lat' dir='ltr'><strong>commo-</strong></span> 
     </span>
    </p>
   </div>
   <div class='ocr_carea' id='block_1_92' title="bbox 683 5277 1219 5334">
    <p class='ocr_par' dir='ltr' id='par_1_92' title="bbox 683 5277 1219 5334">
     <span class='ocr_line' id='line_1_92' title="bbox 683 5277 1219 5334; baseline -0.015 1"><span class='ocrx_word' id='word_1_629' title='bbox 683 5279 770 5334; x_wconf 81' lang='lat' dir='ltr'><strong>dis</strong></span> <span class='ocrx_word' id='word_1_630' title='bbox 798 5277 1219 5334; x_wconf 81' lang='lat' dir='ltr'><strong>consulturum.</strong></span> 
     </span>
    </p>
   </div>
   <div class='ocr_carea' id='block_1_93' title="bbox 676 5359 2198 5436">
    <p class='ocr_par' dir='ltr' id='par_1_93' title="bbox 676 5359 2198 5436">
     <span class='ocr_line' id='line_1_93' title="bbox 676 5359 2198 5436; baseline -0.011 -5"><span class='ocrx_word' id='word_1_631' title='bbox 676 5373 942 5432; x_wconf 91' lang='lat' dir='ltr'><strong>Omnibus</strong></span> <span class='ocrx_word' id='word_1_632' title='bbox 988 5369 1200 5428; x_wconf 85' lang='lat' dir='ltr'><strong>eximiis</strong></span> <span class='ocrx_word' id='word_1_633' title='bbox 1239 5365 1529 5436; x_wconf 87' lang='lat' dir='ltr'><strong>judicibus,</strong></span> <span class='ocrx_word' id='word_1_634' title='bbox 1581 5374 1635 5420; x_wconf 91' lang='lat' dir='ltr'><strong>et</strong></span> <span class='ocrx_word' id='word_1_635' title='bbox 1685 5362 1940 5419; x_wconf 89' lang='lat' dir='ltr'><strong>universo</strong></span> <span class='ocrx_word' id='word_1_636' title='bbox 1993 5359 2198 5432; x_wconf 83' lang='lat' dir='ltr'><strong>pepulo</strong></span> 
     </span>
    </p>
   </div>
   <div class='ocr_carea' id='block_1_94' title="bbox 605 5455 1258 5536">
    <p class='ocr_par' dir='ltr' id='par_1_94' title="bbox 605 5455 1258 5536">
     <span class='ocr_line' id='line_1_94' title="bbox 605 5455 1258 5536; baseline -0.021 -12"><span class='ocrx_word' id='word_1_637' title='bbox 605 5462 980 5536; x_wconf 70' lang='lat' dir='ltr'><strong>Neapolitana:</strong></span> <span class='ocrx_word' id='word_1_638' title='bbox 1007 5455 1258 5515; x_wconf 87' lang='lat' dir='ltr'><strong>civitatis.</strong></span> 
     </span>
    </p>
   </div>
   <div class='ocr_carea' id='block_1_95' title="bbox 674 5541 2243 5623">
    <p class='ocr_par' dir='ltr' id='par_1_95' title="bbox 674 5541 2243 5623">
     <span class='ocr_line' id='line_1_95' title="bbox 674 5541 2243 5623; baseline -0.01 -15"><span class='ocrx_word' id='word_1_639' title='bbox 674 5555 882 5623; x_wconf 80' lang='lat' dir='ltr'><strong>Quanta</strong></span> <span class='ocrx_word' id='word_1_640' title='bbox 901 5564 1044 5606; x_wconf 71' lang='lat' dir='ltr'><strong>verte</strong></span> <span class='ocrx_word' id='word_1_641' title='bbox 1064 5545 1188 5602; x_wconf 78' lang='lat' dir='ltr'><strong>fidei</strong></span> <span class='ocrx_word' id='word_1_642' title='bbox 1210 5542 1494 5600; x_wconf 88' lang='lat' dir='ltr'><strong>devotione</strong></span> <span class='ocrx_word' id='word_1_643' title='bbox 1517 5543 1662 5598; x_wconf 88' lang='lat' dir='ltr'><strong>circa</strong></span> <span class='ocrx_word' id='word_1_644' title='bbox 1685 5541 1852 5596; x_wconf 88' lang='lat' dir='ltr'><strong>Deum</strong></span> <span class='ocrx_word' id='word_1_645' title='bbox 1890 5545 2192 5594; x_wconf 85' lang='lat' dir='ltr'><strong>creatorem</strong></span> <span class='ocrx_word' id='word_1_646' title='bbox 2231 5566 2243 5592; x_wconf 79' lang='grc'><strong>-.</strong></span> 
     </span>
    </p>
   </div>
   <div class='ocr_carea' id='block_1_96' title="bbox 2300 3164 3912 3244">
    <p class='ocr_par' dir='ltr' id='par_1_96' title="bbox 2300 3164 3912 3244">
     <span class='ocr_line' id='line_1_96' title="bbox 2300 3164 3912 3244; baseline -0.011 -9"><span class='ocrx_word' id='word_1_647' title='bbox 2300 3177 2630 3236; x_wconf 88' lang='lat' dir='ltr'><strong>charissimi.</strong></span> <span class='ocrx_word' id='word_1_648' title='bbox 2693 3177 2866 3232; x_wconf 85' lang='lat' dir='ltr'><strong>Porro</strong></span> <span class='ocrx_word' id='word_1_649' title='bbox 2917 3171 3045 3244; x_wconf 90' lang='lat' dir='ltr'><strong>quia</strong></span> <span class='ocrx_word' id='word_1_650' title='bbox 3075 3171 3210 3240; x_wconf 87' lang='lat' dir='ltr'><strong>jam,</strong></span> <span class='ocrx_word' id='word_1_651' title='bbox 3271 3169 3392 3225; x_wconf 87' lang='lat' dir='ltr'><strong>aliis</strong></span> <span class='ocrx_word' id='word_1_652' title='bbox 3450 3167 3704 3223; x_wconf 90' lang='lat' dir='ltr'><strong>omnibus</strong></span> <span class='ocrx_word' id='word_1_653' title='bbox 3768 3164 3912 3220; x_wconf 89' lang='lat' dir='ltr'><strong>datis</strong></span> 
     </span>
    </p>
   </div>
   <div class='ocr_carea' id='block_1_97' title="bbox 2300 3255 3908 3335">
    <p class='ocr_par' dir='ltr' id='par_1_97' title="bbox 2300 3255 3908 3335">
     <span class='ocr_line' id='line_1_97' title="bbox 2300 3255 3908 3335; baseline -0.011 -11"><span class='ocrx_word' id='word_1_654' title='bbox 2300 3267 2596 3333; x_wconf 87' lang='lat' dir='ltr'><strong>mancosis,</strong></span> <span class='ocrx_word' id='word_1_655' title='bbox 2629 3264 2776 3320; x_wconf 89' lang='lat' dir='ltr'><strong>mille</strong></span> <span class='ocrx_word' id='word_1_656' title='bbox 2807 3259 3237 3335; x_wconf 88' lang='lat' dir='ltr'><strong>quadringentos</strong></span> <span class='ocrx_word' id='word_1_657' title='bbox 3267 3257 3424 3314; x_wconf 88' lang='lat' dir='ltr'><strong>vobis</strong></span> <span class='ocrx_word' id='word_1_658' title='bbox 3455 3257 3588 3312; x_wconf 91' lang='lat' dir='ltr'><strong>dare</strong></span> <span class='ocrx_word' id='word_1_659' title='bbox 3619 3255 3908 3322; x_wconf 89' lang='lat' dir='ltr'><strong>debemus,</strong></span> 
     </span>
    </p>
   </div>
   <div class='ocr_carea' id='block_1_98' title="bbox 2301 3343 3908 3424">
    <p class='ocr_par' dir='ltr' id='par_1_98' title="bbox 2301 3343 3908 3424">
     <span class='ocr_line' id='line_1_98' title="bbox 2301 3343 3908 3424; baseline -0.009 -12"><span class='ocrx_word' id='word_1_660' title='bbox 2301 3373 2368 3412; x_wconf 88' lang='lat' dir='ltr'><strong>ne</strong></span> <span class='ocrx_word' id='word_1_661' title='bbox 2397 3353 2712 3420; x_wconf 87' lang='lat' dir='ltr'><strong>turbemini,</strong></span> <span class='ocrx_word' id='word_1_662' title='bbox 2743 3351 2870 3424; x_wconf 88' lang='lat' dir='ltr'><strong>quia</strong></span> <span class='ocrx_word' id='word_1_663' title='bbox 2899 3365 2996 3404; x_wconf 91' lang='lat' dir='ltr'><strong>eos</strong></span> <span class='ocrx_word' id='word_1_664' title='bbox 3027 3347 3113 3402; x_wconf 90' lang='lat' dir='ltr'><strong>vel</strong></span> <span class='ocrx_word' id='word_1_665' title='bbox 3152 3347 3208 3401; x_wconf 93' lang='lat' dir='ltr'><strong>in</strong></span> <span class='ocrx_word' id='word_1_666' title='bbox 3237 3346 3388 3402; x_wconf 87' lang='lat' dir='ltr'><strong>initio</strong></span> <span class='ocrx_word' id='word_1_667' title='bbox 3428 3343 3908 3415; x_wconf 75' lang='lat' dir='ltr'><strong>Quadragesimae,</strong></span> 
     </span>
    </p>
   </div>
   <div class='ocr_carea' id='block_1_99' title="bbox 2303 3429 3912 3504">
    <p class='ocr_par' dir='ltr' id='par_1_99' title="bbox 2303 3429 3912 3504">
     <span class='ocr_line' id='line_1_99' title="bbox 2303 3429 3912 3504; baseline -0.009 -5"><span class='ocrx_word' id='word_1_668' title='bbox 2303 3445 2391 3500; x_wconf 89' lang='lat' dir='ltr'><strong>vel</strong></span> <span class='ocrx_word' id='word_1_669' title='bbox 2422 3444 2478 3498; x_wconf 91' lang='lat' dir='ltr'><strong>in</strong></span> <span class='ocrx_word' id='word_1_670' title='bbox 2493 3443 2580 3499; x_wconf 91' lang='lat' dir='ltr'><strong>die</strong></span> <span class='ocrx_word' id='word_1_671' title='bbox 2610 3448 2810 3497; x_wconf 83' lang='lat' dir='ltr'><strong>sanctae</strong></span> <span class='ocrx_word' id='word_1_672' title='bbox 2839 3433 3278 3494; x_wconf 82' lang='lat' dir='ltr'><strong>Resurrectionis</strong></span> <span class='ocrx_word' id='word_1_673' title='bbox 3307 3433 3462 3488; x_wconf 91' lang='lat' dir='ltr'><strong>vobis</strong></span> <span class='ocrx_word' id='word_1_674' title='bbox 3503 3431 3696 3504; x_wconf 91' lang='lat' dir='ltr'><strong>procul</strong></span> <span class='ocrx_word' id='word_1_675' title='bbox 3739 3429 3912 3485; x_wconf 90' lang='lat' dir='ltr'><strong>dubio</strong></span> 
     </span>
    </p>
   </div>
   <div class='ocr_carea' id='block_1_100' title="bbox 2301 3519 3911 3606">
    <p class='ocr_par' dir='ltr' id='par_1_100' title="bbox 2301 3519 3911 3606">
     <span class='ocr_line' id='line_1_100' title="bbox 2301 3519 3911 3606; baseline -0.009 -19"><span class='ocrx_word' id='word_1_676' title='bbox 2301 3533 2622 3606; x_wconf 88' lang='lat' dir='ltr'><strong>dirigemus.</strong></span> <span class='ocrx_word' id='word_1_677' title='bbox 2657 3531 2766 3584; x_wconf 88' lang='lat' dir='ltr'><strong>Vos</strong></span> <span class='ocrx_word' id='word_1_678' title='bbox 2797 3534 3004 3582; x_wconf 88' lang='lat' dir='ltr'><strong>tantum</strong></span> <span class='ocrx_word' id='word_1_679' title='bbox 3043 3531 3101 3577; x_wconf 92' lang='lat' dir='ltr'><strong>ut</strong></span> <span class='ocrx_word' id='word_1_680' title='bbox 3147 3521 3241 3576; x_wconf 86' lang='lat' dir='ltr'><strong>ﬁlii</strong></span> <span class='ocrx_word' id='word_1_681' title='bbox 3293 3519 3602 3578; x_wconf 85' lang='lat' dir='ltr'><strong>charissimi</strong></span> <span class='ocrx_word' id='word_1_682' title='bbox 3638 3520 3911 3574; x_wconf 84' lang='lat' dir='ltr'><strong>adversus</strong></span> 
     </span>
    </p>
   </div>
   <div class='ocr_carea' id='block_1_101' title="bbox 2303 3607 3910 3683">
    <p class='ocr_par' dir='ltr' id='par_1_101' title="bbox 2303 3607 3910 3683">
     <span class='ocr_line' id='line_1_101' title="bbox 2303 3607 3910 3683; baseline -0.009 -7"><span class='ocrx_word' id='word_1_683' title='bbox 2303 3620 2554 3683; x_wconf 83' lang='lat' dir='ltr'><strong>inﬁdeles</strong></span> <span class='ocrx_word' id='word_1_684' title='bbox 2585 3627 2640 3674; x_wconf 89' lang='lat' dir='ltr'><strong>et</strong></span> <span class='ocrx_word' id='word_1_685' title='bbox 2685 3630 3004 3673; x_wconf 90' lang='lat' dir='ltr'><strong>communes</strong></span> <span class='ocrx_word' id='word_1_686' title='bbox 3067 3611 3317 3668; x_wconf 90' lang='lat' dir='ltr'><strong>inimicos</strong></span> <span class='ocrx_word' id='word_1_687' title='bbox 3380 3609 3505 3665; x_wconf 90' lang='lat' dir='ltr'><strong>totis</strong></span> <span class='ocrx_word' id='word_1_688' title='bbox 3549 3607 3756 3662; x_wconf 88' lang='lat' dir='ltr'><strong>viribus</strong></span> <span class='ocrx_word' id='word_1_689' title='bbox 3805 3621 3910 3678; x_wconf 87' lang='lat' dir='ltr'><strong>pro</strong></span> 
     </span>
    </p>
   </div>
   <div class='ocr_carea' id='block_1_102' title="bbox 2304 3696 3910 3770">
    <p class='ocr_par' dir='ltr' id='par_1_102' title="bbox 2304 3696 3910 3770">
     <span class='ocr_line' id='line_1_102' title="bbox 2304 3696 3910 3770; baseline -0.011 -6"><span class='ocrx_word' id='word_1_690' title='bbox 2304 3707 2622 3764; x_wconf 83' lang='lat' dir='ltr'><strong>defensione</strong></span> <span class='ocrx_word' id='word_1_691' title='bbox 2653 3705 2914 3762; x_wconf 70' lang='lat' dir='ltr'><strong>Ecclesia:</strong></span> <span class='ocrx_word' id='word_1_692' title='bbox 2929 3703 3030 3760; x_wconf 90' lang='lat' dir='ltr'><strong>Dei</strong></span> <span class='ocrx_word' id='word_1_693' title='bbox 3059 3701 3330 3759; x_wconf 86' lang='lat' dir='ltr'><strong>desudare</strong></span> <span class='ocrx_word' id='word_1_694' title='bbox 3363 3696 3616 3770; x_wconf 85' lang='lat' dir='ltr'><strong>satagite,</strong></span> <span class='ocrx_word' id='word_1_695' title='bbox 3636 3702 3910 3766; x_wconf 86' lang='lat' dir='ltr'><strong>quatenus</strong></span> 
     </span>
    </p>
   </div>
   <div class='ocr_carea' id='block_1_103' title="bbox 2305 3783 3912 3868">
    <p class='ocr_par' dir='ltr' id='par_1_103' title="bbox 2305 3783 3912 3868">
     <span class='ocr_line' id='line_1_103' title="bbox 2305 3783 3912 3868; baseline -0.01 -17"><span class='ocrx_word' id='word_1_696' title='bbox 2305 3805 2358 3852; x_wconf 90' lang='lat' dir='ltr'><strong>et</strong></span> <span class='ocrx_word' id='word_1_697' title='bbox 2388 3795 2489 3851; x_wconf 88' lang='lat' dir='ltr'><strong>Dei</strong></span> <span class='ocrx_word' id='word_1_698' title='bbox 2508 3794 2740 3868; x_wconf 84' lang='lat' dir='ltr'><strong>gratiam</strong></span> <span class='ocrx_word' id='word_1_699' title='bbox 2762 3801 2814 3849; x_wconf 90' lang='lat' dir='ltr'><strong>et</strong></span> <span class='ocrx_word' id='word_1_700' title='bbox 2835 3801 3074 3848; x_wconf 90' lang='lat' dir='ltr'><strong>nostram</strong></span> <span class='ocrx_word' id='word_1_701' title='bbox 3105 3804 3322 3860; x_wconf 91' lang='lat' dir='ltr'><strong>semper</strong></span> <span class='ocrx_word' id='word_1_702' title='bbox 3351 3784 3790 3842; x_wconf 87' lang='lat' dir='ltr'><strong>benedictionem</strong></span> <span class='ocrx_word' id='word_1_703' title='bbox 3811 3783 3912 3836; x_wconf 86' lang='lat' dir='ltr'><strong>ha-</strong></span> 
     </span>
    </p>
   </div>
   <div class='ocr_carea' id='block_1_104' title="bbox 2307 3874 3903 3952">
    <p class='ocr_par' dir='ltr' id='par_1_104' title="bbox 2307 3874 3903 3952">
     <span class='ocr_line' id='line_1_104' title="bbox 2307 3874 3903 3952; baseline -0.009 -14"><span class='ocrx_word' id='word_1_704' title='bbox 2307 3884 2500 3940; x_wconf 87' lang='lat' dir='ltr'><strong>beatis.</strong></span> <span class='ocrx_word' id='word_1_705' title='bbox 2534 3883 2678 3938; x_wconf 87' lang='lat' dir='ltr'><strong>Bene</strong></span> <span class='ocrx_word' id='word_1_706' title='bbox 2697 3898 2796 3938; x_wconf 86' lang='lat' dir='ltr'><strong>vos</strong></span> <span class='ocrx_word' id='word_1_707' title='bbox 2812 3889 3064 3952; x_wconf 90' lang='lat' dir='ltr'><strong>optamus</strong></span> <span class='ocrx_word' id='word_1_708' title='bbox 3088 3879 3144 3934; x_wconf 91' lang='lat' dir='ltr'><strong>in</strong></span> <span class='ocrx_word' id='word_1_709' title='bbox 3163 3876 3421 3932; x_wconf 90' lang='lat' dir='ltr'><strong>Domino.</strong></span> <span class='ocrx_word' id='word_1_710' title='bbox 3447 3874 3588 3928; x_wconf 88' lang='lat' dir='ltr'><strong>Data</strong></span> <span class='ocrx_word' id='word_1_711' title='bbox 3610 3875 3677 3927; x_wconf 89' lang='lat' dir='ltr'><strong>ut</strong></span> <span class='ocrx_word' id='word_1_712' title='bbox 3707 3886 3903 3942; x_wconf 79' lang='lat' dir='ltr'><strong>supra.</strong></span> 
     </span>
    </p>
   </div>
   <div class='ocr_carea' id='block_1_105' title="bbox 2980 4003 3222 4060">
    <p class='ocr_par' dir='ltr' id='par_1_105' title="bbox 2980 4003 3222 4060">
     <span class='ocr_line' id='line_1_105' title="bbox 2980 4003 3222 4060; baseline -0.017 0"><span class='ocrx_word' id='word_1_713' title='bbox 2980 4003 3222 4060; x_wconf 83' lang='lat' dir='ltr'><strong>XCVIII.</strong></span> 
     </span>
    </p>
   </div>
   <div class='ocr_carea' id='block_1_106' title="bbox 2733 4112 3476 4158">
    <p class='ocr_par' dir='ltr' id='par_1_106' title="bbox 2733 4112 3476 4158">
     <span class='ocr_line' id='line_1_106' title="bbox 2733 4112 3476 4158; baseline -0.011 0"><span class='ocrx_word' id='word_1_714' title='bbox 2733 4119 2806 4158; x_wconf 76' lang='lat' dir='ltr'><strong>AD</strong></span> <span class='ocrx_word' id='word_1_715' title='bbox 2837 4115 3169 4158; x_wconf 69' lang='grc' dir='ltr'><strong>ιΑκιιΕιιτυΜ</strong></span> <span class='ocrx_word' id='word_1_716' title='bbox 3209 4112 3456 4153; x_wconf 69' lang='lat' dir='ltr'><strong>COHITEM</strong></span> <span class='ocrx_word' id='word_1_717' title='bbox 3465 4137 3476 4149; x_wconf 88' lang='lat'><strong>.</strong></span> 
     </span>
    </p>
   </div>
   <div class='ocr_carea' id='block_1_107' title="bbox 2917 4197 3276 4268">
    <p class='ocr_par' dir='ltr' id='par_1_107' title="bbox 2917 4197 3276 4268">
     <span class='ocr_line' id='line_1_107' title="bbox 2917 4197 3276 4268; baseline -0.008 -16"><span class='ocrx_word' id='word_1_718' title='bbox 2917 4199 3096 4268; x_wconf 84' lang='lat' dir='ltr'><strong>(Anno</strong></span> <span class='ocrx_word' id='word_1_719' title='bbox 3127 4197 3276 4265; x_wconf 87' lang='lat'><strong>8&#39;77.)</strong></span> 
     </span>
    </p>
   </div>
   <div class='ocr_carea' id='block_1_108' title="bbox 2309 4295 3908 4374">
    <p class='ocr_par' dir='ltr' id='par_1_108' title="bbox 2309 4295 3908 4374">
     <span class='ocr_line' id='line_1_108' title="bbox 2309 4295 3908 4374; baseline -0.009 -10"><span class='ocrx_word' id='word_1_720' title='bbox 2309 4309 2516 4364; x_wconf 84' lang='lat' dir='ltr'><strong>Scribit</strong></span> <span class='ocrx_word' id='word_1_721' title='bbox 2553 4323 2610 4362; x_wconf 80' lang='lat' dir='ltr'><strong>se</strong></span> <span class='ocrx_word' id='word_1_722' title='bbox 2644 4307 2707 4360; x_wconf 83' lang='lat' dir='ltr'><strong>in</strong></span> <span class='ocrx_word' id='word_1_723' title='bbox 2741 4305 2984 4361; x_wconf 86' lang='lat' dir='ltr'><strong>Galliam</strong></span> <span class='ocrx_word' id='word_1_724' title='bbox 3021 4304 3164 4358; x_wconf 83' lang='lat' dir='ltr'><strong>velle</strong></span> <span class='ocrx_word' id='word_1_725' title='bbox 3192 4301 3492 4374; x_wconf 76' lang='lat' dir='ltr'><strong>proﬁcisci,</strong></span> <span class='ocrx_word' id='word_1_726' title='bbox 3529 4295 3792 4374; x_wconf 78' lang='lat' dir='ltr'><strong>ideo_sub</strong></span> <span class='ocrx_word' id='word_1_727' title='bbox 3807 4311 3908 4374; x_wconf 66' lang='lat' dir='ltr'><strong>ea;-</strong></span> 
     </span>
    </p>
   </div>
   <div class='ocr_carea' id='block_1_109' title="bbox 2378 4366 3909 4446">
    <p class='ocr_par' dir='ltr' id='par_1_109' title="bbox 2378 4366 3909 4446">
     <span class='ocr_line' id='line_1_109' title="bbox 2378 4366 3909 4446; baseline -0.01 -12"><span class='ocrx_word' id='word_1_728' title='bbox 2378 4375 2909 4435; x_wconf 81' lang='lat' dir='ltr'><strong>communicationis</strong></span> <span class='ocrx_word' id='word_1_729' title='bbox 2951 4389 3118 4446; x_wconf 63' lang='lat' dir='ltr'><strong>plena</strong></span> <span class='ocrx_word' id='word_1_730' title='bbox 3187 4366 3448 4446; x_wconf 59' lang='lat' dir='ltr'><strong>praecipit</strong></span> <span class='ocrx_word' id='word_1_731' title='bbox 3471 4385 3544 4424; x_wconf 85' lang='lat' dir='ltr'><strong>ne</strong></span> <span class='ocrx_word' id='word_1_732' title='bbox 3572 4383 3631 4423; x_wconf 80' lang='lat' dir='ltr'><strong>se</strong></span> <span class='ocrx_word' id='word_1_733' title='bbox 3657 4366 3909 4446; x_wconf 57' lang='lat' dir='ltr'><strong>[absente</strong></span> 
     </span>
    </p>
   </div>
   <div class='ocr_carea' id='block_1_110' title="bbox 2381 4435 3905 4510">
    <p class='ocr_par' dir='ltr' id='par_1_110' title="bbox 2381 4435 3905 4510">
     <span class='ocr_line' id='line_1_110' title="bbox 2381 4435 3905 4510; baseline -0.01 -4"><span class='ocrx_word' id='word_1_734' title='bbox 2381 4453 2644 4507; x_wconf 73' lang='lat' dir='ltr'><strong>Romana:</strong></span> <span class='ocrx_word' id='word_1_735' title='bbox 2672 4448 2934 4502; x_wconf 78' lang='lat' dir='ltr'><strong>Ecclesia:</strong></span> <span class='ocrx_word' id='word_1_736' title='bbox 2951 4435 3260 4500; x_wconf 53' lang='lat' dir='ltr'><strong>&#39;territorio</strong></span> <span class='ocrx_word' id='word_1_737' title='bbox 3282 4435 3370 4498; x_wconf 85' lang='lat' dir='ltr'><strong>vel</strong></span> <span class='ocrx_word' id='word_1_738' title='bbox 3388 4435 3905 4510; x_wconf 59' lang='lat' dir='ltr'><strong>Romanw&#39;al-iquod</strong></span> 
     </span>
    </p>
   </div>
   <div class='ocr_carea' id='block_1_111' title="bbox 2381 4535 2926 4606">
    <p class='ocr_par' dir='ltr' id='par_1_111' title="bbox 2381 4535 2926 4606">
     <span class='ocr_line' id='line_1_111' title="bbox 2381 4535 2926 4606; baseline -0.011 -13"><span class='ocrx_word' id='word_1_739' title='bbox 2381 4539 2656 4592; x_wconf 85' lang='lat' dir='ltr'><strong>damnum</strong></span> <span class='ocrx_word' id='word_1_740' title='bbox 2689 4535 2926 4606; x_wconf 81' lang='lat' dir='ltr'><strong>inferat.</strong></span> 
     </span>
    </p>
   </div>
   <div class='ocr_carea' id='block_1_112' title="bbox 2379 4643 3527 4718">
    <p class='ocr_par' dir='ltr' id='par_1_112' title="bbox 2379 4643 3527 4718">
     <span class='ocr_line' id='line_1_112' title="bbox 2379 4643 3527 4718; baseline -0.006 -13"><span class='ocrx_word' id='word_1_741' title='bbox 2379 4649 2562 4705; x_wconf 89' lang='lat' dir='ltr'><strong>Nobili</strong></span> <span class='ocrx_word' id='word_1_742' title='bbox 2583 4648 2701 4704; x_wconf 88' lang='lat' dir='ltr'><strong>viro</strong></span> <span class='ocrx_word' id='word_1_743' title='bbox 2734 4648 3034 4702; x_wconf 67' lang='lat' dir='ltr'><strong>Lauaaa&#39;ro</strong></span> <span class='ocrx_word' id='word_1_744' title='bbox 3063 4643 3307 4718; x_wconf 89' lang='lat' dir='ltr'><strong>glorioso</strong></span> <span class='ocrx_word' id='word_1_745' title='bbox 3325 4643 3527 4699; x_wconf 90' lang='lat' dir='ltr'><strong>comiti.</strong></span> 
     </span>
    </p>
   </div>
   <div class='ocr_carea' id='block_1_113' title="bbox 2380 4734 3908 4810">
    <p class='ocr_par' dir='ltr' id='par_1_113' title="bbox 2380 4734 3908 4810">
     <span class='ocr_line' id='line_1_113' title="bbox 2380 4734 3908 4810; baseline -0.001 -17"><span class='ocrx_word' id='word_1_746' title='bbox 2380 4736 2676 4810; x_wconf 87' lang='lat' dir='ltr'><strong>Sagacitati</strong></span> <span class='ocrx_word' id='word_1_747' title='bbox 2738 4751 2803 4791; x_wconf 89' lang='lat' dir='ltr'><strong>ac</strong></span> <span class='ocrx_word' id='word_1_748' title='bbox 2837 4734 3140 4806; x_wconf 85' lang='lat' dir='ltr'><strong>prudentiae</strong></span> <span class='ocrx_word' id='word_1_749' title='bbox 3187 4742 3383 4789; x_wconf 69' lang='lat' dir='ltr'><strong>vestrae</strong></span> <span class='ocrx_word' id='word_1_750' title='bbox 3418 4741 3602 4789; x_wconf 90' lang='lat' dir='ltr'><strong>notum</strong></span> <span class='ocrx_word' id='word_1_751' title='bbox 3640 4751 3765 4791; x_wconf 90' lang='lat' dir='ltr'><strong>esse</strong></span> <span class='ocrx_word' id='word_1_752' title='bbox 3805 4750 3908 4791; x_wconf 88' lang='lat' dir='ltr'><strong>vo-</strong></span> 
     </span>
    </p>
   </div>
   <div class='ocr_carea' id='block_1_114' title="bbox 2307 4821 3902 4896">
    <p class='ocr_par' dir='ltr' id='par_1_114' title="bbox 2307 4821 3902 4896">
     <span class='ocr_line' id='line_1_114' title="bbox 2307 4821 3902 4896; baseline -0.002 -16"><span class='ocrx_word' id='word_1_753' title='bbox 2307 4827 2489 4880; x_wconf 91' lang='lat' dir='ltr'><strong>lumus</strong></span> <span class='ocrx_word' id='word_1_754' title='bbox 2519 4825 2648 4896; x_wconf 89' lang='lat' dir='ltr'><strong>quia</strong></span> <span class='ocrx_word' id='word_1_755' title='bbox 2676 4839 2787 4878; x_wconf 91' lang='lat' dir='ltr'><strong>non</strong></span> <span class='ocrx_word' id='word_1_756' title='bbox 2816 4823 2993 4879; x_wconf 91' lang='lat' dir='ltr'><strong>solum</strong></span> <span class='ocrx_word' id='word_1_757' title='bbox 3022 4838 3124 4894; x_wconf 89' lang='lat' dir='ltr'><strong>pro</strong></span> <span class='ocrx_word' id='word_1_758' title='bbox 3157 4821 3391 4876; x_wconf 88' lang='lat' dir='ltr'><strong>assiduis</strong></span> <span class='ocrx_word' id='word_1_759' title='bbox 3437 4837 3780 4894; x_wconf 86' lang='lat' dir='ltr'><strong>paganorum</strong></span> <span class='ocrx_word' id='word_1_760' title='bbox 3813 4823 3902 4878; x_wconf 90' lang='lat' dir='ltr'><strong>in-</strong></span> 
     </span>
    </p>
   </div>
   <div class='ocr_carea' id='block_1_115' title="bbox 2303 4909 3904 4984">
    <p class='ocr_par' dir='ltr' id='par_1_115' title="bbox 2303 4909 3904 4984">
     <span class='ocr_line' id='line_1_115' title="bbox 2303 4909 3904 4984; baseline -0.001 -14"><span class='ocrx_word' id='word_1_761' title='bbox 2303 4913 2702 4978; x_wconf 88' lang='lat' dir='ltr'><strong>festationibus,</strong></span> <span class='ocrx_word' id='word_1_762' title='bbox 2737 4927 2873 4984; x_wconf 91' lang='lat' dir='ltr'><strong>quas</strong></span> <span class='ocrx_word' id='word_1_763' title='bbox 2901 4927 3031 4968; x_wconf 90' lang='lat' dir='ltr'><strong>ecce</strong></span> <span class='ocrx_word' id='word_1_764' title='bbox 3053 4911 3167 4980; x_wconf 88' lang='lat' dir='ltr'><strong>jam</strong></span> <span class='ocrx_word' id='word_1_765' title='bbox 3196 4909 3492 4976; x_wconf 88' lang='lat' dir='ltr'><strong>biennium,</strong></span> <span class='ocrx_word' id='word_1_766' title='bbox 3544 4911 3760 4968; x_wconf 89' lang='lat' dir='ltr'><strong>nemine</strong></span> <span class='ocrx_word' id='word_1_767' title='bbox 3801 4912 3904 4968; x_wconf 83' lang='lat' dir='ltr'><strong>de-</strong></span> 
     </span>
    </p>
   </div>
   <div class='ocr_carea' id='block_1_116' title="bbox 2303 4997 3902 5071">
    <p class='ocr_par' dir='ltr' id='par_1_116' title="bbox 2303 4997 3902 5071">
     <span class='ocr_line' id='line_1_116' title="bbox 2303 4997 3902 5071; baseline -0.002 -13"><span class='ocrx_word' id='word_1_768' title='bbox 2303 5002 2566 5058; x_wconf 88' lang='lat' dir='ltr'><strong>fensionis</strong></span> <span class='ocrx_word' id='word_1_769' title='bbox 2601 5001 2760 5056; x_wconf 88' lang='lat' dir='ltr'><strong>nobis</strong></span> <span class='ocrx_word' id='word_1_770' title='bbox 2815 5001 3092 5071; x_wconf 62' lang='lat' dir='ltr'><strong>praebente</strong></span> <span class='ocrx_word' id='word_1_771' title='bbox 3153 4997 3426 5064; x_wconf 90' lang='lat' dir='ltr'><strong>solatium,</strong></span> <span class='ocrx_word' id='word_1_772' title='bbox 3485 4999 3740 5070; x_wconf 89' lang='lat' dir='ltr'><strong>patimur,</strong></span> <span class='ocrx_word' id='word_1_773' title='bbox 3803 4999 3902 5056; x_wconf 86' lang='lat' dir='ltr'><strong>sed</strong></span> 
     </span>
    </p>
   </div>
   <div class='ocr_carea' id='block_1_117' title="bbox 2307 5086 3901 5160">
    <p class='ocr_par' dir='ltr' id='par_1_117' title="bbox 2307 5086 3901 5160">
     <span class='ocr_line' id='line_1_117' title="bbox 2307 5086 3901 5160; baseline -0.002 -15"><span class='ocrx_word' id='word_1_774' title='bbox 2307 5091 2470 5146; x_wconf 88' lang='lat' dir='ltr'><strong>etiam</strong></span> <span class='ocrx_word' id='word_1_775' title='bbox 2499 5105 2601 5160; x_wconf 91' lang='lat' dir='ltr'><strong>pro</strong></span> <span class='ocrx_word' id='word_1_776' title='bbox 2631 5088 2934 5143; x_wconf 89' lang='lat' dir='ltr'><strong>innumeris</strong></span> <span class='ocrx_word' id='word_1_777' title='bbox 2953 5096 3006 5142; x_wconf 91' lang='lat' dir='ltr'><strong>et</strong></span> <span class='ocrx_word' id='word_1_778' title='bbox 3035 5103 3199 5157; x_wconf 88' lang='lat' dir='ltr'><strong>supra</strong></span> <span class='ocrx_word' id='word_1_779' title='bbox 3227 5086 3449 5142; x_wconf 91' lang='lat' dir='ltr'><strong>modum</strong></span> <span class='ocrx_word' id='word_1_780' title='bbox 3495 5087 3759 5160; x_wconf 86' lang='lat' dir='ltr'><strong>gravibus</strong></span> <span class='ocrx_word' id='word_1_781' title='bbox 3796 5103 3901 5159; x_wconf 64' lang='lat' dir='ltr'><strong>op.</strong></span> 
     </span>
    </p>
   </div>
   <div class='ocr_carea' id='block_1_118' title="bbox 2306 5175 3900 5250">
    <p class='ocr_par' dir='ltr' id='par_1_118' title="bbox 2306 5175 3900 5250">
     <span class='ocr_line' id='line_1_118' title="bbox 2306 5175 3900 5250; baseline -0.002 -17"><span class='ocrx_word' id='word_1_782' title='bbox 2306 5179 2682 5250; x_wconf 90' lang='lat' dir='ltr'><strong>pressionibus</strong></span> <span class='ocrx_word' id='word_1_783' title='bbox 2713 5193 2834 5248; x_wconf 86' lang='lat' dir='ltr'><strong>quae</strong></span> <span class='ocrx_word' id='word_1_784' title='bbox 2877 5176 3036 5231; x_wconf 90' lang='lat' dir='ltr'><strong>nobis</strong></span> <span class='ocrx_word' id='word_1_785' title='bbox 3081 5190 3191 5230; x_wconf 90' lang='lat' dir='ltr'><strong>una</strong></span> <span class='ocrx_word' id='word_1_786' title='bbox 3235 5190 3360 5230; x_wconf 89' lang='lat' dir='ltr'><strong>cum</strong></span> <span class='ocrx_word' id='word_1_787' title='bbox 3406 5175 3689 5232; x_wconf 91' lang='lat' dir='ltr'><strong>Dominico</strong></span> <span class='ocrx_word' id='word_1_788' title='bbox 3731 5191 3900 5250; x_wconf 84' lang='lat' dir='ltr'><strong>grege</strong></span> 
     </span>
    </p>
   </div>
   <div class='ocr_carea' id='block_1_119' title="bbox 2300 5263 3900 5334">
    <p class='ocr_par' dir='ltr' id='par_1_119' title="bbox 2300 5263 3900 5334">
     <span class='ocr_line' id='line_1_119' title="bbox 2300 5263 3900 5334; baseline -0.001 -11"><span class='ocrx_word' id='word_1_789' title='bbox 2300 5267 2558 5323; x_wconf 89' lang='lat' dir='ltr'><strong>divinitus</strong></span> <span class='ocrx_word' id='word_1_790' title='bbox 2607 5265 2902 5323; x_wconf 90' lang='lat' dir='ltr'><strong>commisso</strong></span> <span class='ocrx_word' id='word_1_791' title='bbox 2971 5264 3024 5318; x_wconf 92' lang='lat' dir='ltr'><strong>in</strong></span> <span class='ocrx_word' id='word_1_792' title='bbox 3075 5277 3231 5333; x_wconf 87' lang='lat' dir='ltr'><strong>pace,</strong></span> <span class='ocrx_word' id='word_1_793' title='bbox 3283 5279 3444 5334; x_wconf 90' lang='lat' dir='ltr'><strong>quam</strong></span> <span class='ocrx_word' id='word_1_794' title='bbox 3477 5263 3724 5319; x_wconf 89' lang='lat' dir='ltr'><strong>Christus</strong></span> <span class='ocrx_word' id='word_1_795' title='bbox 3753 5265 3900 5320; x_wconf 85' lang='lat' dir='ltr'><strong>Deus</strong></span> 
     </span>
    </p>
   </div>
   <div class='ocr_carea' id='block_1_120' title="bbox 2301 5351 3900 5426">
    <p class='ocr_par' dir='ltr' id='par_1_120' title="bbox 2301 5351 3900 5426">
     <span class='ocr_line' id='line_1_120' title="bbox 2301 5351 3900 5426; baseline -0.003 -16"><span class='ocrx_word' id='word_1_796' title='bbox 2301 5364 2482 5411; x_wconf 89' lang='lat' dir='ltr'><strong>noster</strong></span> <span class='ocrx_word' id='word_1_797' title='bbox 2513 5373 2573 5410; x_wconf 89' lang='lat' dir='ltr'><strong>se</strong></span> <span class='ocrx_word' id='word_1_798' title='bbox 2603 5353 2896 5426; x_wconf 72' lang='lat' dir='ltr'><strong>diligentes</strong></span> <span class='ocrx_word' id='word_1_799' title='bbox 2926 5351 3132 5406; x_wconf 86' lang='lat' dir='ltr'><strong>habere</strong></span> <span class='ocrx_word' id='word_1_800' title='bbox 3146 5351 3320 5419; x_wconf 89' lang='lat' dir='ltr'><strong>jubet,</strong></span> <span class='ocrx_word' id='word_1_801' title='bbox 3345 5351 3787 5421; x_wconf 88' lang='lat' dir='ltr'><strong>consistentibus,</strong></span> <span class='ocrx_word' id='word_1_802' title='bbox 3831 5351 3900 5408; x_wconf 83' lang='lat' dir='ltr'><strong>ab</strong></span> 
     </span>
    </p>
   </div>
   <div class='ocr_carea' id='block_1_121' title="bbox 2296 5438 3899 5510">
    <p class='ocr_par' dir='ltr' id='par_1_121' title="bbox 2296 5438 3899 5510">
     <span class='ocr_line' id='line_1_121' title="bbox 2296 5438 3899 5510; baseline -0.004 -10"><span class='ocrx_word' id='word_1_803' title='bbox 2296 5443 2626 5500; x_wconf 88' lang='lat' dir='ltr'><strong>adversariis</strong></span> <span class='ocrx_word' id='word_1_804' title='bbox 2668 5442 2811 5496; x_wconf 87' lang='lat' dir='ltr'><strong>illata</strong></span> <span class='ocrx_word' id='word_1_805' title='bbox 2851 5449 2974 5494; x_wconf 87' lang='lat' dir='ltr'><strong>sunt</strong></span> <span class='ocrx_word' id='word_1_806' title='bbox 3029 5447 3082 5494; x_wconf 90' lang='lat' dir='ltr'><strong>et</strong></span> <span class='ocrx_word' id='word_1_807' title='bbox 3151 5438 3392 5510; x_wconf 89' lang='lat' dir='ltr'><strong>quotidie</strong></span> <span class='ocrx_word' id='word_1_808' title='bbox 3461 5439 3778 5506; x_wconf 88' lang='lat' dir='ltr'><strong>inferuntur,</strong></span> <span class='ocrx_word' id='word_1_809' title='bbox 3847 5441 3899 5495; x_wconf 88' lang='lat' dir='ltr'><strong>in</strong></span> 
     </span>
    </p>
   </div>
   <div class='ocr_carea' id='block_1_122' title="bbox 2295 5529 3898 5607">
    <p class='ocr_par' dir='ltr' id='par_1_122' title="bbox 2295 5529 3898 5607">
     <span class='ocr_line' id='line_1_122' title="bbox 2295 5529 3898 5607; baseline -0.003 -18"><span class='ocrx_word' id='word_1_810' title='bbox 2295 5531 2505 5607; x_wconf 82' lang='lat' dir='ltr'><strong>gremio</strong></span> <span class='ocrx_word' id='word_1_811' title='bbox 2535 5531 2681 5586; x_wconf 90' lang='lat' dir='ltr'><strong>sedis</strong></span> <span class='ocrx_word' id='word_1_812' title='bbox 2697 5529 3028 5601; x_wconf 64' lang='lat' dir='ltr'><strong>apostolicae,</strong></span> <span class='ocrx_word' id='word_1_813' title='bbox 3044 5545 3166 5600; x_wconf 75' lang='lat' dir='ltr'><strong>quae</strong></span> <span class='ocrx_word' id='word_1_814' title='bbox 3195 5537 3360 5599; x_wconf 89' lang='lat' dir='ltr'><strong>caput</strong></span> <span class='ocrx_word' id='word_1_815' title='bbox 3387 5537 3468 5584; x_wconf 88' lang='lat' dir='ltr'><strong>est</strong></span> <span class='ocrx_word' id='word_1_816' title='bbox 3499 5529 3649 5584; x_wconf 90' lang='lat' dir='ltr'><strong>orbis</strong></span> <span class='ocrx_word' id='word_1_817' title='bbox 3673 5538 3722 5584; x_wconf 88' lang='lat' dir='ltr'><strong>et</strong></span> <span class='ocrx_word' id='word_1_818' title='bbox 3775 5546 3898 5585; x_wconf 86' lang='lat' dir='ltr'><strong>om-</strong></span> 
     </span>
    </p>
   </div>
   <div class='ocr_carea' id='block_1_123' title="bbox 670 5652 3326 5742">
    <p class='ocr_par' dir='ltr' id='par_1_123' title="bbox 670 5652 3326 5742">
     <span class='ocr_line' id='line_1_123' title="bbox 670 5652 3326 5742; baseline -0.011 -8"><span class='ocrx_word' id='word_1_819' title='bbox 670 5688 692 5718; x_wconf 78' lang='grc'><strong><em>⁸</em></strong></span> <span class='ocrx_word' id='word_1_820' title='bbox 716 5678 947 5742; x_wconf 83' lang='lat' dir='ltr'><strong>Loquitur</strong></span> <span class='ocrx_word' id='word_1_821' title='bbox 971 5675 1031 5728; x_wconf 88' lang='lat' dir='ltr'><strong>de</strong></span> <span class='ocrx_word' id='word_1_822' title='bbox 1054 5672 1244 5736; x_wconf 75' lang='lat' dir='ltr'><strong>Sergio,</strong></span> <span class='ocrx_word' id='word_1_823' title='bbox 1289 5673 1342 5721; x_wconf 86' lang='lat' dir='ltr'><strong>ut</strong></span> <span class='ocrx_word' id='word_1_824' title='bbox 1360 5671 1552 5721; x_wconf 86' lang='lat' dir='ltr'><strong>constat</strong></span> <span class='ocrx_word' id='word_1_825' title='bbox 1575 5680 1635 5719; x_wconf 79' lang='lat' dir='ltr'><strong>ex</strong></span> <span class='ocrx_word' id='word_1_826' title='bbox 1685 5665 1893 5729; x_wconf 86' lang='lat' dir='ltr'><strong>epistola</strong></span> <span class='ocrx_word' id='word_1_827' title='bbox 1937 5663 2178 5728; x_wconf 76' lang='lat' dir='ltr'><strong>proxima,</strong></span> <span class='ocrx_word' id='word_1_828' title='bbox 2207 5660 2344 5724; x_wconf 83' lang='lat' dir='ltr'><strong>cujus</strong></span> <span class='ocrx_word' id='word_1_829' title='bbox 2369 5661 2466 5712; x_wconf 84' lang='lat' dir='ltr'><strong>Leo</strong></span> <span class='ocrx_word' id='word_1_830' title='bbox 2492 5656 2730 5710; x_wconf 75' lang='lat' dir='ltr'><strong>Ostiensis</strong></span> <span class='ocrx_word' id='word_1_831' title='bbox 2748 5654 3079 5708; x_wconf 69' lang='lat' dir='ltr'><strong>meminit&#39;lib.</strong></span> <span class='ocrx_word' id='word_1_832' title='bbox 3106 5669 3140 5705; x_wconf 83' lang='grc' dir='ltr'><strong>ι.</strong></span> <span class='ocrx_word' id='word_1_833' title='bbox 3171 5667 3214 5706; x_wconf 91' lang='lat' dir='ltr'><strong>c.</strong></span> <span class='ocrx_word' id='word_1_834' title='bbox 3245 5652 3326 5704; x_wconf 73' lang='grc'><strong>42.</strong></span> 
     </span>
    </p>
   </div>
  </div>
