4160 6318
288 249 393 303 ⁸749

1449 249 1801 306 EPISTOLE
1845 248 1937 303 ET
1983 249 2328 306 DECRETA.

3483 255 3579 308 750

291 369 442 424 nium
471 377 647 426 mater
675 369 938 439 fidelium,
993 372 1171 442 quiete
1229 387 1294 428 ac
1346 373 1611 428 securiter
1664 387 1886 427 manere
1915 371 1970 430 A
1999 371 2124 426 tatis
2179 379 2447 441 astruunt,
2507 372 2634 443 quia
2708 372 2991 444 utriusque
3017 373 3264 441 abbates,
3340 374 3581 429 Joannes

293 457 451 512 nobis
480 457 700 512 minime
729 457 876 514 licet.
911 459 1041 513 Ideo
1071 459 1356 514 Franciam
1403 477 1504 531 per
1558 461 1661 515 iter
1718 459 1888 514 mari-

294 560 426 599 num
454 542 747 616 proﬁcisci,
782 545 1188 618 gloriosumque
1217 547 1673 602 Carolomannum
1703 563 1889 618 regem

293 631 466 700 adire,
497 641 658 703 atque
689 641 927 704 optatam
956 633 1099 688 illius
1148 635 1496 706 contemplari
1541 635 1889 705 przesentiam

295 719 564 790 cupimus,
597 737 699 791 pro
737 721 908 776 salute
964 721 1171 777 scilicet
1228 738 1293 778 ac
1350 722 1668 778 defensione
1729 730 1890 778 terra!

296 807 470 863 sancti
536 808 700 874 Petri,
769 817 822 863 et
884 809 1047 864 totius
1112 809 1522 864 Christianitatis
1579 810 1891 880 suppliciter

295 894 654 966 deprecantes
686 913 700 949 :
733 904 998 966 quatenus
1027 897 1128 951 Dei
1157 897 1540 967 omnipotentis
1569 898 1778 962 solatio,
1839 905 1891 952 et

295 981 450 1052 regia
477 981 672 1037 virtute
701 983 878 1046 nobis,
935 992 1095 1053 prout
1149 991 1513 1053 opportunum
1572 993 1673 1048 est,
1735 983 1893 1038 solati

295 1076 421 1123 ante
449 1068 724 1139 possimus
753 1070 954 1124 salubri
997 1085 1370 1142 prosperaque
1417 1087 1675 1126 successu
1697 1087 1893 1142 regere

296 1164 461 1228 atque
490 1157 628 1212 tueri
684 1157 1039 1222 territorium,
1073 1165 1124 1212 et
1139 1159 1397 1228 populum
1419 1159 1633 1213 Domini
1654 1159 1892 1230 pretioso

297 1260 494 1300 cruore
523 1245 880 1316 redemptum,
906 1262 973 1300 ne
995 1262 1096 1316 pro
1109 1245 1290 1317 aliquo
1318 1263 1510 1302 eorum
1531 1263 1630 1317 per
1651 1255 1892 1302 nostram

299 1331 566 1386 desidiam
597 1333 684 1388 vel
713 1333 974 1388 incuriam
999 1342 1277 1403 pereunte,
1323 1334 1618 1389 districtam
1661 1335 1894 1389 Domino

297 1435 561 1492 cogamur
587 1421 818 1477 reddere
863 1421 1147 1476 rationem.
1202 1421 1330 1476 Ideo
1380 1438 1665 1476 monemus
1712 1430 1765 1476 et
1810 1421 1896 1476 his

297 1507 467 1562 nostri
499 1509 830 1578 apostolatus
868 1508 1060 1562 litteris
1117 1509 1458 1563 dilectionem
1517 1517 1748 1563 vestram
1806 1508 1895 1578 pio

299 1593 490 1648 intuitu
521 1595 871 1650 exhortamur
899 1605 955 1650 ut
1014 1596 1171 1650 nobis
1229 1597 1554 1650 abeuntibus
1614 1596 1896 1652 Franciam

298 1698 399 1752 pro
427 1681 743 1739 defensione
768 1691 970 1739 sancta:
993 1683 1090 1738 Dei
1108 1684 1369 1738 Ecclesiae
1393 1693 1445 1738 et
1477 1683 1770 1755 republica
1786 1692 1892 1738 sta-
1919 1709 1972 1768 Β

298 1769 500 1825 bilitate
529 1770 733 1825 nullam
762 1771 1200 1826 contrarietatem
1232 1772 1318 1826 vel
1347 1771 1686 1827 inimicitiam
1741 1787 1893 1826 exer-

300 1859 468 1913 ceatis
494 1858 548 1912 in
579 1866 690 1914 toto
721 1859 990 1914 territorio
1019 1859 1278 1929 principis
1308 1859 1694 1929 apostolorum,
1719 1875 1896 1930 neque

302 1946 454 2001 urbis
481 1947 687 2010 Romae,
719 1964 841 2018 qum
869 1955 950 2002 est
981 1947 1172 2002 civitas
1204 1947 1556 2003 sacerdotalis
1611 1955 1663 2001 et
1720 1947 1892 2017 regia,

301 2049 403 2103 per
431 2049 635 2089 sacram
668 2035 810 2090 beati
840 2034 978 2089 Petri
1009 2035 1215 2098 sedem,
1275 2034 1486 2105 aliquas
1539 2035 1896 2088 adversitates

301 2121 388 2176 vel
415 2121 642 2176 insidias
685 2122 1025 2192 praeparatis,
1085 2138 1262 2192 neque
1320 2121 1548 2186 faciatis,
1609 2121 1896 2192 facereque

301 2204 608 2259 volentibus
635 2205 748 2260 ullo
778 2206 940 2260 modo
970 2205 1338 2262 consentiatis.
1373 2204 1513 2273 Quia
1545 2205 1591 2258 si
1646 2221 1748 2275 per
1799 2220 1898 2260 vos

302 2300 391 2346 aut
419 2307 519 2362 per
548 2293 703 2348 vobis
732 2293 1007 2361 subjectos
1037 2294 1284 2348 homines
1312 2294 1505 2348 eadem
1536 2293 1669 2346 urbs
1725 2293 1900 2348 Roma

301 2381 761 2450 perturbationem
805 2381 1040 2452 aliquam
1095 2381 1179 2436 vel
1235 2381 1734 2437 dehonestationem
1793 2381 1898 2434 ha-

303 2467 500 2537 buerit,
531 2469 618 2524 vel
643 2469 872 2523 adversa
905 2469 1158 2540 quaelibet
1203 2469 1539 2535 sustinuerit,
1585 2484 1688 2539 pro
1747 2476 1898 2522 certo

306 2555 506 2633 scitote.
527 2557 652 2628 quia
683 2556 964 2612 canonicis
1011 2572 1110 2612 vos
1156 2557 1598 2628 correptionibus
1643 2571 1765 2612 cum
1813 2555 1899 2610 vi-

303 2643 457 2700 ctrici
485 2644 656 2700 sancti
685 2645 915 2715 Spiritus
960 2645 1282 2700 auctoritate
1339 2645 1666 2700 omnimodis
1718 2644 1901 2698 redar-

305 2746 559 2803 guemus,
595 2740 648 2787 et
674 2732 743 2787 ab
773 2731 1086 2802 apostolicae
1119 2733 1265 2786 sedis
1297 2732 1680 2788 communione
1707 2731 1902 2786 merito

309 2819 705 2889 separabimus.
738 2821 879 2875 Data
909 2824 974 2876 ut
1003 2837 1196 2892 supra.

1001 2925 1196 2980 XCIX.

536 3011 608 3050 an
639 3009 988 3134 ιΑΝυυιΡυᾶ
1004 3011 1314 3120 Episgqguu
1351 3009 1672 3050 CAPUANUH.

995 3082 1102 3120 uno
1247 3077 1286 3134 .)

995 3082 1102 3120 nno
1136 3077 1286 3135 877.)

310 3155 493 3211 Monet
511 3158 576 3208 ut
597 3155 920 3210 consentiat
935 3171 1065 3209 cum
1082 3155 1390 3209 Athanasio
1403 3154 1651 3224 episcopo
1685 3153 1903 3224 Neapo-

383 3225 560 3280 litano
607 3225 682 3280 ad
734 3225 996 3280 Ecclesiae
1041 3227 1304 3280 Romanae
1369 3225 1754 3293 defensionem
1813 3225 1904 3277 :et

382 3299 544 3420 αἴνει
559 3297 794 3378 paetum
813 3311 943 3350 cum
975 3295 1344 3362 'Amalﬁtanis
1379 3297 1621 3364 factum,
1666 3293 1732 3347 ab
1767 3293 1905 3364 ipsis

382 3383 412 3420 ο
446 3381 679 3420 servari.

381 3450 855 3509 Reverendissimo
886 3460 938 3506 et
967 3452 1314 3508 sanctissimo
1326 3452 1626 3506 LANDULFO
1649 3449 1910 3520 episcopo

319 3543 594 3612 Capuano.

380 3628 592 3700 Quanto
620 3627 799 3684 studio
829 3636 919 3684 tua
949 3629 1171 3684 dilectio
1204 3637 1399 3700 tuaque
1433 3626 1671 3698 benigna
1710 3625 1906 3680 frater-

311 3717 454 3773 nitas
483 3733 614 3790 erga
642 3715 1020 3771 defensionem
1051 3732 1116 3772 ac
1147 3716 1525 3770 liberationem
1552 3713 1907 3784 obsequium-

310 3821 432 3878 quaa
462 3813 661 3862 sanctae
681 3805 942 3879 Romana:
963 3803 1230 3869 ecclesiae,
1263 3803 1370 3872 cui,
1396 3804 1511 3858 Deo
1531 3809 1766 3866 auctore,
1800 3799 1910 3856 cul-

311 3893 459 3949 mine
473 3893 849 3964 praesidemus,
873 3891 1220 3958 laboraverit,
1248 3892 1486 3962 totisque
1505 3889 1713 3944 nisibus
1725 3887 1909 3944 cordis

312 3983 367 4036 in
381 3989 526 4052 parte
541 3979 712 4036 nostri
726 3979 911 4050 aperis
925 3979 1291 4046 desudaverit,
1312 3979 1499 4034 sedula
1511 3976 1911 4032 reminiscimur

307 4069 497 4142 procul
529 4068 698 4124 dubio
733 4068 1138 4134 recordatione,
1171 4076 1369 4139 tuaque
1400 4067 1469 4121 ob
1495 4067 1599 4120 hoc
1628 4063 1910 4119 retributio

310 4167 418 4214 tam
439 4158 580 4230 apud
603 4158 774 4212 Deum
795 4171 956 4228 quam
979 4157 1123 4227 apud
1143 4171 1242 4210 nos
1259 4155 1360 4210 erit
1382 4155 1438 4207 in
1470 4161 1724 4223 promptu
1752 4151 1909 4205 indu-

311 4247 545 4302 bitanter
559 4252 773 4316 parata.
805 4243 1168 4314 Quapropter,
1188 4243 1312 4314 quia
1329 4250 1380 4296 te
1401 4240 1557 4295 valde
1579 4240 1834 4293 idoneum
1855 4237 1910 4291 in

315 4335 753 4392 tantishabemus
783 4340 1086 4404 expertum,
1119 4345 1404 4386 monemus
1442 4336 1600 4399 atque
1631 4327 1910 4380 hortamur

1993 459 2246 514 videlicet
2274 475 2338 515 ac
2368 459 2707 525 Anastasius,
2741 475 2878 530 quos
2919 459 3045 516 illuc
3089 477 3154 516 ex
3199 468 3382 516 nostra
3424 468 3581 532 parte

1989 546 2304 612 direximus,
2337 562 2446 601 non
2475 546 2530 600 in
2561 547 2752 602 decem
2781 546 3005 600 millium
3036 556 3240 603 tantum
3281 563 3578 604 mancuso-

1989 649 2126 696 rum,
2161 635 2258 689 sed
2280 634 2332 688 in
2359 634 2649 689 duodecim
2680 633 2910 688 millium
2939 634 3212 704 plaitasse,
3241 636 3382 706 quod
3415 635 3580 690 iidem

1990 721 2214 776 abbates
2241 737 2422 777 coram
2454 731 2641 777 nostra
2668 721 2955 792 praesentia
2982 738 3093 778 non
3122 738 3181 777 se
3213 721 3406 778 iecisse
3423 723 3582 792 jure-

1983 809 2218 876 jurando
2248 809 2516 864 refellunt.
2552 809 2787 880 Ideoque
2826 818 3009 864 vestra
3055 825 3152 864 eos
3201 811 3489 880 prudentia
3529 817 3584 865 et

1989 897 2058 950 ab
2105 898 2205 952 hac
2250 897 2442 964 injusta
2486 895 2744 967 petitione
2787 904 3116 967 compescat,
3167 905 3220 951 et
3264 897 3321 952 in
3362 896 3582 953 servitio

1993 984 2194 1038 salubri
2245 983 2664 1039 commonitione
2718 982 3020 1050 conﬁrmet,
3083 993 3349 1056 quatenus
3403 993 3587 1039 nostra

1992 1071 2368 1126 benedictione
2393 1071 2562 1141 potiti,
2611 1071 2792 1125 animo
2849 1080 2901 1126 et
2956 1087 3189 1142 corpore
3247 1088 3311 1127 ex
3373 1071 3585 1126 Christo
3684 1065 3689 1072 ’

1995 1159 2226 1214 Domino
2255 1159 2392 1214 salvi
2421 1159 2669 1214 existant.
2697 1160 2835 1214 Data
2866 1164 2936 1214 ut
2962 1176 3152 1232 supra.

2153 1349 2225 1388 AD
2257 1348 2596 1388 GUAIFERIUI
2634 1349 2930 1388 PRINCIPEH
2969 1347 3423 1389 SALERNITANUM.

2615 1425 2796 1493 (Anno
2823 1421 2973 1492 877.)

1997 1506 2270 1560 Hortatur
2292 1508 2355 1558 ut
2370 1505 2432 1558 in
2447 1520 2550 1558 sua
2571 1504 2903 1574 integritate
2918 1507 3253 1574 perseveret,
3279 1507 3335 1558 et
3351 1504 3588 1572 Amat/i-

2069 1578 2232 1630 tanos
2252 1575 2540 1645 corripiat,
2575 1575 2716 1644 quod
2729 1575 3035 1645 auxilium
3059 1575 3262 1628 navale
3298 1590 3414 1630 non
3474 1575 3589 1628 mi—
3626 1597 3637 1608 -

2067 1647 2269 1709 serint,
2295 1648 2351 1698 et
2365 1643 2546 1698 nimia
2567 1643 2884 1699 calliditate
2905 1645 2968 1698 in
2988 1659 3047 1699 se
3075 1647 3342 1699 utuntur.

2064 1731 2451 1786 Amantissimo
2481 1729 2592 1785 tilio
2629 1730 2938 1784 Gulussam
2976 1729 3224 1800 principi.

2067 1819 2423 1874 Devotionem
2451 1818 2616 1890 igitur
2643 1818 2808 1872 animi
2839 1818 2914 1872 tui
2942 1834 3010 1872 ex
3038 1817 3126 1873 die
3155 1834 3260 1889 qua
3287 1826 3339 1874 te
3359 1818 3597 1891 cognovi

1995 1908 2186 1977 paucis
2228 1906 2408 1961 verbis
2457 1905 2731 1976 explicare
2775 1921 2885 1960 non
2929 1907 3203 1976 possum?
3246 1906 3362 1962 Hoc
3404 1914 3586 1961 tamen

1996 1995 2263 2050 veraciter
2292 1993 2492 2048 scimus
2537 1993 2662 2064 quia
2708 1992 2864 2064 [edit
2918 1995 3095 2062 Rom,
3127 1994 3272 2064 apud
3315 1993 3488 2048 Deum
3535 2001 3591 2049 et

1995 2083 2156 2153 apud,
2192 2080 2320 2152 etc.]
2351 2081 2492 2150 apud
2532 2096 2632 2135 nos
2681 2079 2776 2134 tibi
2818 2080 3001 2135 omnia
3042 2081 3196 2135 salva
3241 2088 3591 2136 reservantur

1997 2178 2241 2241 tempore
2269 2175 2592 2238 opportuno.
2626 2167 2836 2223 Idcirco
2887 2175 3170 2223 monentes
3214 2168 3495 2223 hortamur
3542 2175 3596 2224 et

1998 2258 2244 2328 rogando
2267 2257 2522 2325 jubemus
2555 2255 2631 2310 uti
2659 2255 2714 2309 in
2746 2263 2918 2310 semet
2948 2264 3035 2310 tua
3064 2263 3325 2326 percepta
3356 2255 3596 2310 bonitate

1998 2361 2338 2416 perseveres.
2373 2342 2644 2411 Quoniam
2675 2343 2935 2412 scriptum
2966 2351 3048 2397 est
3082 2359 3094 2398 :
3119 2343 3238 2398 Non
3271 2342 3464 2398 tardat
3493 2345 3597 2398 Do-

2002 2435 2190 2488 minus
2203 2432 2545 2502 promissum
2563 2447 2750 2498 suum,
2765 2431 2938 2486 donec
2957 2429 3343 2500 adimpleatur
3359 2429 3503 2496 quod
3517 2430 3592 2485 lo-

2000 2524 2168 2576 cutus
2189 2523 2274 2574 est
2297 2519 2373 2586 (II
2396 2521 2548 2573 Petr.
2581 2520 2662 2586 In)
2689 2536 2702 2582 ;
2737 2525 2789 2572 et
2817 2516 2943 2571 ideo
2971 2531 3137 2571 nosse
3166 2515 3397 2588 gloriam
3443 2524 3593 2570 tuam

2001 2608 2251 2678 cupimus
2280 2605 2408 2676 quia
2437 2622 2502 2659 ex
2533 2612 2683 2675 parte
2713 2601 3155 2658 Amalﬁtanorum
3186 2602 3394 2657 nullum
3437 2602 3597 2658 nobis

1997 2696 2153 2764 juxta
2183 2693 2496 2750 condictum
2526 2691 2784 2762 placitum
2814 2691 3135 2746 studuerunt
3162 2690 3408 2762 praebere
3435 2690 3596 2760 adju-

2004 2783 2207 2838 torium
2236 2781 2420 2836 navali
2453 2779 2749 2836 certamine
2776 2795 2807 2833 a
2835 2779 3078 2847 Trajecto
3105 2793 3280 2849 usque
3336 2777 3596 2832 Centum-

2003 2871 2192 2927 cellas.
2228 2871 2461 2939 Insuper
2490 2867 2728 2939 quadam
2757 2866 3051 2922 calliditate
3095 2873 3345 2920 asserunt
3392 2881 3502 2920 non
3545 2863 3603 2920 in

2003 2961 2198 3016 decem
2251 2957 2484 3011 millium
2539 2963 2746 3010 tantum
2805 2969 3210 3018 mancusorum,
3267 2953 3364 3008 sed
3419 2961 3474 3007 et
3547 2952 3602 3006 in

1928 3046 2288 3112 Cduodecim
2314 3037 2544 3098 millium
2601 3042 2769 3098 fuisse
2827 3050 3071 3096 nostram
3128 3039 3598 3112 promissionem:

2005 3135 2148 3207 quod
2180 3149 2368 3189 verum
2396 3132 2545 3186 nullo
2573 3131 2736 3186 modo
2765 3137 2993 3194 constat,
3026 3144 3152 3184 cum
3179 3136 3233 3184 et
3258 3127 3360 3198 ipsi
3376 3127 3598 3181 abbates

2005 3239 2142 3295 quos
2169 3221 2294 3275 illuc
2343 3236 2445 3291 pro
2488 3226 2676 3274 nostra
2713 3224 2866 3288 parte
2906 3216 3204 3272 direximus
3247 3213 3599 3285 jurejurando

2000 3327 2110 3366 non
2142 3327 2201 3365 se
2230 3309 2432 3364 dixisse
2463 3306 2744 3363 fateantur.
2779 3306 2860 3360 De
2890 3304 2980 3359 his
3009 3319 3137 3360 vero
3163 3303 3392 3374 aliisque
3440 3301 3589 3358 simi-

2005 3399 2166 3466 libus,
2199 3404 2458 3469 quantum
2488 3395 2543 3448 in
2573 3393 2731 3450 nobis
2761 3401 2862 3456 est,
2891 3409 2989 3463 per
3015 3391 3250 3465 gloriam
3279 3399 3385 3446 tuae
3432 3389 3586 3445 nobi-

2004 3486 2170 3541 litatis
2235 3483 2637 3554 correptionem
2694 3495 3021 3552 omnemque
3077 3494 3360 3550 speramus
3442 3477 3604 3533 studii

2006 3573 2471 3637 emendationem;
2503 3569 2668 3642 quod,
2703 3583 2908 3640 quaeso,
2943 3567 3120 3623 facere
3149 3573 3358 3622 mature
3388 3563 3598 3621 accele-

2007 3677 2114 3717 res.
2148 3660 2434 3731 Optamus.
2468 3659 2608 3712 Data
2636 3659 2703 3711 ut
2729 3672 2922 3728 supra.

2777 3750 2862 3805 Cl.

2255 3859 2327 3897 AD
2352 3855 2829 3896 ARCHIEPISCOPUM
2873 3853 3348 3894 EBRBDUNENSEI.

2627 3929 2807 4000 (Anno
2839 3928 2988 3996 s77.)

2008 4021 2390 4094 Reprehendit
2415 4017 2562 4094 quod
2605 4018 2787 4094 alium
2836 4017 3426 4094 episcopumhprceter
3465 4027 3605 4094 eum:

2113 4107 2241 4146 uem
2285 4083 2472 4145 clerus
2510 4093 2565 4141 et
2607 4087 2845 4158 populus
2866 4083 3253 4158 'elege’rat,_in
3317 4083 3607 4158 Venciensi

2113 4110 2241 4146 uem
2285 4110 2472 4145 ccerus
2510 4110 2565 4141 ει
2607 4110 2845 4158 Ροριιιιιδ
2876 4110 3138 4154 cwgc'ruo,
3190 4110 3253 4138 ιη
3319 4110 3605 4138 renown”

2078 4110 2333 4216 Iicelesia
2353 4156 2764 4212 consecraverit
2783 4174 2800 4209 :
2819 4153 3081 4226 pracipit
3106 4156 3172 4207 ut
3193 4169 3324 4208 cum
3371 4156 3608 4223 utroque

2079 4233 2305 4286 Romam
2332 4229 2541 4288 veniat.

2080 4314 2556 4372 Reverendissimo
2595 4320 2648 4368 et
2695 4308 3037 4366 sanctissimo
3085 4309 3371 4363 Antasa'ro
3427 4306 3606 4362 archi-

309 4439 435 4480 esse
463 4421 772 4478 unanimem
796 4393 918 4476 cum
947 4393 1244 4475 Athanasio
1271 4393 1628 4488 Neapolitano
1648 4413 1905 4484 episcopo
1933 4393 1986 4454 D
2009 4405 2266 4477 episcopo
2321 4399 2717 4457 Ebredunensi.

314 4513 372 4566 in
399 4527 562 4567 causa
589 4511 845 4582 praesenti
874 4510 1133 4565 Romana-
1162 4505 1442 4569 Ecclesiaz,
1477 4502 1733 4574 quoniam
1747 4499 1906 4572 liqui-

314 4595 446 4651 dum
484 4594 620 4668 [edit
652 4597 826 4662 Rom,
875 4593 1138 4664 liquidum
1194 4597 1247 4644 et
1302 4585 1580 4658 scriptum]
1637 4585 1693 4638 in
1748 4583 1907 4639 Salo-

316 4696 479 4736 mone
523 4682 800 4738 dicimus:
852 4679 1165 4736 Funiculus
1226 4676 1442 4748 triplex
1485 4673 1741 4745 difﬁcilis
1798 4671 1908 4727 erit

314 4770 510 4840 (Eccli.
541 4768 642 4840 Iv),
677 4767 965 4838 eidemque
991 4774 1175 4820 nostro
1205 4766 1423 4819 hortatu
1443 4769 1496 4818 et
1541 4759 1908 4816 admonitione

319 4858 376 4912 in
423 4857 675 4912 omnibus
722 4855 990 4910 fraternus
1029 4853 1314 4908 auxiliator
1359 4851 1592 4906 existere
1635 4862 1908 4919 nunquam

322 4946 582 5010 desinas;
615 4931 755 5000 inter
773 4945 888 5000 hac
917 4951 1010 4998 tua
1041 4941 1277 5012 benigna
1320 4938 1671 5002 fraternitate,
1725 4945 1778 4991 et
1819 4934 1909 4989 di-

323 5035 448 5090 lecti
479 5033 575 5089 filii
615 5032 788 5088 nostri
831 5029 1090 5087 Guaiferii
1136 5028 1414 5101 principis,
1465 5026 1758 5091 mediante,
1807 5038 1908 5094 pa-

321 5132 465 5180 ctum
493 5123 549 5177 in
576 5122 770 5178 decem
795 5120 1022 5174 millium
1053 5131 1434 5173 mancusorum
1467 5113 1566 5186 [αἱ.
1616 5125 1910 5168 mancoso-

321 5210 463 5284 rum]
493 5226 618 5266 cum
647 5207 987 5265 Amalfitanis
1016 5214 1236 5262 eatenus
1266 5203 1512 5265 fecimus,
1573 5209 1632 5255 ut
1686 5217 1717 5254 a
1773 5199 1910 5253 Tra-

311 5301 458 5372 jecto
487 5315 660 5372 usque
691 5296 1086 5353 Centumcellas
1115 5293 1275 5348 nobis
1305 5290 1480 5347 navali
1526 5288 1715 5344 labore
1757 5287 1912 5342 inde-

320 5389 562 5444 sinenter
588 5386 846 5443 auxilium
874 5384 1098 5442 ferrent.
1131 5381 1240 5438 Sed
1271 5381 1532 5437 hactenus
1557 5378 1612 5433 id
1659 5376 1716 5432 in
1763 5375 1912 5431 nullo

325 5477 830 5533 demonstraverunt
863 5491 875 5528 :
917 5472 1141 5544 insuper
1197 5469 1444 5541 quaedam
1500 5464 1678 5522 studio
1707 5463 1913 5520 callidi-

2075 4493 2132 4548 Si
2183 4490 2447 4548 canonica
2501 4489 2557 4543 in
2623 4486 3009 4544 consecrandis
3069 4483 3344 4555 episcopis
3400 4491 3603 4539 statuta

2005 4596 2306 4644 servasses,
2329 4592 2630 4649 nunquam,
2663 4577 2800 4632 sicut
2829 4575 3015 4631 auditu
3044 4571 3353 4637 didicimus,
3385 4577 3438 4626 et
3468 4584 3601 4641 quo-

2004 4669 2129 4724 dam
2157 4668 2409 4732 diacono,
2441 4665 2660 4720 nomine
2691 4663 2981 4732 Waldeno,
3007 4676 3169 4732 super
3195 4667 3340 4716 tuam
3363 4657 3608 4714 dilectio-

2006 4774 2130 4814 nem
2159 4757 2506 4818 reclamante,
2551 4769 2612 4808 se
2665 4751 2925 4809 canonice
2980 4765 3014 4805 a
3067 4747 3228 4820 plebe
3287 4754 3340 4802 et
3395 4745 3601 4817 populo

2005 4845 2248 4902 Vinciate
2277 4844 2471 4909 electo,
2503 4849 2557 4896 et
2583 4857 2614 4895 a
2643 4849 2730 4896 tua
2786 4838 3023 4911 sagacite
3077 4836 3308 4906 abjecto,
3367 4835 3437 4890 de
3467 4849 3596 4890 con-

2007 4942 2222 4990 secrato
2251 4929 2620 4988 controversia
2651 4927 2902 5000 quaelibet
2925 4932 3258 4992 nasceretur,
3283 4937 3394 4994 qua
3412 4930 3600 4979 vestra

2006 5022 2200 5078 merito
2230 5018 2718 5090 reprehenderetur
2747 5013 3074 5069 fraternitas.
3129 5014 3198 5066 At
3251 5027 3416 5078 nunc,
3474 5009 3600 5082 quia

2007 5117 2220 5165 mortuo
2249 5105 2536 5164 Venciensi
2566 5104 2842 5175 episcopo,
2874 5116 2984 5157 non
3011 5098 3293 5171 praafatum
3337 5098 3601 5154 sacerdo-

2009 5207 2138 5263 tem,
2173 5211 2354 5268 quem,
2387 5201 2446 5248 ut
2473 5192 2676 5247 dictum
2705 5197 2806 5256 est,
2839 5189 3015 5244 clerus
3067 5194 3121 5242 et
3147 5185 3383 5258 populus
3407 5185 3598 5241 civita-

2009 5286 2079 5342 tis
2108 5285 2365 5357 elegerat,
2425 5281 2636 5352 piaaque
2687 5277 2970 5334 memoriae
3021 5275 3248 5331 Carolus
3300 5275 3597 5346 imperator

2013 5389 2112 5430 suo
2169 5386 2441 5429 consensu
2494 5367 2823 5433 ﬁrmaverat,
2865 5363 3217 5430 consecrasti,
3299 5369 3354 5418 et
3408 5362 3604 5419 eodem

2011 5461 2081 5534 [f.
2123 5461 2218 5515 sed
2250 5457 2462 5524 eodem,
2497 5455 2712 5526 Hum]
2755 5456 2996 5526 Augusto
3055 5453 3124 5510 de
3177 5449 3434 5522 praesenti
3490 5447 3598 5504 vita
