4160 6312
576 231 674 310 ait

1805 279 1819 296 ι
1865 251 2158 310 JOANNIS
2197 253 2390 310 ΡΑΡίΕ
2411 255 2532 313 VIII

3753 265 3858 318 752

578 357 860 449 subtracto
895 373 1128 430 alterum
1182 389 1293 430 non
1333 375 1485 444 juxta
1531 390 1782 430 normam
1847 377 2166 433 canonicam
2267 381 2398 436 tiam
2429 379 2684 449 feceritis,
2718 382 2907 438 scitote
2939 385 3084 454 quod
3131 384 3279 438 omni
3335 401 3434 440 vos
3485 383 3860 442 ecclesiastica

579 461 814 518 electum
845 461 914 518 ad
942 463 1178 519 adverso
1206 463 1531 531 venientem,
1567 478 1668 518 nec
1699 479 1798 534 per
1828 464 2024 519 ostium
2069 465 2169 520 sed

577 551 794 607 aliunde
833 551 1214 618 introeuntem,
1278 557 1370 606 tuo
1423 559 1630 606 tantum
1686 551 1838 606 libitu
1884 553 2168 608 ordinasse

576 640 873 696 accusaris.
915 641 976 694 lu
1005 655 1112 711 quo
1143 648 1194 694 te
1225 655 1333 694 non
1375 639 1566 693 leviter
1612 640 1902 694 incurrisse
1948 641 2168 695 omnino

573 727 842 794 videmus,
891 727 1018 798 quia
1069 726 1281 783 dicente
1329 727 1732 797 praedecessore
1779 735 1966 782 nostro
2029 743 2170 798 papa

573 813 870 871 Caelestino
899 814 1088 888 (epist.
1128 817 1178 881 1,
1201 815 1472 886 episcOpis
1533 816 1832 870 Viennensi
1872 819 1928 870 et
1957 817 2166 872 Narbo-

575 905 766 972 nensi)
790 922 808 958 :
835 903 1032 958 Nullus
1061 901 1242 956 invitis
1270 901 1427 956 detur
1446 900 1733 972 episcOpus
1757 921 1772 968 ;
1795 903 1946 968 cleri,
1967 903 2162 974 plebis,

577 997 630 1046 et
658 990 868 1046 ordinis
897 1005 1222 1047 consensum
1251 997 1302 1043 et
1341 988 1670 1043 desiderium
1729 989 2006 1060 requirere
2063 991 2166 1046 de-

574 1077 758 1132 buisti.
791 1078 953 1147 Cujus
983 1077 1142 1132 etiam
1172 1077 1485 1131 auctoritate
1515 1075 1697 1131 clerici
1745 1077 1949 1132 habent
1997 1077 2166 1133 facul-

576 1173 738 1222 tatem
768 1165 1076 1233 resistendi,
1109 1165 1156 1219 si
1185 1181 1244 1219 sc
1274 1163 1505 1220 viderint
1539 1165 1872 1236 praegravari
1903 1182 1916 1220 :
1952 1173 2008 1219 ut
2029 1181 2166 1236 quos

577 1253 680 1308 sibi
708 1253 885 1324 ingeri
915 1269 980 1308 ex
1021 1260 1334 1306 transverso
1382 1252 1760 1322 cognoverint,
1803 1269 1914 1307 non
1943 1254 2166 1308 timeant

577 1339 1132 1410 refutare;quoniam
1163 1339 1262 1395 etsi
1289 1355 1398 1394 non
1445 1339 1686 1394 debitum
1726 1341 2028 1410 praemium,
2079 1341 2166 1394 vel

575 1427 806 1484 liberum
835 1427 904 1482 de
933 1442 1000 1483 eo
1029 1426 1122 1498 qui
1169 1441 1262 1482 eos
1305 1433 1550 1481 recturus
1601 1434 1684 1481 est
1726 1427 1927 1482 debent
1969 1427 2165 1483 habere

570 1515 854 1585 judicium.
885 1515 1026 1570 Nam
1055 1522 1108 1570 et
1127 1522 1314 1569 sancto
1342 1515 1524 1569 Leone
1553 1514 1769 1570 dicente
1827 1517 2014 1586 (epist.
2073 1519 2160 1580 95,

574 1605 798 1659 Rustico
855 1601 1440 1670 Narbonensi):Nulla
1495 1601 1632 1657 ratio
1691 1602 1816 1657 sinit
1869 1603 2008 1658 inter
2044 1603 2163 1672 epi-

571 1706 768 1761 sc0pos
787 1690 1106 1756 habeantur,
1130 1691 1222 1762 qui
1241 1704 1344 1746 nec
1363 1705 1394 1742 a
1422 1688 1637 1744 clericis
1666 1698 1792 1744 sunt
1838 1690 2016 1756 electi,
2063 1705 2166 1746 nec

574 1793 607 1834 a
634 1778 884 1848 plebibus
908 1777 1146 1848 expetiti.
1205 1777 1363 1834 Unde
1416 1793 1542 1832 cum
1599 1793 1744 1848 sape
1801 1777 2028 1848 quaestio
2096 1777 2167 1832 de

573 1867 720 1922 male
747 1873 970 1936 accepto
999 1867 1206 1920 honore
1237 1873 1512 1931 nascatur,
1536 1865 1659 1936 quis
1689 1865 1928 1938 ambigat
1958 1879 2168 1936 nequa-

581 1971 742 2026 quam
761 1955 881 2010 istis
938 1969 1063 2010 esse
1117 1954 1479 2018 tribuendum,
1540 1953 1686 2024 quod
1744 1969 1854 2008 non
1907 1953 2166 2010 doceatur

579 2041 748 2098 (uisse
771 2041 1026 2098 collatum
1045 2042 1293 2098 ?Eodem
1309 2041 1469 2096 etiam
1499 2041 1732 2112 capitulo
1770 2045 1838 2096 35
1885 2042 2168 2096 Canonum

588 2143 802 2186 morum
824 2131 1050 2200 jubente
1087 2132 1274 2201 (epist.
1327 2134 1414 2195 88,
1463 2129 1764 2184 Anastasio
1813 2131 2166 2185 Thessaloni-

574 2220 804 2288 censi):
835 2218 1046 2284 Nullus,
1077 2226 1135 2273 ut
1163 2217 1368 2272 dictum
1418 2224 1520 2282 est,
1573 2232 1682 2272 non
1729 2217 2039 2287 petentibus
2087 2225 2167 2272 est

579 2306 914 2362 ordinandus
941 2306 1188 2371 antistes,
1221 2319 1290 2360 ne
1317 2305 1508 2360 civitas
1537 2304 1853 2374 episcopum
1884 2319 1990 2360 non
2021 2313 2170 2375 Opta-

575 2403 691 2450 tum
719 2402 810 2450 aut
829 2401 1139 2449 contemnat
1161 2401 1254 2447 aut
1281 2392 1458 2459 odiet;
1491 2407 1556 2448 ac
1585 2407 1686 2462 per
1715 2393 1817 2448 hoc
1845 2391 1936 2446 ﬁat
1989 2393 2168 2447 minus

576 2483 833 2554 religiosa
861 2497 1022 2553 quam
1052 2481 1322 2546 convenit,
1356 2477 1444 2536 cui
1470 2493 1578 2535 non
1603 2480 1753 2535 licuit
1785 2481 1986 2535 habere
2007 2496 2169 2552 quem

573 2571 765 2626 voluit.
794 2563 891 2625 [Iis
918 2569 988 2624 ita
1013 2568 1241 2632 statutis,
1275 2581 1346 2622 ne
1375 2568 1430 2622 in
1459 2568 1705 2623 Ecclesia
1736 2568 1836 2623 Dei
1867 2569 1962 2622 tibi
2021 2585 2168 2623 com-

575 2659 745 2714 missa
793 2657 1108 2713 scandalum
1164 2664 1382 2711 maneat
1421 2655 1508 2710 vel
1560 2656 1799 2711 schisma
1851 2657 2064 2717 existat,
2097 2656 2173 2711 di-

571 2745 792 2802 lectioni
814 2753 923 2800 tuai
947 2744 1202 2812 jubemus
1230 2751 1286 2798 ut
1316 2759 1440 2798 cum
1471 2745 1667 2798 eodem
1699 2759 1732 2798 a
1766 2752 1819 2798 te
1837 2751 2166 2799 consecrato

572 2831 848 2904 episcOpo,
879 2841 936 2888 et
961 2831 1054 2887 illo
1083 2831 1174 2904 qui
1205 2847 1264 2886 se
1293 2831 1557 2886 canonice
1589 2831 1786 2886 asserit
1831 2831 2004 2886 fuisse
2053 2831 2170 2886 ele-

573 2929 738 2987 ctum,
774 2921 843 2976 de
869 2920 1128 2990 praesenti
1144 2920 1370 2974 Romam
1398 2919 1582 2974 venire
1603 2933 1882 2988 procures,
1905 2928 2172 2990 quatenus

574 3009 630 3064 in
658 3008 946 3080 prmsentia
974 3015 1159 3062 nostra
1189 3015 1242 3062 et
1272 3007 1420 3062 sedis
1458 3007 1775 3077 apostolicae
1823 3008 1956 3061 tanti
2003 3022 2169 3062 causa

570 3095 776 3170 negotii
806 3096 1098 3168 diligenter
1128 3093 1385 3166 inquisita
1413 3101 1466 3149 et
1493 3095 1802 3150 examinata
1841 3094 2162 3167 legitimum,

571 3185 688 3240 Deo
721 3183 949 3250 favente,
980 3182 1146 3238 ﬁnem
1173 3183 1460 3254 percipiat.
1481 3182 1718 3238 Obedire
1739 3183 1902 3256 igitur
1929 3191 1980 3238 te
2002 3199 2167 3253 opor-

566 3279 646 3327 tet
673 3273 799 3327 huic
826 3279 1029 3327 nostra
1058 3271 1409 3342 praeceptioni
1439 3287 1540 3340 pro
1578 3271 1838 3326 Ecclesiae
1885 3271 1986 3326 Dei
2034 3286 2167 3341 pace

568 3361 810 3416 directae.
844 3358 984 3414 Nam
1013 3359 1060 3413 si
1090 3359 1244 3414 aliter
1263 3357 1484 3422 feceris,
1517 3358 1657 3414 scito
1699 3359 1829 3429 quia
1859 3374 1960 3414 nos
2006 3359 2170 3412 talem

570 3447 810 3504 illicitam
839 3447 1314 3518 praesumptionem
1346 3447 1666 3516 impunitam
1711 3446 2024 3501 nullatenus
2070 3461 2158 3500 re-

572 3535 897 3608 linquemus.
920 3537 1058 3591 Data
1082 3538 1150 3592 ut
1183 3551 1372 3608 supra.

1330 3641 1442 3695 CII.

991 3751 1064 3792 AD
1096 3749 1448 3792 CUNIPER’I‘UM
1479 3751 1746 3792 COHITEI.

1185 3824 1368 3893 (Anno
1397 3823 1548 3893 877.)

575 3912 840 3986 Prwcipit
859 3915 924 3968 ut
940 3913 1082 3968 bona
1109 3914 1370 3968 Romanae
1390 3911 1652 3968 Ecclesiae
1662 3927 1783 3983 qua:
1797 3913 2168 3982 occupaverat

647 4062 652 4068 ,
1227 4001 1517 4055 restituat.

642 4073 853 4146 Dilecto
881 4087 992 4144 ﬁlio
1022 4087 1343 4144 Compsam
1371 4085 1614 4160 glorioso
1647 4085 1850 4142 comiti.

641 4177 837 4234 Audita
889 4176 1198 4240 didicimus,
1257 4175 1419 4232 etiam
1476 4184 1530 4231 et
1585 4174 1855 4245 veraciter
1940 4173 2162 4240 scimus,

573 4265 718 4339 quod
749 4273 954 4334 cortem
985 4263 1160 4320 sancti
1199 4263 1362 4329 Petri,
1422 4279 1544 4334 quae
1600 4270 1682 4317 est
1737 4261 1794 4316 in
1846 4260 2162 4326 Alviscutia,

577 4361 766 4410 contra
793 4352 968 4408 Deum
997 4360 1050 4408 et
1080 4359 1322 4407 nostram
1351 4350 1680 4404 voluntatem
1725 4349 1955 4404 teneatis
2003 4349 2160 4404 inva-

2269 470 2648 525 communione
2699 478 2860 542 atque
2891 485 2923 526 a
2966 485 3196 542 corpore
3236 480 3288 527 et
3330 471 3598 546 sanguine
3646 474 3865 530 Domini

2268 557 2438 612 nostri
2467 559 2724 614 canonice
2755 559 3144 628 separabimus,
3179 560 3317 616 sicut
3347 561 3657 617 invasorem
3682 578 3862 618 rerum

2269 646 2777 702 ecclesiasticarum.
2811 648 2950 702 Data
2980 652 3044 702 ut
3073 665 3266 721 supra.

2988 735 3130 790 CIII.

2680 838 2752 876 AD
2781 838 3118 878 ιΑΜΒΕιιτωι
3177 837 3440 880 ΟΟΜῙΤΕΜ.
3477 887 3503 905 κ

2875 911 3055 982 (Anno
3111 912 3260 974 878.)

2267 998 2446 1074 Monet
2469 1014 2540 1053 ne
2561 1001 2936 1074 Romameam
2958 1000 3020 1054 ob
3040 1015 3271 1074 causam
3289 1001 3498 1066 veniat,
3538 1004 3604 1074 at
3620 1006 3859 1074 aposto-

2339 1069 2462 1124 licae
2481 1069 2626 1123 sedis
2646 1069 2892 1142 hostibus
2908 1071 3199 1142 auxilium
3215 1073 3396 1140 ferat,-
3419 1072 3561 1142 quod
3581 1069 3762 1126 sialia
3793 1072 3860 1128 de

2336 1155 2507 1214 causa
2529 1139 3098 1214 veneri.t,Ahonori/_ice
3119 1157 3176 1194 se
3193 1139 3322 1214 eum
3345 1139 3720 1214 eaceptnrum
3733 1159 3863 1214 pro-

2335 1210 2522 1282 mittit
2545 1211 2746 1282 {plura
2761 1210 2965 1282 legatis
2995 1211 3268 1281 injungit,
3293 1210 3492 1282 quibus
3508 1211 3679 1279 ﬁdem
3695 1210 3867 1268 adhi-

2335 1279 2454 1334 beri
2469 1279 2636 1349 jubet
2655 1279 3324 1344 ;Adelbertum'ﬂorname
3350 1283 3615 1338 Ecclesia:
3644 1283 3862 1339 hostem

2335 1365 2391 1404 se
2408 1365 2522 1404 non
2535 1365 2696 1420 posse
2716 1351 2801 1404 ait
2823 1352 2885 1404 in
2909 1353 3365 1406 communionem
3375 1353 3644 1424 recipere.

2335 1435 2542 1491 Dilecto
2571 1435 2681 1490 ﬁlio
2711 1437 3010 1492 Lucumo
3055 1437 3295 1510 glorioso
3339 1440 3542 1494 comiti.

2336 1523 2654 1579 Dilectionis
2683 1533 2736 1578 et
2795 1525 3043 1580 amicitiae
3098 1535 3294 1584 vestrae
3349 1543 3594 1583 amorem
3641 1543 3705 1585 ac
3750 1529 3864 1585 sin-

2265 1611 2544 1666 ceritatem
2610 1611 2764 1682 quasi
2828 1614 3097 1684 quoddam
3189 1614 3493 1670 insolubilis
3583 1617 3864 1673 charitatis

2195 1699 2468 1784 Bpignus
2511 1708 2776 1762 tenentes,
2837 1709 2980 1756 tanto
3037 1702 3105 1757 de
3155 1702 3497 1758 inimicorum
3552 1712 3862 1760 nostrorum

2271 1787 2483 1842 callidis
2510 1787 2721 1842 astutiis
2750 1789 2834 1844 vel
2865 1790 3184 1860 praeparatis
3231 1807 3350 1846 cum
3381 1792 3683 1862 apostolica
3730 1794 3864 1850 sede

2266 1875 2446 1929 securi
2479 1876 2758 1931 existimus
2788 1877 3018 1942 insidiis,
3054 1886 3255 1948 quanto
3302 1880 3613 1949 nobilitatis,
3663 1889 3864 1937 vestrae

2267 1963 2584 2032 potentiam,
2615 1980 2723 2018 una
2766 1980 2889 2020 cum
2939 1965 3137 2020 Christi
3185 1967 3386 2022 auxilio
3429 1969 3585 2023 nobis
3630 1970 3865 2038 conjun—

2266 2059 2408 2106 ctam
2441 2051 2493 2105 in
2523 2052 2770 2106 omnibus
2799 2053 3080 2123 prosperis
3109 2071 3206 2110 seu
3231 2055 3480 2110 adversis
3503 2073 3624 2112 esse
3665 2057 3861 2128 procul

2266 2139 2430 2194 dubio
2458 2139 2728 2194 credimus
2761 2157 2775 2194 :
2809 2141 3062 2212 quoniam
3093 2151 3144 2198 et
3173 2159 3274 2197 nos
3303 2144 3580 2200 vobiscum
3611 2146 3667 2200 in
3720 2161 3863 2201 cun-

2267 2226 2368 2282 ctis
2398 2243 2518 2298 quae
2546 2236 2740 2284 vestrae
2771 2229 2960 2301 glorise
2988 2238 3112 2284 sunt
3139 2245 3377 2304 congrua
3409 2233 3494 2288 vel
3549 2234 3865 2289 necessaria

2266 2315 2500 2370 existere
2532 2317 2765 2386 prompti
2793 2326 3061 2388 optamus.
3090 2319 3156 2372 Et
3202 2318 3327 2374 ideo
3373 2320 3720 2376 eminentiam
3763 2337 3866 2378 ve-

2269 2410 2434 2458 stram
2466 2421 2588 2476 quae
2619 2405 2873 2460 relatione
2928 2407 3286 2477 quorumdam
3345 2408 3634 2464 didicimus
3687 2409 3865 2465 latere

2269 2491 2534 2560 nolentes,
2565 2501 2750 2562 utpote
2777 2493 3000 2563 spiritali
3032 2494 3141 2550 ﬁlio
3172 2504 3359 2551 nostro
3387 2496 3594 2554 referre
3641 2497 3864 2554 indubi-

2268 2588 2446 2634 tanter
2475 2595 2750 2636 curamus.
2783 2581 3100 2636 Audivimus
3141 2598 3374 2654 namque
3430 2585 3576 2656 quod
3628 2585 3866 2642 inimicis

2269 2675 2321 2722 et
2350 2667 2658 2724 inﬁdelibus
2683 2670 2886 2724 nostris
2907 2686 3006 2740 per
3027 2671 3306 2738 cujusdam
3324 2673 3755 2730 exhortationem
3775 2691 3867 2730 cu-

2268 2755 2429 2826 piatis
2466 2755 2608 2811 ferre
2649 2757 2916 2824 solatium,
2953 2766 3112 2828 atque
3156 2759 3383 2815 Romam
3424 2760 3704 2817 venientes
3748 2763 3865 2818 suis

2271 2858 2364 2897 eos
2396 2843 2558 2898 rebus
2588 2852 2641 2898 et
2669 2844 2949 2900 beneﬁciis
2978 2855 3164 2901 contra
3193 2857 3436 2902 nostram
3460 2849 3619 2904 etiam
3667 2849 3865 2905 volun-

2270 2937 2432 2984 tatem
2462 2931 2906 2988 inconvenienter
2935 2934 3217 2990 restituere
3248 2935 3490 2990 debeatis
3523 2953 3536 2990 :
3570 2937 3717 3008 quod
3749 2937 3868 2992 nul-

2271 3017 2352 3072 lus
2382 3019 2790 3089 imperatorum.
2821 3021 2910 3075 vel
2940 3037 3150 3094 regum,
3198 3031 3288 3076 aut
3328 3039 3514 3078 comes
3551 3034 3866 3081 antecesso-

2272 3105 2422 3160 ribus
2454 3107 2652 3162 nostris
2683 3106 2878 3163 fecisse
2907 3110 3180 3164 recolitur.
3206 3110 3362 3165 Unde
3392 3111 3550 3166 valde
3579 3112 3860 3182 miramur,

2269 3193 2314 3248 si
2347 3195 2446 3248 hoc
2479 3211 2666 3250 verum
2697 3204 2797 3260 est,
2827 3198 3102 3268 quomodo
3130 3205 3294 3254 tanta}
3323 3199 3573 3254 amicitia:
3601 3201 3746 3258 inter
3759 3217 3860 3257 nos

2268 3283 2426 3337 toties
2456 3283 2650 3338 habitae
2681 3292 2857 3356 atquae
2885 3285 3164 3354 promissm
3194 3285 3344 3341 obliti
3392 3288 3540 3353 estis,
3587 3304 3711 3344 cum
3743 3298 3868 3361 post

2268 3371 2440 3425 Deum
2469 3387 2568 3426 vos
2598 3372 2761 3427 modo
2791 3372 2846 3426 in
2877 3374 3128 3428 omnibus
3158 3375 3576 3430 necessitatibus
3625 3387 3678 3432 et
3724 3379 3868 3433 utili-

2269 3459 2466 3513 tatibus
2495 3459 2758 3516 Ecclesiae
2778 3462 2952 3516 sancti
2983 3461 3125 3516 Petri
3153 3462 3448 3519 habeamus
3494 3464 3712 3520 unicum
3768 3467 3868 3522 ad-

2263 3547 2498 3616 jutorem
2541 3557 2702 3619 atque
2754 3547 3135 3605 ﬁdelissimum
3188 3550 3553 3607 defensorem.
3611 3553 3680 3608 Et
3735 3553 3861 3610 ideo

2268 3635 2394 3690 licet
2423 3635 2641 3712 quidam
2673 3636 2828 3691 vobis
2855 3652 3023 3710 agere
3053 3638 3179 3692 talia
3207 3639 3322 3694 sedi
3353 3640 3666 3712 apostolica:
3706 3643 3866 3698 nobis

2268 3739 2373 3794 que
2404 3723 2674 3780 contraria
2705 3724 2986 3790 suadeant,
3019 3741 3120 3780 nos
3168 3734 3348 3782 tamen
3391 3727 3447 3782 in
3497 3738 3692 3786 vestrae
3735 3727 3864 3786 ﬁdei

2267 3810 2575 3877 devotione,
2610 3827 2772 3883 quam
2805 3829 2935 3886 erga
2965 3813 3308 3870 beatissimos
3337 3815 3611 3888 principes
3640 3829 3860 3888 aposto-

2268 3897 2448 3954 lorum
2473 3899 2692 3955 Petrum
2722 3915 2787 3956 ac
2819 3900 3064 3968 Paulum,
3109 3910 3162 3958 et
3209 3911 3450 3960 nostram
3481 3907 3866 3974 paternitatem

2265 3973 2495 4055 habetis,
2528 3987 2820 4058 plurimum
2851 3987 3207 4056 conﬁdentes,
3241 3991 3394 4064 quasi
3423 3973 3624 4050 dilecto
3669 3991 3782 4050 ﬁlio
3811 4003 3866 4050 et

2267 4075 2506 4130 unanimi
2562 4075 2738 4132 amico
2795 4077 3114 4133 mandamus
3174 4088 3230 4134 ut
3286 4096 3386 4152 pro
3425 4080 3524 4136 Dei
3563 4090 3617 4138 et
3675 4092 3866 4139 nostro

2267 4179 2472 4230 amore,
2505 4181 2602 4235 pro
2646 4181 2806 4222 causa
2853 4165 3197 4222 inimicorum
3249 4178 3556 4224 nostrorum
3601 4169 3866 4244 aliquate-

2265 4269 2366 4307 nus
2395 4253 2748 4321 restituenda,
2779 4269 2902 4309 cum
2937 4254 3018 4310 bis
3043 4255 3156 4322 jam
3186 4271 3249 4312 ac
3309 4264 3390 4312 ter
3445 4258 3706 4329 synodico
3758 4259 3867 4314 sint

2263 4339 2366 4410 ipsi
2389 4341 2594 4410 judicio
2617 4341 2976 4406 condemnati,
3011 4343 3237 4399 Romam
3265 4359 3408 4401 nunc
3439 4361 3548 4400 non
3595 4345 3862 4414 veniatis;

567 4455 708 4508 um,
742 4447 797 4496 ει
824 4441 968 4495 unde
997 4454 1223 4494 censum
1250 4453 1313 4492 ac
1342 4435 1670 4492 [unctionem
1699 4453 1932 4491 annuam
1984 4437 2166 4492 eccle-
2196 4419 2248 4480 D
2269 4428 2396 4500 quia
2424 4428 2580 4484 valde
2608 4429 2806 4484 turbati
2833 4446 2898 4485 ac
2920 4431 3101 4486 tristes
3129 4431 3200 4486 ob
3231 4432 3334 4488 hoc
3366 4433 3688 4498 existentes,
3740 4451 3860 4502 vos,

573 4531 656 4585 sia
694 4527 956 4600 principis
1021 4525 1395 4597 apostolorum
1439 4539 1540 4594 pro
1588 4524 1894 4580 luminariis
1961 4525 2164 4579 habere

567 4617 729 4674 solita
757 4623 892 4682 erat,
925 4628 1069 4670 nunc
1099 4621 1282 4669 vestra
1328 4610 1492 4666 fortia
1535 4620 1590 4666 et
1635 4611 1861 4666 avaritia
1910 4611 2162 4681 faciente,

551 4706 642 4760 -nil
671 4705 920 4774 recipere
947 4701 1134 4772 nilque
1166 4707 1346 4770 potest
1377 4699 1597 4754 habere.
1623 4698 1778 4754 Unde
1807 4715 1874 4753 ex
1926 4701 2168 4754 auctori-

566 4800 677 4848 tate
705 4791 822 4854 Dei,
847 4799 901 4846 et
915 4789 1088 4846 sancti
1110 4787 1268 4852 Petri,
1293 4803 1356 4842 ac
1385 4796 1593 4852 nostra,
1623 4787 1780 4843 vobis
1821 4787 2164 4857 praecipimus

565 4889 762 4935 utnon
813 4877 1061 4934 habeatis
1105 4875 1386 4933 licentiam
1441 4875 1620 4946 ipsam
1674 4883 1880 4930 cortem
1933 4876 2168 4946 amplius

569 4968 822 5034 retinere,
857 4982 960 5022 nec
985 4966 1041 5019 in
1069 4964 1186 5033 ejus
1219 4963 1385 5020 rebus
1415 4971 1468 5018 et
1498 4963 1838 5034 pertinentiis
1871 4979 1969 5020 vos
1994 4965 2168 5020 intro-

569 5055 813 5120 mittatis,
853 5054 898 5108 si
936 5051 1168 5124 gratiam
1214 5051 1314 5107 Dei
1361 5059 1413 5108 et
1458 5052 1741 5106 beatorum
1789 5053 2169 5123 apostolorum

554 5143 718 5200 Petri
747 5150 800 5198 et
859 5140 1012 5197 Pauli
1069 5149 1421 5212 nostramque
1476 5140 1918 5198 benedictionem
1975 5140 2172 5211 cupitis

567 5228 772 5284 habere
803 5244 819 5292 ;
850 5225 1146 5297 sinatisque
1203 5225 1452 5281 homines
1508 5226 1682 5282 sancti
1743 5225 1888 5281 Petri
1949 5224 2038 5296 qui
2096 5223 2174 5280 ibi

565 5323 695 5376 sunt
714 5313 966 5372 eamdem
979 5321 1188 5372 mrtem
1207 5313 1466 5370 securiter
1492 5314 1747 5372 retinere.
1766 5313 1908 5371 Nam
1927 5313 1974 5368 si
1995 5312 2173 5384 ipsam

568 5412 776 5462 uertem
802 5402 1066 5473 deinceps
1095 5409 1281 5461 tenere
1309 5409 1497 5460 contra
1543 5409 1792 5460 nostram
1840 5399 2178 5460 voluntatem

573 5489 1046 5566 prasampseritis,
1080 5489 1424 5562 aliquemque
1453 5489 1528 5546 ibi
1558 5489 1776 5545 fortiam
1825 5488 1912 5546 vel
1969 5487 2180 5544 violen-

2265 4517 2403 4573 sicut
2431 4517 2587 4573 decet
2616 4525 2668 4573 et
2699 4534 2800 4573 nos
2831 4519 3097 4589 Cupimus,
3131 4519 3431 4577 honoriﬁce
3459 4523 3705 4593 recipere
3752 4540 3864 4580 non

2266 4621 2576 4676 possumus.
2611 4604 2982 4674 Quamobrem
3012 4615 3193 4662 vestra
3223 4609 3512 4678 prudentia
3542 4619 3708 4667 tanta
3737 4627 3867 4683 per-

2271 4694 2544 4748 versitatts
2583 4694 2867 4750 consilium
2921 4695 3182 4761 destruat,
3242 4706 3404 4768 atque
3461 4708 3654 4754 contra
3709 4701 3864 4771 ipsos

2267 4781 2516 4837 inimicos
2561 4791 2774 4838 nostros
2829 4783 2958 4839 totis
3017 4783 3219 4839 viribus
3275 4785 3579 4860 insurgere,
3641 4797 3692 4844 et
3745 4789 3868 4859 pari

2268 4870 2552 4926 nobiscum
2582 4871 2875 4935 voluntate,
2909 4873 3046 4928 sicut
3089 4882 3321 4944 oportet,
3379 4890 3475 4930 cos
3529 4875 3866 4934 confundere

2270 4959 2571 5030 procuretis
2596 4977 2611 5025 ;
2641 4969 2698 5015 ut
2727 4975 2846 5027 nos,
2877 4959 3015 5016 sicut
3045 4977 3144 5032 per
3203 4977 3302 5017 vos
3357 4963 3652 5029 credimus,
3687 4965 3868 5021 securi

2272 5055 2324 5102 et
2354 5046 2538 5120 quieti,
2573 5048 2673 5104 Dei
2703 5057 2755 5104 et
2785 5058 3018 5104 vestrum
3047 5065 3367 5105 maneamus
3415 5051 3694 5108 auxilium.
3747 5053 3868 5110 Alia

2271 5151 2404 5190 vero
2433 5151 2534 5206 pro
2562 5152 2744 5200 causa,
2780 5136 2826 5191 si
2854 5137 2920 5192 ad
2952 5137 3137 5193 limina
3166 5139 3336 5194 sancti
3367 5140 3510 5194 Petri
3540 5150 3592 5196 et
3623 5151 3870 5198 nostram

2275 5223 2627 5294 apostolicam
2658 5242 2802 5282 nunc
2829 5233 2918 5306 aut
2945 5235 3138 5298 postea
3164 5228 3326 5282 vultis
3381 5228 3564 5286 venire
3619 5245 3869 5302 prasen-

2275 5311 2418 5377 tiam,
2447 5329 2547 5370 vos
2572 5322 2824 5386 prompto
2843 5323 3014 5394 atque
3071 5315 3384 5387 gratissimo
3439 5317 3640 5381 animo,
3703 5326 3870 5391 prout

2275 5409 2506 5472 oportet,
2566 5401 2864 5480 honoriﬁce
2917 5403 3257 5475 recipiemus,
3320 5403 3598 5470 vobiscum
3669 5409 3875 5486 pariter

2275 5489 2573 5559 gaudentes
2601 5498 2653 5546 et
2683 5491 3008 5546 exsultantes
3057 5491 3111 5546 in
3141 5493 3391 5548 Domino.
3443 5485 3604 5550 Plura
3649 5495 3871 5567 quidem
