4160 6310
303 475 640 574 reverendos
667 493 858 552 ﬁdeles
885 506 1122 564 nostros,
1147 475 1468 572 vestrosque
1501 489 1899 560 devotos'aini-

303 597 420 661 cos,
455 581 820 639 Gaudericum
859 586 1112 643 videlicet
1143 596 1194 642 et
1223 589 1544 645 Zachariam
1590 591 1896 662 episcopos,

303 669 598 738 deliciosos
629 679 680 726 et
709 672 1054 729 consiliarios
1100 685 1340 745 nostros,
1382 679 1536 733 vobis
1579 678 1895 748 direximus,

303 757 398 828 qui
423 767 620 814 vestrae
657 760 848 830 gloriae
878 777 943 816 ea
971 779 1089 834 quae
1119 763 1311 818 litteris
1357 767 1554 820 desunt
1585 768 1768 822 verbis
1796 785 1899 838 po-

302 852 486 900 terunt
531 863 806 913 enarrare,
859 849 1144 906 omisimus
1185 853 1467 919 scribere;
1501 853 1697 925 quibus
1747 872 1896 924 sane,

301 949 426 1004 qua
465 933 796 990 verbotenus
844 937 1096 1002 dixerint,
1131 941 1284 1010 quasi
1333 942 1490 996 nobis
1537 943 1760 999 credere
1791 961 1899 999 non

299 1019 581 1077 dubitetis.
633 1023 791 1096 Agite
821 1024 987 1095 igitur
1031 1026 1168 1082 sicut
1196 1041 1296 1086 vos
1323 1028 1379 1081 in
1406 1029 1660 1084 omnibus
1702 1033 1900 1086 nostris

301 1109 581 1164 credimus
625 1111 826 1166 habere
857 1114 1049 1181 procul
1079 1115 1244 1169 dubio
1290 1116 1585 1184 adjutorern
1618 1127 1669 1173 et
1698 1119 1898 1174 unani-

298 1212 445 1251 mem
478 1197 533 1251 in
563 1199 775 1254 Christo
805 1201 1060 1256 amicum.
1094 1203 1422 1258 Adelbertus
1449 1214 1628 1260 autem
1657 1208 1898 1262 marchio

298 1284 366 1338 ad
396 1300 498 1339 nos
528 1285 574 1339 si
603 1287 829 1353 venerit,
878 1304 979 1358 pro
1004 1297 1156 1344 certo
1195 1291 1385 1346 scitote
1428 1293 1548 1363 quia
1579 1309 1702 1347 eum
1751 1295 1898 1350 nullo

299 1371 466 1426 modo
513 1373 860 1444 recipiemus,
893 1375 1016 1446 quia
1048 1377 1240 1431 multas
1289 1378 1446 1432 nobis
1486 1381 1897 1435 contrarietates

299 1457 427 1514 fecit
474 1469 528 1514 et
570 1460 886 1517 manifestus
925 1463 980 1517 in
1027 1465 1279 1519 omnibus
1327 1466 1580 1522 inimicus
1627 1471 1894 1539 apparuit.

299 1546 592 1614 Praeterea,
653 1551 793 1604 sicut
845 1552 1002 1606 nobis
1057 1554 1344 1621 mandatis,
1391 1563 1448 1608 ut
1495 1572 1594 1626 pro
1649 1557 1898 1613 instantis

298 1636 560 1706 temporis
587 1652 750 1692 causa
783 1647 934 1694 extra
963 1640 1155 1694 urbem
1207 1642 1432 1696 Romam
1481 1653 1759 1710 exeuntes,
1795 1661 1896 1700 vo-

296 1720 510 1778 biscum
541 1723 740 1780 alicubi
770 1726 1142 1796 loqueremur,
1163 1728 1394 1784 libenter
1423 1731 1639 1800 quidem
1673 1733 1775 1787 hoc
1810 1733 1894 1789 fa-

297 1825 424 1866 cere
453 1811 830 1878 voluissemus,
863 1815 910 1868 si
941 1816 1069 1870 utile
1099 1831 1165 1870 ac
1194 1819 1564 1872 necessarium
1595 1835 1717 1874 esse
1748 1821 1901 1876 vide-

298 1907 452 1954 retur
485 1919 498 1954 :
531 1909 588 1954 ut
619 1901 777 1956 simul
825 1903 1110 1975 loquamur
1157 1921 1265 1960 non
1309 1905 1464 1960 vobis
1509 1923 1673 1978 grave
1721 1909 1788 1962 sit
1826 1912 1896 1965 ad

296 2003 399 2042 nos
429 1989 586 2058 quasi
633 1989 776 2044 tilius
819 1993 1048 2048 dilectus
1097 1994 1302 2060 venire,
1350 2003 1616 2064 quatenus
1663 2013 1728 2052 ea
1775 2015 1896 2069 qua:

295 2089 542 2152 qongrua
553 2079 802 2133 suntvisa
814 2080 1017 2149 pariter
1029 2083 1456 2137 consideremus.
1474 2084 1605 2137 Data
1620 2089 1684 2140 ut
1699 2103 1889 2158 supra.

1028 2215 1162 2270 CIV.

925 2317 999 2356 AD
1027 2317 1278 2358 EUMDEM.

911 2391 1091 2460 (Anno
1120 2393 1270 2461 878.)

298 2493 557 2572 Graviter
576 2509 705 2549 eum
727 2497 1094 2572 reprehendit
1109 2499 1332 2572 quodin
1357 2500 1568 2572 litteris
1588 2517 1726 2572 quas
1745 2503 1891 2556 scri-

362 2565 482 2640 psit
497 2563 766 2640 honorem
787 2563 1035 2640 debitam
1053 2563 1373 2640 apostolicae
1395 2571 1516 2625 sedi
1543 2563 1657 2625 non
1681 2573 1889 2626 habue-

364 2635 464 2700 rit,
484 2639 636 2709 etne
659 2636 828 2709 legati
847 2637 1048 2707 absque
1069 2635 1188 2709 ejus
1211 2657 1488 2696 consensa
1511 2642 1880 2697 mitterentur

364 2705 761 2776 postulaverit.

364 2809 546 2864 Nobili
575 2810 694 2866 viro
723 2811 1019 2868 LAMBERTO
1049 2813 1296 2885 glorioso
1329 2816 1531 2872 comiti.

366 2897 566 2954 Sedem
595 2899 962 2969 apostolicam,
988 2917 1153 2972 quam
1182 2903 1330 2958 Deus
1357 2904 1700 2974 omnipotens
1731 2921 1890 2975 supra

289 2993 502 3057 petram
533 2987 614 3041 sui
645 2988 878 3042 nominis
909 2987 1140 3045 fundare
1161 2991 1413 3064 dignatus
1443 3001 1544 3056 est,
1577 3009 1684 3049 non
1713 2993 1890 3049 solum

1509 294 1860 376 EPISTOL.E
1897 297 1988 378 ΕΤ
2026 273 2392 384 υΕαῆΕΤΑζ

304 405 470 486 νοιήε⁴
505 421 676 479 super.
701 407 786 462 his
815 409 1212 486 scriberemus,
1253 413 1356 470 sed
1383 415 1510 486 quia
1548 416 1814 484 indoneos
1839 433 1904 476 ac

1933 420 1988 511 ﬁ
2009 438 2320 512 aliquando,
2357 457 2657 508 consertus
2701 445 2975 517 conﬁrma
3017 450 3231 525 fratres
3281 453 3414 521 tum.
3445 449 3602 525 (Lua

2002 528 2186 598 1111).,
2205 529 2286 584 De
2315 528 2398 584 his
2429 538 2610 591 autem
2641 547 2761 602 qum
2805 533 2937 590 olim
2966 534 3110 594 dicta
3155 523 3280 598 sunt
3307 523 3596 610 internas,

2001 629 2104 684 pro
2133 615 2365 672 diversis
2395 632 2462 674 ac
2498 619 2884 691 multiplicibus
2911 625 3200 680 contrariis
3219 634 3274 680 et
3301 627 3602 686 adversita-

2002 702 2164 768 tibus,
2211 720 2312 760 nec
2353 721 2459 760 non
2489 715 2540 762 et
2569 709 2816 778 corporis
2863 710 3410 781 incommoditatibus,
3462 731 3599 787 quas

2003 791 2242 861 quotidie
2271 793 2522 862 patimur,
2555 795 2712 851 nobis
2743 797 2950 869 aliquid
2976 799 3330 859 considerare
3359 802 3448 860 vel
3477 818 3598 872 per-

2001 885 2238 935 tractare
2283 895 2390 935 non
2437 881 2582 938 licet.
2637 884 2752 940 Nos
2797 893 3078 954 tamen,.si
3109 889 3448 958 prudentiam
3495 906 3595 946 ve-

2001 974 2163 1022 stram
2197 967 2249 1020 in
2278 969 2478 1024 nostris
2526 970 2860 1040 profectibus
2891 981 2944 1028 et
2974 975 3289 1032 utilitatibus
3337 977 3598 1034 Ecclesiae

2001 1054 2256 1110 Romana:
2285 1057 2736 1128 cognovissemus
2755 1061 3006 1116 devotam
3035 1063 3288 1130 existere,
3320 1073 3597 1123 nostram-

2002 1159 2107 1212 que
2165 1143 2492 1199 voluntatem
2541 1155 2790 1218 prompte
2850 1149 3134 1220 perﬁcerc,
3182 1152 3306 1209 loco
3359 1169 3458 1212 vos
3503 1153 3598 1209 ﬁlii

2001 1230 2292 1302 dilectique
2347 1247 2669 1302 cuperemus
2724 1236 2956 1294 retinere
3012 1239 3190 1305 amici,
3251 1248 3305 1296 et
3360 1257 3423 1297 ea
3479 1259 3598 1314 que

2001 1326 2198 1374 vestrae
2250 1320 2412 1374 saluti
2466 1337 2529 1376 ac
2577 1323 2922 1394 prosperitati
2973 1336 3158 1394 essent
3211 1329 3379 1397 utilia,
3440 1344 3596 1401 grato

2001 1421 2130 1460 sane
2173 1407 2356 1462 animo
2400 1407 2789 1478 perﬁceremus
2823 1431 2834 1464 :
2866 1413 2966 1468 sed
2995 1414 3121 1486 quia
3150 1432 3267 1482 vos,
3313 1417 3472 1472 nobis
3503 1435 3596 1474 re-

1998 1492 2158 1560 lictis,
2217 1494 2271 1548 in
2330 1505 2543 1566 partem
2600 1500 2924 1556 contrariam
2977 1501 3264 1560 inclinatos
3325 1505 3594 1572 videmus,

1999 1598 2108 1636 non
2139 1583 2310 1638 solum
2339 1585 2795 1655 obstupescimus,
2847 1590 2946 1644 sed
2974 1590 3133 1645 etiam
3165 1607 3200 1650 a
3227 1601 3422 1652 vestrae
3451 1595 3592 1652 ami-

2000 1670 2142 1726 citiae
2169 1687 2268 1727 nos
2299 1673 2545 1728 similiter
2590 1675 2930 1733 declinamus
2979 1680 3271 1744 consortio,
3321 1682 3467 1752 quod
3496 1698 3598 1752 pro

1919 1767 1970 1826 Β
1997 1759 2096 1812 Dei
2126 1774 2310 1815 amore
2353 1761 2508 1816 valde
2555 1764 2788 1820 retinere
2835 1765 3104 1822 voluimus
3147 1769 3392 1824 charum.
3444 1769 3594 1830 Hanc

1997 1855 2262 1916 praeterea
2312 1849 2598 1919 epistolam
2627 1859 2870 1908 nostram
2921 1855 3219 1910 secundum
3259 1872 3468 1912 morem
3497 1874 3598 1929 per

1998 1933 2480 2006 Longobardorum
2515 1936 2732 1994 ﬁdelem
2778 1949 3042 2008 vestrum,
3077 1951 3130 1996 et
3159 1943 3464 2000 litterarum
3494 1947 3596 2001 de-

1997 2021 2230 2076 latorem
2275 2041 2599 2094 vesrrarum,
2651 2027 2805 2086 vobis
2850 2031 3108 2086 mandare
3155 2031 3464 2100 voluimus;
3497 2035 3597 2090 sed

1997 2109 2088 2166 ille
2118 2127 2150 2165 a
2178 2112 2336 2166 nobis
2382 2129 2476 2168 eas
2527 2115 2768 2186 recipere
2813 2126 3115 2190 vestraque
3159 2119 3333 2176 noluit
3377 2121 3594 2178 deferre

1997 2199 2301 2269 sagacitati,
2329 2201 2426 2255 sed
2467 2201 2606 2256 sicut
2635 2209 2687 2256 et
2717 2204 2972 2276 antiquus
3017 2222 3150 2260 usus
3175 2207 3342 2278 exigit
3361 2217 3386 2243 ι
3417 2217 3469 2264 et
3501 2227 3592 2264 ra-

1995 2285 2068 2340 tio
2098 2287 2384 2342 manifesta
2410 2287 2527 2344 fieri
2561 2290 2817 2347 declarat.
2852 2293 2989 2349 Data
3020 2299 3084 2350 ut
3114 2311 3306 2368 supra.

2729 2397 2836 2452 CV.

2278 2479 2350 2516 AD
2380 2479 2786 2522 ANGELBERGAM
2811 2483 3129 2526 AUGUSTAM.

2607 2540 2786 2604 (Anno
2817 2541 2968 2609 878.)

1993 2621 2151 2702 Dolet
2166 2621 2581 2702 .{ingelbergain
2603 2627 3131 2702 molestiisaﬂiciiet
3145 2632 3404 2702 queritur
3419 2633 3484 2688 de
3506 2634 3590 2688 in-

2054 2691 2231 2770 juriis
2259 2691 2396 2770 quas
2413 2691 2750 2770 Lambertus
2764 2691 3026 2770 Ecclesia:
3047 2691 3308 2755 Romana:
3325 2703 3549 2770 inﬂixit
3569 2723 3588 2759 :

2063 2765 2220 2844 rogat
2270 2765 2337 2844 at
2365 2769 2672 2844 .oonserpet
2709 2767 3178 2844 Abencuolentiam
3228 2765 3396 2842 qua-ni
3459 2789 3586 2844 erga

2061 2831 2250 2902 ipsum
2283 2831 2483 2887 habere
2511 2835 2740 2890 solebat.

2061 2919 2288 2974 Dilectae
2317 2935 2377 2974 ac
2407 2920 2636 2990 spiritali
2665 2921 2790 2979 filiae
2833 2930 3225 2984 ANGELBERGE
3249 2945 3316 2985 ex
3344 2930 3586 3002 impera-

1989 3005 2124 3060 trice
2157 3007 2273 3061 Deo
2302 3008 2511 3064 dicatae.

293 3089 456 3146 P9385
484 3082 537 3131 θῑ
563 3075 838 3174 Ρνίηοίρθε
885 3084 1061 3178 tsi???»
1110 3094 1298 3132 verum
1331 3079 1491 3178 θιίθιιιξ
1526 3081 1885 3178 imperatores
1917 3115 1967 3178 Ο
2041 3092 2178 3162 Quia
2199 3095 2424 3150 multum
2441 3097 2730 3153 devotione
2757 3109 2811 3154 et
2839 3103 3034 3158 mentis
3079 3105 3356 3173 alacritate
3402 3108 3583 3164 (1οωί-

292 3163 542 3232 Augusti,
575 3171 628 3219 et
657 3163 820 3218 totius
847 3165 996 3219 orbis
1016 3166 1230 3221 Domini
1261 3168 1374 3222 suis
1403 3167 1668 3237 apicibus.
1702 3177 1885 3238 utpote

292 3259 456 3320 caput
481 3252 721 3306 omnium
771 3253 1138 3308 Ecclesiarum
1170 3255 1290 3319 Dei,
1343 3257 1762 3319 honoravcrunt,
1797 3256 1884 3311 di-

291 3338 527 3411 gnisque
573 3340 862 3409 praeconiis
891 3341 1006 3408 ejus
1046 3340 1349 3411 pontifices,
1402 3344 1633 3398 vicarios
1682 3344 1887 3400 scilicet

289 3427 437 3490 beati
491 3427 634 3506 Petri
710 3428 1072 3497 apo-‘tolorum
1150 3431 1432 3501 principis,
1507 3431 1879 3498 laudaverunt,

296 3515 544 3587 votisque
593 3516 928 3586 supplicibus
959 3518 1236 3588 deprecari
1265 3521 1606 3586 studuerunt,
1639 3527 1691 3574 et
1711 3536 1884 3589 usque

288 3603 344 3658 in
375 3601 536 3659 finem
567 3605 773 3669 seaculi,
806 3606 948 3660 Petri
978 3615 1230 3662 manente
1263 3609 1478 3662 nomine
1511 3626 1569 3662 ac
1606 3610 1884 3661 memmi-ﬁ.

289 3692 596 3762 supplicare
626 3709 735 3746 non
765 3693 1032 3747 desinent.
1061 3695 1400 3763 Quaprotiter
1434 3699 1545 3744 amt
1567 3703 1682 3738 nites
1715 3687 1851 3736 litte-

289 3795 376 3834 ras
410 3789 526 3834 tuas
555 3797 688 3851 quas
733 3783 1025 3834 mandastie
1053 3785 1184 3829 ..τιμά
1213 3800 1226 3828 ι
1277 3777 1432 3828 \altle
1465 3775 1659 3826 fuimus
1690 3785 1853 3840 super

291 3883 671 3922 eamne-vernis
729 3865 1248 3928 inconvenientilnis,
1311 3879 1431 3933 qua}
1486 3877 1588 3916 nec
1639 3859 1854 3914 debitas

261 3967 446 4016 sancto
505 3958 658 4010 Petro
716 3955 906 4008 laudes
981 3961 1254 4015 resonant,
1313 3966 1416 4005 nec
1470 3947 1856 4005 ecclesiasticis

261 4045 591 4103 concordant
639 4041 844 4112 regulis
898 4040 984 4096 vel
1027 4039 1284 4094 doctrinis
1325 4056 1338 4103 ;
1387 4053 1510 4092 cum
1558 4035 1715 4091 nobis
1761 4034 1856 4089 illa

259 4134 431 4198 verba
477 4131 778 4188 mandastis
827 4145 947 4200 quae
996 4127 1348 4182 saecularibus
1389 4125 1519 4179 viris
1549 4132 1600 4178 et
1628 4138 1854 4192 compa-

260 4223 412 4284 ribus
459 4220 567 4280 tuis
613 4219 852 4274 scribere
900 4215 1089 4271 solitus
1136 4231 1215 4280 es,
1259 4215 1362 4268 hoc
1406 4221 1506 4279 est,
1550 4227 1673 4266 cum
1721 4210 1856 4264 dicis

260 4311 457 4379 nobis,
528 4309 657 4363 Tuae
728 4305 1056 4370 nobilitatis,
1118 4303 1204 4359 vel
1261 4317 1381 4357 cum
1455 4299 1590 4354 dicis
1659 4298 1852 4363 nobis,

260 4401 544 4468 Monemus
591 4394 924 4450 nobilitatem
985 4399 1220 4446 vestram
1257 4409 1272 4455 -,
1325 4389 1380 4443 in
1425 4403 1532 4459 quo
1576 4387 1695 4441 luce
1741 4385 1858 4440 cla-

263 4489 377 4546 rius
421 4493 660 4541 mentem
722 4493 959 4542 vestram
1003 4479 1388 4551 cognoscimus
1437 4491 1568 4548 erga
1611 4491 1712 4529 nos
1750 4473 1856 4528 mi-

265 4575 411 4634 nime
471 4574 740 4640 devotam,
798 4571 934 4624 sicut
975 4568 1299 4640 putabamus
1353 4565 1605 4620 existere.
1652 4561 1858 4617 Idcirco

263 4673 463 4728 nostrae
490 4660 794 4734 paternitati
823 4669 929 4713 tam
960 4657 1156 4713 vilibus
1187 4655 1364 4710 verbis
1396 4663 1448 4709 et
1477 4651 1860 4710 inconvenien-

262 4754 409 4808 tibus
440 4750 782 4806 sermonibus
813 4748 1056 4802 scribere
1102 4744 1291 4800 audaci
1325 4743 1502 4814 potius
1551 4757 1710 4812 quam
1744 4739 1859 4808 sin-

264 4857 394 4898 cera
443 4847 624 4895 mente
668 4837 930 4898 voluistis,
985 4843 1036 4888 ct
1083 4833 1276 4886 mirum
1322 4847 1429 4885 non
1487 4840 1568 4885 cst
1619 4829 1742 4902 quia
1791 4829 1859 4882 de

267 4945 452 4986 amaro
497 4927 644 4982 fonte
674 4925 849 4980 dulcis
895 4939 1037 4994 aqua
1068 4938 1174 4976 non
1227 4919 1490 4975 hauritur.
1526 4921 1693 4973 Porro
1737 4917 1861 4988 quia

270 5017 482 5074 dixistis
531 5015 672 5086 quod
711 5013 827 5067 sine
872 5027 1141 5066 consensu
1180 5019 1272 5064 tuo
1301 5015 1515 5061 nostras
1561 5006 1860 5076 legationes

267 5120 536 5177 nusquam
553 5103 762 5158 mittere
791 5102 1133 5166 deberemus,
1153 5113 1389 5168 ususque
1420 5097 1522 5148 hoc
1552 5111 1660 5148 non
1682 5093 1857 5162 fuerit,

269 5211 372 5250 nec
391 5193 580 5248 litteris
601 5191 818 5263 legitur,
849 5206 950 5243 nec
971 5204 1002 5242 a
1025 5203 1296 5258 quoquam
1320 5183 1604 5253 superstite
1627 5197 1863 5253 unquam

269 5282 438 5338 fuisse
460 5279 824 5337 reminiscitur
848 5277 1076 5341 factum;
1102 5275 1286 5329 etideo
1305 5273 1464 5327 sedes
1487 5271 1782 5341 apostolica
1802 5270 1862 5324 li-

270 5371 398 5426 bera
429 5385 648 5439 semper
677 5368 917 5422 existens
939 5366 1163 5419 liberam
1191 5363 1388 5432 ubique
1419 5375 1568 5414 suam
1601 5359 1760 5411 mittit
1791 5358 1866 5412 le-

269 5461 565 5533 gationem,
590 5457 799 5511 habens
833 5454 1042 5509 Domini
1061 5451 1438 5506 auctoritatem
1467 5447 1694 5502 dicentis
1719 5464 1730 5500 :
1755 5449 1864 5517 Ego

271 5564 371 5621 pro
403 5553 456 5602 te
485 5547 692 5618 rogavi,
727 5546 906 5607 Petra,
942 5545 1139 5598 utnon
1169 5539 1394 5608 deﬁciat
1421 5537 1558 5606 ﬁdes
1591 5540 1687 5591 tua
1719 5539 1774 5590 et
1807 5539 1864 5590 tu

383 5663 574 5728 Aliquid
596 5662 754 5715 deest.

1944 3203 1952 3206 -
1987 3197 2117 3236 num
2147 3191 2204 3236 et
2232 3183 2504 3238 seniorem
2547 3185 2686 3240 divae
2715 3189 2994 3244 memoria:
3043 3193 3182 3244 Luci"
3233 3193 3370 3249 Ecum
3402 3211 3582 3266 quon-

1987 3269 2113 3323 dam
2161 3270 2682 3328 Christianissimum
2727 3275 3132 3344 imperatorem,

1985 3357 2117 3410 lium
2149 3366 2412 3420 nostrum,
2449 3359 2754 3420 dileximus.
2791 3354 3054 3434 n'-"_te“}fS
3089 3358 3100 3407 ἱ
3206 3359 3268 3388 ι’·’

1987 3445 2102 3512 eius
2149 3446 2530 3498 memoriarum
2561 3445 2728 3480 .sdl'r‘ls
2778 3427 3104 3480 orationibus
3161 3426 3356 3477 nostris
3403 3423 3546 3494 apud

1987 3510 2240 3583 ngiuill
2292 3517 2528 3584 quotidie
2559 3517 2733 3568 facere
2767 3523 2818 3568 et
2849 3512 3086 3584 quandiu
3134 3511 3429 3566 vixerimus
3460 3510 3543 3566 fa-

1954 3622 2134 3659 cturos
2165 3620 2284 3657 esse
2317 3606 2527 3666 scitote,
2560 3603 2833 3674 vestrique
2872 3616 3166 3665 memores,
3199 3599 3549 3655 dilectissime

1955 3693 2081 3757 filia,
2116 3691 2361 3746 similiter
2389 3706 2598 3745 sumus.
2629 3691 2788 3758 Nam,
2822 3690 2937 3744 Deo
2969 3696 3123 3752 teste,
3158 3696 3392 3742 vestram
3421 3701 3550 3758 pro-

1955 3780 2264 3850 speritatcm
2292 3787 2345 3834 et
2374 3783 2602 3834 salutem
2631 3794 2847 3850 semper
2891 3777 3140 3848 cupimus
3175 3775 3365 3850 vigere
3393 3775 3550 3832 inco-

1953 3869 2154 3924 lumem
2185 3877 2236 3924 et
2265 3868 2455 3923 audire
2486 3885 2500 3921 :
2535 3877 2587 3922 et
2615 3883 2782 3938 super
2811 3874 2890 3922 tot
2918 3881 2982 3922 ac
3012 3865 3174 3922 tantis
3203 3864 3553 3920 adversitati-

1955 3957 2076 4024 bus,
2111 3971 2247 4028 quas
2267 3973 2296 4010 a
2315 3955 2439 4010 ﬁliis
2467 3957 2624 4024 hujus
2653 3955 2839 4010 saeculi
2868 3971 2967 4010 vos
2996 3954 3318 4009 sustinuisse
3349 3967 3556 4025 cogno-

1957 4045 2178 4110 scimus,
2212 4045 2418 4115 ingenti
2434 4044 2591 4097 vobis
2620 4044 2812 4097 dolore
2839 4043 3198 4112 compatimur
3224 4048 3274 4096 et
3295 4040 3552 4096 condole-

1956 4149 2116 4198 mus;
2149 4133 2408 4203 quoniam
2454 4131 2675 4202 quidem
2701 4137 2928 4200 paterno
2968 4145 3066 4184 vos
3092 4128 3383 4200 diligentes
3413 4127 3550 4183 aﬁ‘e—

1957 4230 2066 4287 ctu,
2112 4235 2402 4276 mmrorem
2447 4225 2691 4272 vestrum
2722 4227 2968 4272 nostrum
3009 4224 3281 4287 putamus,
3315 4224 3371 4272 et
3395 4224 3552 4270 tran-

1958 4307 2276 4380 quillitatem
2291 4307 2416 4362 vitae
2439 4314 2629 4360 vestrae
2649 4313 2889 4360 nostram
2911 4317 3034 4360 esse
3049 4304 3353 4377 gaudemus
3375 4322 3390 4371 ;
3421 4303 3553 4375 quia

1957 4407 2010 4452 et
2038 4413 2136 4451 vos
2182 4411 2280 4466 pro
2304 4395 2498 4450 talibus
2545 4393 2792 4449 nefandis
2821 4401 2874 4450 et
2902 4393 3155 4448 inauditis
3202 4392 3382 4459 malis,
3431 4408 3554 4464 quae

1958 4485 2105 4540 nulla
2161 4491 2405 4538 veterum
2461 4483 2729 4553 scriptura
2797 4483 3068 4548 decantat,
3149 4481 3299 4536 nulla
3375 4479 3551 4535 histo-

1958 4573 2039 4628 ria
2093 4579 2292 4638 narrat,
2329 4573 2471 4626 beati
2502 4571 2642 4626 Petri
2674 4571 3044 4642 apostolorum
3092 4569 3355 4641 principis
3396 4567 3550 4624 vica-

1959 4661 2100 4716 rium
2131 4677 2162 4716 a
2191 4660 2432 4733 quolibet
2461 4660 2789 4732 imperatore
2819 4659 2904 4715 vel
2935 4674 3065 4731 rege
3094 4672 3336 4728 unquam
3382 4656 3551 4711 susti-

1959 4749 2165 4818 nuisse,
2197 4765 2300 4804 nos
2331 4749 2413 4802 his
2443 4749 2636 4803 diebus
2665 4764 2696 4801 a
2725 4747 3010 4802 Lamberto
3039 4745 3332 4818 Spoletano
3353 4743 3551 4800 comite

1960 4837 2070 4909 pati
2101 4837 2399 4900 audientes,
2431 4835 2592 4891 simili
2632 4851 2755 4890 esse
2801 4849 3038 4890 maerore
3069 4832 3323 4888 afﬂictam
3365 4832 3557 4888 incun-

1962 4934 2170 4981 ctanter
2199 4923 2758 4998 agnoscimus;unde
2790 4929 3021 4978 vestram
3076 4922 3353 4978 hortamur
3409 4921 3553 4976 dile-

1963 5014 2193 5069 ctionem
2223 5021 2281 5067 ut
2308 5013 2451 5068 circa
2480 5029 2581 5068 nos
2609 5011 2757 5082 pium
2785 5010 2982 5064 mentis
3013 5009 3268 5066 affectum
3324 5025 3556 5065 conser-

1963 5111 2172 5167 vantes,
2193 5117 2257 5156 ea
2280 5116 2399 5172 qua":
2429 5100 2638 5155 utilitati
2665 5107 2865 5155 nostra;
2896 5113 3141 5172 congrua
3167 5099 3256 5154 vel
3297 5115 3558 5156 necessa-

1964 5191 2045 5246 ria
2075 5207 2197 5246 esse
2226 5189 2548 5260 perspicitis,
2580 5205 2678 5259 pro
2724 5187 2929 5242 viribus
2971 5204 3136 5259 agere
3182 5203 3290 5244 non
3334 5191 3560 5259 praeter-

1964 5279 2205 5334 mittatis.
2240 5278 2380 5347 Quia
2409 5285 2460 5332 et
2492 5293 2613 5345 nos,
2637 5277 2751 5332 Deo
2772 5275 3026 5347 propitio,
3053 5277 3352 5332 secundum
3373 5277 3556 5332 datam

1964 5369 2120 5422 nobis
2151 5367 2408 5420 divinitus
2435 5374 2759 5436 potestatem
2809 5365 2964 5420 vobis
2993 5365 3252 5421 auxilium
3301 5375 3353 5420 et
3409 5373 3562 5436 opta-

1964 5451 2156 5506 tamin
2185 5450 2437 5505 omnibus
2486 5449 2910 5505 consolationem
2959 5450 3210 5506 conferre
3253 5449 3410 5506 avide
3457 5464 3557 5508 cu-

1967 5540 2166 5613 pimus,
2199 5546 2250 5592 et
2283 5539 2386 5592 sub
2417 5537 2562 5592 beati
2593 5538 2735 5596 Petri
2765 5537 2996 5609 apostoli
3025 5554 3143 5605 vos,
3177 5537 3223 5602 si
3250 5552 3386 5608 opus
3442 5535 3557 5600 fue-

3213 3310 3220 3346 ξ
3249 3282 3473 3337 ’π’ἰιδιρη]
3514 3283 3581 3338 ﬁ—

3206 3359 3268 3388 v"
3306 3354 3550 3389 mtuum:
