4160 6310
591 311 696 366 755

1962 302 2258 360 JOANNIS
2297 303 2488 359 PAPzE
2526 306 2666 359 VIII.

3782 311 3884 364 ηδε
3917 379 3938 392 ⁹

590 431 682 496 rit,
711 431 938 486 tuitione
964 437 1279 502 protegere,
1312 437 1366 484 et
1393 429 1638 497 illmsam,
1691 444 1791 484 ceu
1830 427 1996 482 tiliam
2044 429 2179 482 cha-
2201 425 2258 484 A
2288 426 2482 482 tellites
2511 443 2639 482 suos
2669 442 2764 498 per
2792 427 2910 483 dies
2937 428 3204 498 plurimos
3233 428 3466 484 retinere
3498 428 3644 498 fecit,
3687 445 3754 486 ac
3804 432 3880 486 sic

593 517 884 587 rissimam,
919 533 1244 586 conservare
1274 517 1630 584 studebimus,
1667 516 1713 570 si
1743 517 1812 571 ad
1846 515 2017 586 ipsius
2053 529 2192 585 apo-

595 606 857 662 stolorum
900 605 1161 676 principis
1207 604 1397 658 limina
1443 605 1600 659 vobis
1644 591 1851 659 venire.
1878 601 2188 675 contigerit.

594 695 834 750 Interim
857 696 1180 764 confortare
1202 695 1265 747 in
1280 693 1534 758 Domino,
1558 692 1654 764 qui
1673 693 2001 748 consolatur
2017 706 2108 746 vos
2129 691 2193 744 in

593 782 870 846 omnibus,
889 797 992 836 nec
1010 781 1264 852 patietur
1277 795 1368 836 vos
1407 781 1621 834 tentari
1655 795 1832 851 supra
1848 779 1906 833 id
1926 778 2069 850 quod
2096 793 2194 850 po-

593 871 780 935 testis;
793 869 887 924 sed
901 869 1076 939 faciet
1094 885 1226 922 cum
1247 871 1338 922 ten
1346 868 1559 922 tatione
1578 871 1929 936 proventum,
1945 870 2012 920 ut
2025 867 2196 938 possi-

597 958 672 1012 tis
693 958 976 1011 sustinere
996 957 1047 1025 (ι
1077 956 1196 1012 Cor.
1229 954 1310 1023 χ).
1361 955 1441 1008 De
1481 962 1681 1009 caetero
1730 962 1910 1008 autem
1959 968 2024 1007 ea
2070 968 2193 1024 quae

595 1043 916 1112 mandastis,
983 1043 1166 1097 multis
1230 1041 1631 1112 impedimentis
1709 1041 1978 1112 occupati,
2073 1056 2193 1112 quae

597 1130 856 1204 praefatus
875 1147 1060 1186 comes
1081 1146 1202 1186 cum
1223 1129 1613 1200 multiplicibus
1636 1129 1850 1184 insidiis
1869 1128 2026 1184 nobis
2046 1144 2191 1198 prae-

596 1227 748 1292 parat
795 1219 1048 1290 cupitque
1094 1217 1294 1273 inferre
1339 1217 1598 1288 quotidie,
1645 1216 1904 1288 perﬁcere
1941 1216 2193 1288 nequivi-

596 1325 754 1373 mus;
812 1315 866 1361 at
922 1307 1039 1361 Deo
1094 1305 1537 1377 tranquillitatem
1565 1305 1840 1376 vitamque
1895 1304 2187 1374 praebente,

597 1403 790 1451 cuncta
837 1411 956 1465 quae
1004 1401 1199 1450 vestra
1263 1393 1524 1448 voluntati
1569 1393 1717 1447 utilia
1773 1399 1916 1458 sunt,
1985 1391 2192 1447 lubenti

595 1485 778 1540 animo
803 1482 1166 1555 perﬁciemus,
1219 1481 1419 1553 quibus
1460 1489 1644 1536 vester
1687 1482 1863 1536 honor
1903 1488 1951 1534 et
2000 1480 2192 1552 gloriae

595 1573 754 1645 vigor
782 1573 1157 1626 incunctanter
1194 1578 1456 1640 appareat
1503 1569 1734 1642 integer.
1791 1570 2028 1624 Dextera
2082 1569 2192 1623 Do-

593 1661 727 1716 mini
757 1676 856 1716 vos
884 1659 941 1714 in
970 1657 1220 1713 omnibus
1264 1657 1490 1712 illaasam
1536 1672 1858 1712 conservare
1905 1656 2175 1728 dignetur.

593 1751 732 1804 Data
780 1751 846 1804 ut
875 1763 1066 1819 supra.

1321 1833 1454 1888 CVI.

989 1937 1060 1976 Αι)
1090 1935 1484 1977 BERENGARIUI
1533 1935 1796 1975 COMI’I‘EM.

1213 2010 1392 2082 (Anno
1422 2011 1570 2079 8'18.)

602 2105 774 2176 Rogat
793 2105 861 2157 ut
875 2101 1207 2176 imperatori
1225 2099 1456 2176 nuntiet
1475 2115 1596 2170 quae
1615 2115 1650 2152 a
1671 2098 1972 2176 Lamberto
2009 2099 2192 2176 Romae

668 2170 997 2246 perpetrata
1014 2171 1133 2226 siut
1151 2170 1350 2241 detque
1371 2185 1595 2241 operam
1616 2173 1683 2224 ut
1706 2185 1830 2224 eam
1851 2171 2184 2240 compescat.

670 2279 876 2334 Dilecto
921 2275 1030 2331 tilio
1077 2277 1442 2330 BERBNGARIO
1497 2274 1742 2346 glorioso
1797 2273 1981 2327 comiti
2038 2273 2190 2342 regia

591 2365 847 2440 prosapia
877 2372 1018 2420 orto.

665 2455 841 2512 Lectis
865 2452 1156 2508 nobilitatis
1190 2459 1388 2506 vestra;
1407 2451 1620 2516 litteris,
1645 2450 1768 2522 quia
1825 2449 2189 2504 sinceritatem

599 2561 664 2601 ac
693 2543 1063 2607 devotionem,
1097 2555 1252 2595 more
1291 2539 1497 2595 scilicet
1523 2547 1813 2609 parentum
1859 2545 2186 2598 vestrorum,

600 2633 748 2689 circa
775 2647 876 2686 nos
904 2646 1002 2701 pro
1033 2644 1223 2684 amore
1279 2629 1408 2682 Jesu
1457 2627 1650 2682 Christi
1679 2626 1895 2682 Domini
1935 2634 1987 2680 et
2045 2625 2189 2680 beati

595 2721 740 2776 Petri
769 2719 1135 2790 apostolorum
1168 2711 1429 2786 principis
1459 2714 1783 2777 reverentia,
1830 2729 1927 2768 vos
1984 2713 2191 2768 habere

595 2809 888 2880 ingentem
915 2803 1410 2876 reperimus,multa
1441 2811 1634 2857 vestrae
1659 2801 1934 2857 mellitluae
1963 2800 2188 2856 locutio-

597 2897 682 2951 nis
711 2895 999 2952 dulcedine
1029 2909 1216 2948 sumus
1272 2891 1492 2946 omnino
1547 2890 1760 2960 repleti,
1820 2890 1893 2944 ita
1949 2897 2006 2943 ut
2065 2905 2188 2944 cum

597 2984 883 3040 Psalmista
912 2983 1092 3038 dicere
1132 2980 1407 3052 possimus
1441 2996 1454 3032 :
1493 2979 1669 3046 Quam
1698 2979 1889 3033 dulcia
1925 2977 2186 3048 faucibus

594 3074 736 3129 meis
755 3072 977 3145 eloquia
1004 3075 1104 3126 tua
1125 3077 1146 3125 !
1167 3070 1341 3139 (Psal.
1361 3066 1584 3135 cxvm.)
1616 3066 1786 3134 Hujus
1814 3081 2046 3136 namque
2077 3065 2182 3120 bo-

590 3161 774 3216 nitatis
803 3160 972 3215 decus
1027 3157 1282 3213 eximium
1335 3172 1400 3210 ex
1459 3153 1703 3209 moribus
1759 3153 1862 3224 piae
1915 3152 2190 3208 memoriaa

597 3247 918 3303 nobilissimi
949 3246 1222 3318 quondam
1251 3242 1516 3315 genitoris
1543 3241 1711 3296 vestri
1740 3257 1837 3297 vos
1865 3243 2080 3296 trahere
2111 3241 2189 3295 in-

598 3337 864 3374 anium-ﬁ
927 3333 1332 3400 fur-“mus,
1362 3332 1452 3398 qui
1490 3331 1710 3399 dignum
1753 3346 1970 3399 semper
2017 3331 2191 3384 hono-

635 3406 748 3441 rem
780 3400 832 3442 ct
885 3407 1030 3458 piam
1088 3407 1424 3447 reverentim.
1474 3419 1907 3469 ,ιηιρρρδςυτῇιιυδ
1966 3418 2184 3484 nostris,

628 3477 798 3531 sacris
833 3478 1078 3531 videlicet
1133 3480 1494 3548 pontiﬁcibus.
1539 3489 1790 3540 evlnmut
1828 3515 1931 3553 σοις,
1993 3522 2006 3555 ι
2085 3477 2186 3556 uti;

625 3563 906 3620 alacritate
937 3566 1189 3622 studebat
1226 3577 1279 3623 et
1330 3569 1452 3624 ideo
1487 3572 1726 3642 pulchra:
1769 3575 2064 3642 juventunc
2122 3596 2214 3631 ve—

623 3661 748 3708 stra;
777 3651 970 3708 ﬂorem
1018 3655 1086 3710 de
1132 3657 1313 3712 radice
1354 3658 1503 3726 justa
1549 3661 1908 3730 prodeuntem
1955 3665 2218 3720 Dominus

621 3741 953 3796 exercituum
981 3743 1197 3812 pietatis
1227 3762 1338 3800 suae
1366 3747 1543 3818 gratia
1569 3749 1837 3803 custodiet
1866 3750 2212 3819 incolumem,

620 3826 888 3900 facietque
917 3846 1182 3903 prospere
1211 3833 1400 3905 vigere
1429 3833 1484 3887 in
1516 3835 1766 3890 omnibus
1793 3846 1843 3892 et
1873 3839 1942 3892 ad
1984 3855 2213 3911 prospe-

619 3933 738 3971 rum
768 3934 941 3989 usque
971 3916 1133 3973 ﬁnem
1163 3921 1438 3990 perducet.
1474 3921 1834 3994 Quapropter,
1869 3925 1964 3980 filii
1996 3929 2211 3984 charis-

615 4003 771 4068 sime.
806 4023 952 4076 εαξρο
982 4007 1252 4062 voluimus
1281 4017 1477 4065 vestrae
1507 4011 1751 4066 scribere
1781 4014 2076 4081 dilectioni,
2101 4033 2210 4072 non

613 4093 788 4148 solum
819 4103 1063 4150 nostram
1094 4095 1249 4150 vobis
1279 4098 1508 4153 salutem
1553 4099 1964 4169 innotescendo,
2012 4105 2110 4158 sed
2156 4114 2209 4160 et

612 4181 682 4236 de
735 4191 921 4238 vestra
975 4184 1334 4254 prosperitate
1390 4195 1553 4259 atque
1575 4189 1958 4247 .incolumitate
2013 4193 2206 4249 audire

609 4270 879 4340 cupiendo
903 4291 917 4338 ;
950 4272 1048 4327 sed
1073 4288 1182 4328 non
1212 4275 1386 4330 solum
1417 4293 1751 4349 paganorum
1772 4280 1983 4335 crebris
2003 4281 2204 4354 ubique

607 4357 1024 4424 incursionibus,
1058 4377 1247 4416 verum
1284 4363 1447 4418 etiam
1503 4365 1933 4422 Christianorum
1991 4369 2204 4426 insidiis

2209 3118 2260 3182 C

2294 518 2498 570 tantam
2527 515 2798 571 civitatem
2828 516 3073 570 invasam
3105 516 3321 572 retinuit
3345 537 3359 584 ;
3392 517 3464 572 ita
3490 533 3620 572 sane
3637 525 3695 572 ut
3723 517 3882 573 nobis

2293 604 2438 672 apud
2471 604 2686 658 beatum
2739 605 2953 658 Petrum
2993 605 3435 672 consistentibus,
3488 605 3692 661 nullam
3737 606 3885 662 urbis

2293 690 2478 746 Romae
2507 700 2848 762 potestatem,
2882 709 2914 747 a
2942 693 3048 762 piis
3077 693 3499 764 imperatoribus
3529 695 3692 749 beato
3722 695 3883 749 Petro

2291 777 2523 848 principi
2553 780 2914 850 apostolorum
2949 781 3172 851 ejusque
3201 781 3412 836 vicariis
3459 781 3734 847 traditam,
3784 782 3887 835 ha-

2292 865 2561 922 beremus.
2583 867 2778 922 Sacras
2805 876 2984 922 autem
3014 869 3256 941 litanias,_
3280 869 3566 940 episcopos
3613 878 3667 924 et
3706 885 3887 924 sacer-

2291 953 2466 1022 dotes,
2497 963 2658 1026 atque
2703 971 2893 1011 servos
2937 956 3056 1022 Dei,
3107 973 3172 1012 ex
3214 973 3363 1012 more
3411 957 3772 1021 celebrantes,
3834 966 3888 1012 et

2291 1041 2358 1096 ad
2387 1043 2676 1098 ecclesiam
2708 1043 2880 1099 sancti
2907 1044 3052 1099 Petri
3091 1045 3274 1100 venire
3331 1045 3594 1110 volentes,
3654 1044 3890 1101 fustibus

2292 1130 2503 1186 caedere
2533 1147 2597 1186 ac
2626 1131 2946 1203 dispergere
2975 1131 3116 1196 fecit,
3149 1133 3431 1204 intulitque
3457 1133 3616 1188 nobis
3667 1139 3887 1189 contra-

2293 1218 2375 1272 ria
2403 1227 2604 1289 quanta
2633 1219 2763 1272 nulli
2819 1235 3214 1290 praecessorem
3273 1228 3588 1277 nostrorum
3643 1238 3886 1294 unquam

2291 1305 2436 1361 facta
2467 1306 2683 1360 fuerunt
2714 1323 2726 1361 :
2761 1307 3047 1380 existitque
3076 1316 3296 1379 paratus
3325 1309 3482 1364 nobis
3511 1309 3712 1365 iterum
3759 1327 3883 1364 ma-

2285 1394 2406 1462 jora
2435 1394 2654 1460 inferre,
2688 1395 2841 1464 cujus
2873 1396 2949 1450 rei
2978 1412 3141 1451 causa
3169 1396 3464 1452 nescimus.
3485 1396 3877 1468 Quamobrem,

2291 1482 2415 1552 quia
2444 1489 2689 1536 nostrum
2720 1482 3080 1538 ministerium
3109 1492 3192 1539 est
3218 1473 3316 1556 pro
3360 1485 3523 1540 totius
3569 1485 3889 1541 Christiani-

2290 1568 2415 1623 tatis
2443 1569 2617 1624 salute
2649 1571 2937 1624 Dominum
2997 1571 3216 1626 assidue
3271 1573 3574 1642 deprecari,
3634 1581 3693 1627 ut
3747 1590 3880 1628 oves

2289 1673 2426 1728 quas
2456 1658 2702 1712 Christus
2743 1660 2888 1714 Deus
2945 1669 3130 1715 noster
3185 1659 3344 1715 nobis
3398 1661 3455 1714 in
3511 1661 3668 1717 beato
3721 1663 3884 1717 Petro

2219 1772 2272 1832 B
2295 1746 2714 1811 commendavit,
2742 1747 2965 1818 jugibus
2997 1747 3136 1803 votis
3166 1756 3218 1802 et
3247 1749 3503 1819 precibus
3539 1750 3611 1805 ad
3665 1757 3886 1806 aeterna

2295 1835 2418 1888 vita:
2445 1849 2648 1904 pascua
2678 1835 2971 1904 perducere
3000 1836 3300 1904 valeamus,
3337 1837 3697 1892 voluissemus
3725 1837 3883 1893 debi-

2291 1930 2402 1976 tam
2430 1923 2632 1976 habere
2663 1923 2897 1994 quietem
2933 1941 2946 1977 :
2981 1925 3078 1978 sed
3109 1924 3202 1978 illo
3232 1940 3262 1978 a
3308 1923 3492 1995 pravis
3543 1925 3886 1999 cogitationi-

2292 2007 2392 2060 bus
2421 2015 2473 2060 et
2501 2007 2708 2061 actibus
2736 2023 2795 2061 se
2823 2023 2931 2061 non
2976 2009 3301 2075 retrahente,
3351 2009 3482 2080 quin
3530 2010 3710 2080 potius
3759 2025 3882 2075 nos,

2292 2111 2412 2149 cum
2435 2094 2665 2168 inimicis
2696 2104 2748 2149 et
2779 2093 3086 2151 inﬁdelibus
3115 2096 3334 2162 nostris,
3370 2113 3507 2168 quos
3536 2097 3619 2152 bis
3663 2098 3779 2167 jam
3830 2106 3883 2152 et

2291 2191 2372 2238 ter
2401 2163 2894 2238 excommunicatos
2951 2192 3003 2238 et
3061 2185 3537 2240 anathematizatos
3592 2185 3880 2254 habemus,

2285 2273 2491 2340 juncto,
2523 2288 2736 2326 rursum
2769 2274 2985 2326 turbare
3013 2273 3264 2336 volente;
3311 2289 3569 2346 rogamus
3624 2274 3882 2328 nobilita-

2290 2369 2396 2414 tem
2428 2368 2662 2414 vestram
2693 2368 2750 2414 ut
2777 2376 2876 2430 pro
2906 2375 3092 2416 amore
3122 2361 3240 2430 Dei,
3275 2369 3326 2416 et
3375 2363 3543 2417 sancti
3591 2361 3755 2430 Petri,
3818 2378 3885 2418 ac

2289 2456 2494 2512 nostro,
2527 2448 2643 2502 haec
2674 2447 2856 2502 omnia
2884 2456 2936 2502 et
2967 2448 3366 2503 Carolomanno
3395 2449 3640 2522 glorioso
3669 2449 3787 2522 regi
3833 2459 3888 2504 et

2290 2535 2554 2606 spirituali
2608 2535 2718 2590 ﬁlio
2781 2545 2965 2592 nostro
3029 2537 3248 2609 cognita
3311 2537 3549 2603 faciatis,
3622 2547 3888 2610 quatenus

2295 2622 2476 2677 missis
2504 2623 2748 2693 apicibus
2779 2624 2908 2689 suis,
2944 2639 3070 2678 eum
3095 2640 3125 2677 a
3156 2625 3246 2678 tali
3273 2625 3701 2696 praesumptione
3731 2642 3884 2682 com-

2290 2719 2501 2782 pescat,
2540 2719 2593 2764 et
2657 2712 2802 2782 quod
2867 2719 3106 2781 tempore
3171 2721 3454 2782 parentum
3514 2713 3656 2768 illius
3719 2715 3882 2769 sedes

2289 2799 2582 2868 apostolica
2613 2815 2722 2854 non
2749 2798 3017 2865 sustinuit,
3049 2800 3164 2868 ejus
3217 2816 3327 2855 non
3383 2801 3613 2871 patiatur
3665 2802 3880 2868 diebus,

2289 2895 2341 2941 et
2371 2887 2564 2941 vestris
2593 2887 2840 2942 similiter
2869 2887 3058 2941 litteris
3091 2889 3342 2943 eumdem
3371 2889 3661 2945 admonete
3707 2889 3880 2946 corri-

2289 2975 2508 3046 piteque
2529 2975 2890 3044 Lambertum,
2923 2985 2979 3029 ut
3011 2975 3213 3030 nullam
3243 2976 3312 3032 de
3342 2985 3540 3033 caetero
3574 2979 3881 3034 contrarie-

2290 3071 2454 3118 tatem
2485 3064 2643 3117 nobis
2671 3065 2918 3134 ingerere
2947 3073 3253 3134 praesumat,
3288 3080 3354 3120 eo
3409 3066 3554 3136 quod
3609 3083 3712 3122 nec
3765 3068 3882 3122 Deo

2290 3167 2388 3206 nec
2419 3151 2578 3206 alicui
2619 3153 2792 3206 Deum
2848 3151 3074 3217 timenti,
3134 3153 3250 3221 ejus
3307 3154 3620 3208 temeritatis
3675 3155 3884 3226 placeat

2290 3238 2533 3294 effectus.
2569 3240 2625 3295 Si
2655 3256 2783 3295 vero
2811 3240 2953 3295 idern
2985 3241 3302 3296 Lambertus
3333 3258 3432 3296 nos
3471 3244 3727 3316 persequi
3771 3260 3880 3299 non

2288 3327 2551 3392 omiserit,
2585 3344 2686 3382 nos
2708 3329 2820 3396 jam
2849 3328 2996 3384 dicto
3027 3330 3138 3399 regi
3171 3329 3360 3385 fideles
3389 3331 3548 3386 amici
3577 3348 3700 3387 esse
3750 3349 3882 3404 quo-

2288 3417 2452 3470 modo
2481 3432 2793 3486 possumus,
2825 3417 2948 3487 quia
2979 3418 3096 3485 ejus
3128 3434 3186 3472 se
3220 3419 3494 3474 voluntate
3531 3421 3698 3489 jactat
3751 3421 3881 3476 talia

2288 3520 2450 3582 θείῃ-ρ
2473 3505 2499 3556 ‘P
2521 3506 2584 3557 Et
2605 3505 2726 3560 ideo
2743 3521 2843 3560 nos
2861 3505 3140 3574 adjuvare.
3165 3507 3302 3562 sicut
3323 3523 3487 3578 supra
3516 3508 3719 3564 dictum
3771 3519 3874 3577 est,

2600 3613 2610 3650 ;
2647 3611 2768 3646 nam
2801 3609 2898 3647 nos
2931 3610 2994 3647 ea
3025 3612 3145 3664 quae
3175 3604 3372 3650 vestrm
3427 3595 3622 3650 fuerint
3675 3597 3880 3668 placita

2319 3669 2573 3720 voluntati
2609 3672 2928 3732 ἶιυιιιιε-ςίηπρ
2961 3678 3220 3750 perlicere
3244 3683 3600 3750 studebimus,
3625 3700 3691 3740 eo
3731 3687 3878 3757 quod

2315 3769 2412 3808 vos
2442 3757 2563 3810 loco
2596 3762 2942 3813 amantissimi
2979 3777 3087 3828 ni‘n,
3141 3774 3342 3835 ιμιπιίἱη
3391 3775 3700 3834 vixerimus,
3755 3774 3881 3828 reti-

2313 3858 2464 3908 nere,
2500 3851 3086 3918 nostraqueEcclesire
3117 3872 3309 3907 causas
3333 3874 3660 3913 n('t‘,t*SS{lt‘lu.~
3689 3881 3758 3932 pt-
3783 3881 3800 3910 κ
3818 3890 3839 3915 ι,
3857 3887 3904 3903 ~-

2312 3930 2578 4000 perﬁcere
2611 3943 2874 4004 optamus.
2912 3940 3174 3996 Prmterea
3232 3947 3478 4000 homines
3537 3930 3766 4008 mit-.1...
3817 3957 3904 4023 qui

2311 4021 2568 4076 orationis
2599 4039 2760 4078 causa
2788 4042 2884 4096 pro
2916 4028 3028 4082 suis
3077 4031 3287 4086 delictis
3335 4035 3625 4091 Dominum
3681 4021 3906 4096 miseri-

2309 4110 2533 4164 cordem
2563 4114 2837 4181 precaturi
2867 4131 3066 4173 venere
3091 4120 3157 4173 ad
3191 4119 3374 4176 limina
3404 4125 3573 4179 sancti
3604 4127 3766 4194 Petri,
3803 4146 3905 4200 pro

2307 4205 2487 4252 vestro
2518 4199 2724 4271 ingenti
2745 4217 2932 4258 amore
2965 4205 3200 4279 benigne
3232 4212 3555 4281 recepimus,
3590 4199 3903 4291 nostrisque

2305 4287 2618 4355 apostolicis
2663 4289 3128 4349 benedictionibus
3165 4297 3624 4369 conﬁrmavimus,
3683 4321 3746 4360 ac
3801 4287 3903 4378 per

2303 4389 2398 4428 eos
2455 4384 2658 4431 nostras
2709 4377 3097 4438 incolumitatis
3155 4385 3404 4453 salutem,
3473 4390 3609 4446 sicut
3664 4377 3890 4463 petistis,

2321 3617 2334 3647 ι
2429 3603 2570 3644 “rati:

602 4446 920 4502 circumdati
950 4449 1313 4518 nequivimus.
1347 4453 1414 4504 At
1439 4468 1602 4518 nunc,
1635 4455 1890 4524 quoniam
1925 4457 2038 4512 Deo
2079 4459 2196 4513 dis-
2227 4456 2279 4516 D
2303 4463 2571 4532 cognitam
2605 4464 2722 4520 fieri
2752 4467 3129 4538 decrevimus;
3161 4482 3210 4528 et
3239 4446 3470 4544 petimus
3517 4487 3574 4532 ut
3631 4446 3740 4536 cito
3795 4446 3894 4539 nos

601 4542 840 4604 ponente
887 4543 1102 4606 tempus
1165 4538 1344 4592 evenit
1407 4550 1801 4610 opportunum,
1869 4547 2202 4604 excellentiae

601 4631 802 4679 vestrae
831 4639 952 4695 quas
983 4631 1036 4678 et
1063 4625 1242 4695 qualia
1274 4642 1460 4682 sumus
1489 4644 1590 4683 nos
1620 4645 1744 4684 cum
1787 4639 1900 4686 tota
1948 4633 2200 4692 Ecclesia

599 4718 654 4764 et
685 4711 898 4767 civitate
927 4711 1166 4766 Romana
1195 4715 1444 4784 perpessi
1465 4732 1496 4769 a
1527 4717 1814 4773 Lamberto
1843 4721 2056 4791 comite,
2107 4741 2196 4780 ve-

601 4798 695 4854 luti
723 4798 834 4855 filio
865 4800 1184 4856 charissima
1211 4811 1263 4856 et
1301 4801 1445 4858 fideli
1495 4805 1670 4860 amico
1708 4807 2012 4865 referimus.
2061 4812 2195 4868 Cum

597 4887 778 4957 itaque
798 4889 1061 4959 praedicto
1081 4889 1363 4945 Lamberto
1392 4893 1562 4948 multa
1593 4895 1832 4965 quotidie
1861 4897 2004 4953 bona
2034 4902 2194 4956 fecis-

596 4989 800 5040 semus,
841 4976 1174 5048 dignumque
1203 4977 1661 5050 impendissemus
1706 4984 1970 5041 honorem
2027 5005 2192 5059 supra

593 5079 752 5133 quam
782 5073 1162 5120 antecessores
1192 5069 1359 5122 nostri
1391 5071 1704 5142 parentibus
1735 5073 1878 5129 illius
1907 5075 2185 5141 fecissent,

593 5149 712 5220 ipse
741 5167 838 5222 pro
867 5152 1024 5207 bonis
1055 5155 1196 5208 mala
1225 5157 1546 5224 retribuens,
1581 5160 1809 5218 collecta
1839 5165 2022 5233 populi
2051 5165 2190 5219 mul-

589 5239 838 5304 titudine,
869 5257 1030 5296 omne
1061 5244 1386 5300 territorium
1432 5250 1604 5304 sancti
1661 5251 1802 5306 Petri
1862 5251 2072 5318 invasit,
2135 5262 2188 5308 et

590 5328 734 5399 quod
763 5328 1059 5386 defendere
1087 5333 1250 5389 debet
1281 5335 1351 5389 ab
1383 5336 1644 5409 hostibus,
1688 5339 1968 5410 tyrannice
2011 5342 2186 5396 domi-

588 5425 748 5474 natur
776 5417 1023 5476 invasum
1059 5439 1074 5476 :
1107 5423 1361 5496 venitque
1393 5425 1640 5495 Romam,
1673 5437 1726 5482 et
1755 5429 1912 5500 quasi
1933 5429 2183 5485 inimicus

587 5524 800 5587 portam
831 5517 1061 5576 civitatis
1093 5521 1354 5578 Romanae
1394 5523 1662 5581 violenter
1717 5525 1958 5596 capiens,
2001 5537 2052 5581 et
2093 5545 2180 5584 sa-

2301 4551 2498 4605 vestris
2529 4552 2720 4607 litteris
2764 4555 3025 4612 laitiﬁcari
3080 4576 3188 4615 non
3247 4566 3689 4632 praetermittatis.
3749 4572 3893 4626 Deus

2299 4641 2641 4709 omnipotens
2688 4643 2918 4713 gloriam
2975 4657 3209 4703 vestram
3268 4651 3432 4725 longa
3486 4671 3586 4726 per
3639 4667 3884 4730 tempora

2297 4726 2554 4782 illibatam
2583 4731 2868 4793 custodiat,
2904 4735 3224 4792 charissima
3271 4738 3362 4793 tili.

2426 4973 2498 5012 AD
2525 4975 2782 5017 ΙΟΑΝΝΕΜ
2813 4979 3290 5025 ARCHIEPISCOPL'M
3341 4986 3738 5033 RAVENNATEM.

2893 5056 3073 5115 (Anno
3119 5059 3269 5128 878.)

2290 5154 2538 5224 Exponit
2555 5158 2704 5212 mala
2727 5175 2848 5228 quae
2877 5177 2912 5213 a
2949 5162 3240 5219 Lamberto
3279 5169 3483 5222 comite
3520 5171 3704 5226 Roma,
3743 5182 3885 5231 sunt

2354 5248 2732 5314 perpetrata;
2779 5264 2943 5319 scquc
2984 5251 3047 5304 in
3091 5252 3333 5308 Galliam
3367 5255 3438 5310 ad
3461 5258 3882 5329 implorandum

2357 5333 2648 5387 auxilium
2671 5335 2935 5391 adversus
2953 5354 3082 5393 cum
3098 5340 3318 5396 iturum
3342 5347 3608 5400 ostendit.

2353 5455 2825 5512 Reverendissimo
2864 5470 2914 5514 et
2955 5464 3298 5521 sanctissimo
3351 5467 3558 5524 JOANNI
3597 5472 3874 5544 archiepi-

2283 5557 2450 5612 scopo
2481 5543 2776 5600 Ravennati
2808 5547 3068 5604 cont‘ratri
3099 5560 3306 5608 nostro.

2351 5631 2730 5689 Unanimitatis
2761 5643 2952 5691 vestrae
3007 5637 3395 5699 fraternitatem
3453 5645 3702 5716 ignorare
3764 5666 3871 5705 non
