4160 6340
271 285 388 338 757

1599 277 1950 334 EPISTOL/E
1991 277 2079 333 ET
2116 280 2459 336 DECRETA.

3487 283 3589 335 753

270 403 521 475 patimur
551 411 672 475 quia:
699 411 752 458 et
783 402 961 474 qualia
990 403 1075 458 his
1103 411 1248 458 retro
1276 403 1470 457 diebus
1518 419 1548 456 a
1597 401 1886 456 Lamberto
1914 401 2117 460 Atiam
2147 403 2202 457 in
2236 419 2360 458 eum
2390 411 2442 459 et
2485 403 2540 456 in
2587 418 2777 458 omnes
2825 419 3086 475 sequaces
3130 405 3269 472 ejus,
3315 403 3362 458 si
3411 410 3601 458 contra

281 489 588 562 Spoletano
629 490 827 546 comite
867 489 1010 545 mala
1053 497 1106 546 et
1151 489 1477 560 multiplices
1525 489 1674 560 passi
1715 503 1904 548 sumus
2003 489 2193 546 urbem
2249 491 2478 546 Romam
2531 499 2584 546 et
2650 490 2948 546 Ecclesiam
3003 492 3304 548 Romanam
3358 490 3602 562 aliquam

276 579 530 649 injurias,
565 579 758 650 quales
783 578 965 634 nullus
994 586 1400 634 antecessorum
1431 586 1738 633 nostrorum
1769 592 1903 647 pon-

279 665 489 722 titicum
520 683 554 722 a
583 683 857 738 quoquam
884 667 1058 722 Deum
1090 666 1304 722 colente
1333 666 1653 720 sustinuisse
1685 664 1890 720 recoli-

273 763 388 810 tur.
423 755 594 827 Igitur
621 771 784 810 omne
813 771 955 826 pene
985 753 1320 810 territorium
1371 755 1427 808 S.
1475 753 1624 808 Petri
1673 753 1787 808 suis
1817 761 1898 824 ty-

274 844 507 900 rannica
563 843 970 899 devastantibus
1023 843 1368 906 hominibus,
1429 857 1552 897 cum
1618 841 1888 896 immensa

276 931 470 1002 papuli
499 932 842 987 multitudine
888 933 1117 987 Romam
1163 930 1310 986 venit
1343 947 1355 982 :
1390 945 1489 984 nos
1537 938 1716 984 autem
1747 929 1897 984 illum

277 1019 442 1090 quasi
468 1019 728 1075 dilectum
778 1019 1012 1074 amicum
1051 1019 1195 1090 apud
1243 1019 1462 1072 beatum
1507 1018 1722 1072 Petrum
1773 1032 1898 1088 apo-

278 1107 554 1162 stolorum
582 1106 886 1178 principem
923 1104 1225 1162 honorifice
1273 1104 1616 1175 recepimus;
1651 1105 1749 1160 sed
1778 1105 1896 1174 ipse

277 1193 444 1266 quasi
493 1194 622 1249 ovili
664 1194 807 1265 pelle
848 1195 1088 1261 indutus,
1139 1193 1300 1249 solita
1346 1192 1587 1262 repletus
1629 1193 1890 1263 nequitia,

275 1297 620 1353 munereque
649 1289 941 1352 corruptus
987 1281 1220 1352 ingenti,
1262 1287 1450 1335 contra
1477 1296 1580 1336 nos
1605 1281 1894 1352 insurgere

282 1385 400 1424 non
428 1369 693 1424 dubitavit
723 1370 1060 1439 (Aimoinus,
1095 1369 1191 1423 lib.
1225 1385 1278 1433 v,
1314 1384 1364 1423 c.
1394 1368 1504 1440 37).
1535 1369 1672 1423 Nam
1703 1377 1894 1438 portas

282 1456 522 1512 civitatis
577 1458 832 1513 Romana:
891 1457 1190 1526 violenter,
1251 1456 1470 1526 imoque
1523 1455 1894 1511 fraudulenter

279 1543 446 1616 cepit,
479 1553 753 1617 totamque
785 1545 978 1600 urbem
1017 1545 1287 1610 Romam;
1317 1559 1380 1598 ac
1417 1560 1518 1614 per
1554 1545 1673 1600 dies
1716 1544 1890 1615 pluri-

279 1649 406 1688 mos
435 1633 682 1687 homines
727 1649 855 1688 suos
897 1633 970 1687 ita
1015 1633 1218 1689 arctius
1265 1631 1506 1686 retinere
1559 1632 1704 1698 fecit,
1737 1641 1790 1686 ut
1821 1649 1890 1688 ne

279 1735 544 1790 proceres
582 1721 968 1790 Romanorum,
1009 1737 1111 1776 nec
1159 1719 1404 1792 episcopi
1451 1727 1504 1774 et
1549 1721 1886 1787 sacerdotes,
1918 1745 1974 1806 Β

280 1823 462 1880 neque
493 1808 652 1862 etiam
689 1807 980 1864 familiares
1027 1809 1196 1864 nostri
1245 1809 1313 1864 ad
1363 1827 1464 1866 nos
1510 1810 1615 1865 nisi
1655 1809 1893 1864 maxima

2003 592 2188 632 rursus
2219 577 2446 634 veniens
2491 578 2946 644 contrarietatem,
2995 579 3082 634 vel
3127 578 3455 643 molestiam,
3503 585 3600 632 aut

2001 667 2461 735 perturbationem
2492 665 2692 722 inferre
2723 667 2964 738 quolibet
2982 666 3146 721 modo
3165 665 3592 737 presumpserit,

1999 753 2054 807 in
2086 755 2315 810 ecclesia
2343 754 2484 810 beati
2516 754 2666 810 Pauli
2695 755 2937 811 doctoris
2974 754 3220 826 gentium
3245 753 3594 825 protulimus.

1999 841 2068 896 Et
2097 841 2300 897 idcirco
2329 842 2508 898 nullus
2538 850 2778 898 vestrum
2827 843 2944 911 ejus
2988 841 3188 914 iniquis
3215 841 3472 912 operibus
3517 840 3596 895 fa-

1999 937 2142 994 veat,
2175 930 2302 1000 quin
2333 931 2512 1000 potius
2541 929 2710 985 libere
2758 937 2970 1003 arguat,
3021 929 3066 983 si
3109 927 3420 1000 apostolicae
3449 927 3596 983 sedis

1998 1016 2159 1070 vultis
2191 1033 2406 1088 semper
2433 1015 2608 1073 fulciri
2637 1017 2855 1073 auxilio.
2887 1017 3232 1088 Quapropter
3251 1017 3368 1072 hac
3393 1015 3594 1080 omnia,

1996 1110 2054 1156 ut
2099 1105 2294 1160 vestris
2343 1103 2706 1175 suﬁ‘raganeis
2759 1105 3031 1175 episcopis
3075 1104 3294 1177 cognita
3349 1102 3592 1168 faciatis,

1994 1191 2370 1247 incunctanter
2397 1194 2680 1248 hortamur
2709 1191 3123 1248 sanctimoniam
3162 1199 3421 1258 vestram,
3455 1204 3596 1262 qua-

1995 1287 2152 1333 tenus
2207 1279 2332 1350 ipsi,
2395 1280 2486 1351 qui
2540 1281 2787 1334 membra
2817 1280 3062 1350 corporis
3109 1278 3309 1335 Christi
3333 1278 3590 1346 existunt,

1993 1367 2272 1422 vobiscum
2320 1368 2522 1438 pariter
2576 1383 2674 1439 pro
2720 1367 3032 1438 apostolicae
3077 1367 3223 1422 sedis
3269 1365 3594 1422 exultatione

1993 1455 2244 1509 studeant
2273 1456 2562 1510 desudare.
3378 1464 3387 1472 ‘

2690 1587 2876 1643 CVIII.

2245 1706 2316 1744 AD
2354 1707 2675 1747 MICHAELEM
2714 1707 2902 1748 REGE!
2939 1705 3328 1747 BULGARORUM.

2611 1782 2790 1852 (Anno
2825 1781 2974 1851 878.)

283 1895 678 1966 supplicatione
708 1896 939 1952 exeundi
985 1895 1302 1952 facultatem
1350 1898 1632 1953 haberent.
1679 1896 1894 1952 Cibaria
1993 1901 2141 1947 Missa
2171 1910 2264 1956 per
2285 1901 2564 1956 Eugenium
2603 1904 2654 1947 et
2696 1901 2900 1948 Paulum
2945 1901 3213 1958 episcopos
3233 1909 3407 1947 mense
3433 1899 3590 1956 Aprili

280 1981 450 2038 etiam
478 1991 664 2038 nostra
693 1983 852 2038 nobis
879 1984 1069 2040 venire
1092 1984 1484 2042 instantissime
1503 1985 1886 2058 prohibebant.

279 2070 641 2126 Venerabiles
669 2072 796 2125 item
827 2072 1134 2143 episcopos,
1166 2075 1521 2146 presbyteros
1565 2083 1725 2145 atque
1777 2073 1892 2128 dia-

282 2175 455 2214 conos
484 2158 778 2230 religiosos
809 2161 1104 2216 monachos
1133 2178 1253 2216 cum
1301 2163 1516 2234 hymnis
1565 2171 1617 2218 et
1663 2161 1889 2217 canticis

283 2247 678 2318 spiritualibus,
703 2247 980 2320 sacrisque
1009 2248 1210 2304 litaniis
1239 2251 1310 2306 ad
1347 2251 1637 2307 ecclesiam
1683 2249 1888 2320 princi-

282 2335 370 2405 pis
402 2335 770 2405 apostolorum
801 2336 1101 2403 venientes,
1152 2339 1278 2404 heu,
1327 2339 1465 2408 proh
1513 2337 1703 2393 dolori
1736 2354 1889 2393 more

283 2438 628 2495 paganorum
671 2424 1162 2490 conturbaverunt,
1222 2435 1275 2480 et
1331 2426 1560 2481 fustibus
1615 2427 1890 2498 candentes

285 2511 543 2582 nequiter
571 2512 962 2582 disperserunt,
993 2528 1100 2567 non
1133 2513 1374 2570 sinentes
1404 2514 1528 2569 illos
1557 2515 1706 2568 exire
1735 2514 1890 2569 debi-

287 2606 510 2671 tumque
563 2601 680 2655 Deo
729 2598 1051 2655 sacriﬁcium
1093 2600 1312 2656 offerre.
1373 2603 1626 2658 Inimicos
1671 2617 1887 2672 quoque

283 2695 449 2758 atque
481 2683 741 2743 infideles
761 2697 959 2743 sancta
987 2689 1248 2745 Romanae
1273 2690 1536 2746 Ecclesiae
1565 2698 1616 2745 et
1648 2699 1883 2755 nOStros,

289 2791 430 2846 quos
461 2791 568 2830 una
599 2791 722 2831 cum
750 2783 934 2830 vestro
963 2791 1234 2832 consensu
1281 2785 1335 2832 et
1370 2777 1763 2848 subscriptione
1803 2776 1888 2832 bis

283 2878 352 2918 ac
381 2863 540 2918 tertio
574 2863 687 2932 jam
730 2864 1226 2920 excommunicatos
1273 2865 1666 2938 damnatosque
1713 2865 1886 2920 habe-

284 2967 427 3020 mus,
462 2967 630 3022 super
656 2967 756 3006 nos
801 2960 1006 3007 temere
1054 2953 1347 3018 conduxit,
1399 2969 1604 3025 eosque
1652 2953 1708 3008 in
1753 2953 1887 3009 urbe

284 3039 458 3094 Roma
487 3040 602 3094 sine
632 3047 819 3094 nostra
851 3039 1124 3096 voluntate
1161 3040 1402 3096 immisit.
1452 3041 1547 3096 His
1578 3041 1758 3113 itaque
1786 3057 1887 3097 nos

283 3126 598 3197 prejudiciis
627 3134 679 3181 et
709 3127 919 3196 injuriis
947 3127 1332 3199 multiplicibus
1361 3129 1594 3202 gravati,
1629 3146 1751 3184 cum
1773 3136 1887 3184 tota

283 3215 414 3270 sede
445 3215 740 3285 apostolica
769 3217 952 3270 tristes
981 3217 1121 3272 adeo
1149 3233 1250 3288 per
1279 3216 1396 3272 dies
1443 3217 1645 3272 multos
1674 3217 1886 3272 exstiti-

285 3319 426 3369 mus,
462 3311 520 3357 ut
549 3319 890 3376 nequaquam
921 3305 1079 3360 nobis
1106 3305 1252 3360 aliud
1271 3322 1434 3378 agere
1463 3306 1569 3360 nisi
1596 3305 1728 3361 flere
1758 3305 1889 3360 lice-

285 3399 410 3446 ret:
446 3407 573 3446 nam
603 3391 736 3462 ipsis
764 3391 960 3448 diebus
1008 3409 1109 3448 nec
1155 3393 1324 3448 vestis
1364 3393 1460 3448 fuit
1507 3409 1674 3464 super
1717 3392 1889 3448 altare

286 3479 457 3534 sancti
489 3479 650 3547 Petri,
685 3495 788 3536 nec
817 3481 1036 3552 aliquod
1067 3480 1141 3536 ibi
1169 3489 1491 3536 nocturnum
1519 3481 1608 3536 vel
1635 3480 1890 3536 diurnum

285 3565 518 3623 officium
547 3584 612 3623 ex
641 3583 796 3623 more
833 3568 1184 3624 celebratum.
1234 3569 1393 3624 Nunc
1441 3569 1600 3624 etiam
1651 3569 1891 3624 minatur

287 3654 443 3710 nobis
471 3656 660 3726 pejora
691 3655 911 3723 inferre,
943 3656 1048 3711 nisi
1079 3657 1194 3724 ejus
1241 3657 1678 3728 obtemperemus
1709 3657 1888 3712 humi-

287 3743 406 3798 liter
449 3742 728 3798 voluntati.
780 3745 935 3800 Unde
985 3745 1323 3800 sanctitatem
1371 3753 1608 3800 vestram
1655 3746 1750 3815 pio
1776 3743 1889 3799 fra-

293 3839 458 3886 temae
507 3831 813 3886 dilectionis
867 3830 1062 3887 aﬁ‘ectu
1115 3833 1455 3902 conjunctam
1501 3834 1781 3888 hortamur
1835 3841 1892 3887 ut

287 3935 384 3990 pro
436 3919 605 3973 tantis
630 3917 1004 3975 afflictionibus
1060 3928 1112 3974 et
1167 3921 1406 3976 miseriis
1473 3921 1632 3992 capiti
1683 3929 1874 3976 nostro

295 4006 479 4073 iltatis,
514 4023 581 4062 ex
609 4007 737 4062 totis
774 4007 1092 4078 praeordiis
1129 4009 1327 4063 vestris
1376 4009 1660 4064 nobiscum
1689 4009 1894 4080 pariter

287 4095 638 4160 condoleatis,
671 4103 724 4150 et
754 4105 944 4150 contra
973 4097 1456 4166 evidentissimum,
1501 4106 1554 4152 et
1597 4097 1890 4152 immanem

285 4183 559 4238 inimicum
588 4191 832 4238 nostrum
865 4200 1206 4256 consurgere
1239 4193 1350 4238 toto
1387 4185 1578 4238 annisu
1622 4185 1896 4239 studeatis

284 4273 396 4326 Nos
423 4287 658 4344 namque
688 4271 832 4327 illius
862 4288 970 4328 non
1002 4272 1247 4328 valentes
1295 4272 1566 4327 sustinere
1594 4280 1772 4327 tantas
1803 4273 1891 4326 in-

287 4359 474 4426 sidias,
508 4360 633 4432 quia
664 4376 764 4430 per
813 4368 1014 4415 terram
1062 4360 1142 4414 ire
1181 4359 1540 4432 nequivimus,
1591 4376 1689 4430 per
1723 4359 1881 4414 mari-

1916 3087 1967 3150 C

2487 1971 2568 2018 die
2588 1983 2691 2029 xvr,
2713 1971 2994 2018 indictione
3021 1983 3090 2018 ιι.

1990 2062 2148 2134 Dolet
2180 2061 2325 2134 quod
2355 2063 2568 2134 Graecos
2593 2065 2894 2134 sequatur;
2927 2063 3192 2118 hortatur
3204 2060 3302 2134 ad
3327 2063 3590 2134 Romam

2061 2131 2324 2187 Ecclesia
2341 2133 2620 2203 gremium
2631 2131 2980 2189 redeundum
3003 2152 3020 2188 :
3041 2136 3165 2188 tum
3183 2131 3248 2203 de
3269 2131 3410 2187 dono
3419 2131 3590 2203 misso

2059 2203 2275 2272 gratias
2305 2201 2426 2274 agit
2435 2223 2462 2274 ;,
2472 2207 2751 2274 postremo
2771 2203 3026 2274 Sergium
3041 2201 3334 2274 quemdam
3345 2216 3450 2274 per
3466 2201 3590 2256 sub-

2061 2288 2156 2342 rep
2165 2274 2374 2345 tionem
2393 2273 2711 2345 ad’saeerdo
2719 2275 2862 2345 tium
2875 2273 2948 2345 et
2959 2273 3343 2345 episcopatum
3359 2286 3586 2343 promo-

2063 2345 2204 2408 tum,
2229 2343 2544 2414 depositum
2563 2345 2742 2412 fuisse
2763 2343 3072 2414 signiﬁcat.

2063 2430 2332 2484 Mtcmau
2363 2431 2479 2500 regi
2507 2429 2820 2502 Bulgarum.

2060 2517 2436 2587 Spiritualibus
2480 2525 2532 2572 te
2578 2517 2882 2573 visceribus
2921 2517 3066 2572 edito
3105 2517 3498 2588 gaudebamus,
3535 2523 3590 2570 et

1986 2621 2088 2676 pro
2118 2604 2415 2660 salvatione
2443 2613 2536 2658 tua
2563 2605 2771 2676 gratias
2791 2605 3118 2676 agebamus;
3151 2605 3249 2660 sed
3269 2618 3416 2659 nunc
3436 2611 3586 2659 astu-

1987 2693 2056 2746 tia
2087 2691 2449 2764 malignorum
2478 2693 2726 2764 decepto,
2763 2693 3038 2747 tristamur
3066 2700 3120 2747 et
3157 2691 3572 2763 ingemiscimus

1988 2785 2240 2833 verentes
2285 2786 2338 2833 et
2382 2779 2832 2848 pertimescentes
2876 2795 2946 2833 ne
2993 2777 3041 2832 si
3071 2777 3210 2833 forte
3241 2777 3465 2833 Graecos
3494 2792 3586 2833 se“

1987 2866 2096 2922 cuti
2144 2865 2376 2936 fueritis,
2423 2881 2546 2922 cum
2593 2865 2672 2920 illi
2699 2867 2755 2920 in
2801 2865 3049 2922 diversas
3077 2865 3316 2920 haereses
3359 2873 3415 2920 et
3441 2864 3590 2921 schi-

1989 2961 2164 3009 smata
2195 2953 2353 3008 solito
2380 2969 2535 3009 more
2564 2953 2879 3020 ceciderint,
2913 2969 3013 3010 vos
3050 2969 3266 3026 quoque
3304 2969 3426 3008 cum
3455 2952 3590 3024 ipsis

1988 3041 2043 3094 in
2073 3043 2275 3097 erroris
2302 3041 2571 3113 profunda
2601 3043 2802 3108 ruatis;
2835 3050 2889 3096 et
2917 3041 3055 3098 sicut
3103 3056 3332 3113 serpens
3379 3040 3595 3096 seduxit

1990 3131 2156 3185 Evam
2185 3129 2379 3184 astutia
2409 3146 2524 3198 sua,
2561 3129 2636 3184 ita
2665 3146 2860 3184 sensus
2886 3129 3052 3185 vestri
3100 3137 3508 3201 corrumpantur
3535 3136 3592 3184 et

1989 3217 2240 3273 excidant
2269 3233 2302 3272 a
2331 3217 2674 3288 simplicitate
2707 3225 2759 3272 et
2786 3217 3032 3272 castitate
3063 3233 3185 3288 quae
3199 3225 3284 3272 est
3302 3216 3360 3270 in
3375 3215 3589 3272 Christo

1985 3306 2132 3362 Jesu.
2166 3307 2305 3360 Nam
2333 3313 2404 3374 te,
2438 3303 2533 3372 fili,
2584 3305 2835 3360 Mosaicis
2877 3321 3014 3376 rogo
3062 3304 3266 3371 verbis,
3298 3305 3587 3376 interrege

1983 3399 2208 3468 patrem
2227 3398 2412 3460 tuum,
2437 3393 2882 3450 etannuntiabit
2905 3395 3043 3450 tibi:
3069 3395 3317 3450 seniores
3355 3396 3500 3458 tuos,
3529 3395 3588 3448 et

1988 3483 2182 3538 dicent
2205 3484 2306 3538 tibi
2327 3483 2510 3550 (Deut.
2537 3481 2744 3552 χχχιι).
2769 3481 2814 3536 si
2836 3481 3130 3554 aliquando
3152 3480 3329 3536 Graeci
3351 3480 3468 3535 sine
3488 3481 3591 3536 hac

1987 3571 2075 3625 vel
2095 3569 2188 3624 illa
2216 3570 2412 3625 haeresi
2451 3569 2650 3625 fuerint
2681 3585 2693 3624 :
2725 3578 2932 3626 etcum
2975 3585 3086 3625 non
3131 3567 3448 3624 inveneritis
3494 3583 3591 3624 eos

1989 3659 2060 3712 ab
2091 3657 2275 3729 aliqua
2303 3657 2501 3714 haeresi
2521 3658 2814 3730 aliquando
2841 3657 3044 3714 liberos
3069 3656 3357 3726 exstitisse,
3380 3662 3594 3727 oportet

1989 3761 2088 3800 vos
2117 3761 2306 3801 eorum
2333 3745 2560 3800 fraudes
2589 3755 2642 3801 et
2681 3745 2955 3802 consortia
3003 3745 3213 3816 fugere,
3245 3761 3316 3801 ne
3363 3759 3488 3800 cum
3516 3743 3594 3798 illi

1991 3833 2310 3900 erraverint,
2343 3849 2441 3889 vos
2471 3833 2680 3903 erretis,
2713 3841 2921 3890 etcum
2959 3833 3035 3888 illi
3075 3833 3144 3888 ad
3193 3831 3592 3904 blasphemiam

1991 3921 2132 3976 versi
2165 3921 2380 3988 fuerint,
2415 3929 2468 3977 et
2487 3936 2586 3977 vos
2607 3922 2766 3976 etiam
2793 3920 2918 3977 fidei
2943 3930 3107 3978 rectae
3126 3920 3594 3992 blasphematores

1990 4010 2370 4071 inveniamini;
2401 4025 2504 4065 nec
2550 4009 2653 4064 erit
2698 4011 2790 4080 qui
2836 4025 2934 4064 vos
2975 4009 3320 4080 postmodum
3357 4007 3597 4080 corrigat

1993 4098 2077 4152 vel
2106 4098 2174 4150 ab
2202 4097 2396 4152 errore'
2415 4098 2638 4152 reducat
2672 4115 2685 4150 :
2718 4105 2770 4150 et
2797 4098 2900 4152 hoc
2929 4105 3032 4163 est,
3081 4097 3213 4151 mihi
3258 4095 3484 4162 credite,
3517 4093 3597 4148 ﬁli

1991 4185 2331 4251 charissima,
2384 4184 2530 4256 quod
2569 4185 2852 4249 dolemus;
2899 4185 3005 4240 hoc
3034 4192 3118 4240 est
3161 4184 3304 4239 unde
3340 4189 3502 4238 nocte
3544 4191 3598 4238 et

1991 4273 2080 4328 die
2108 4288 2211 4343 pro
2242 4271 2398 4328 vobis
2428 4271 2644 4328 solliciti
2679 4288 2903 4338 sumus;
2936 4287 3047 4327 non
3075 4270 3304 4344 gloriam
3345 4287 3411 4326 ex
3447 4269 3603 4326 vobis

1992 4359 2081 4416 vel
2109 4362 2371 4416 honorem
2402 4368 2490 4414 aut
2513 4375 2738 4416 censum
2766 4359 2957 4431 procul
2993 4359 3159 4415 dubio
3197 4365 3596 4430 exspectantes,

292 4465 419 4502 num
448 4448 570 4514 iter,
606 4449 721 4502 Deo
749 4448 1002 4520 propitio,
1034 4449 1090 4502 in
1120 4447 1400 4503 Franciam
1430 4447 1704 4518 proficisci
1731 4447 1898 4502 debe—
1924 4434 1976 4495 D
1996 4463 2118 4504 cum
2146 4463 2246 4503 vos
2274 4448 2454 4518 potius
2485 4456 2540 4502 et
2577 4463 2686 4503 non
2727 4455 2908 4503 vestra
2946 4463 3254 4520 quaeramus
3281 4465 3296 4502 :
3329 4462 3456 4500 nam
3485 4460 3596 4500 non

295 4552 434 4604 mus,
459 4535 732 4608 gloriosos
753 4535 959 4592 scilicet
979 4551 1140 4607 reges
1161 4536 1506 4606 deprecaturi
1529 4544 1585 4590 ut
1605 4535 1895 4591 ecclesiam

295 4624 468 4679 sancti
513 4623 658 4678 Petri
703 4632 756 4678 et
799 4623 1072 4679 civitatem
1130 4624 1454 4690 Romanam,
1501 4623 1663 4680 totius
1709 4624 1893 4678 mundi

296 4719 455 4782 caput
482 4720 535 4767 et
563 4711 856 4778 dominam,
909 4729 940 4766 a
981 4711 1142 4767 tantis
1182 4713 1632 4783 oppressionibus
1658 4721 1710 4767 et
1749 4712 1893 4768 cala-

293 4799 566 4854 mitatibus
595 4800 844 4866 liberant,
877 4801 1083 4854 salvam
1101 4808 1152 4856 et
1185 4801 1422 4872 quietam
1449 4801 1629 4855 sinant
1647 4816 1888 4865 manere,

287 4887 600 4958 potentique
629 4903 794 4942 manu
834 4888 903 4941 ab
947 4889 1182 4942 hostium
1225 4905 1358 4960 quas
1401 4888 1640 4959 patimur
1681 4887 1892 4944 insidiis

289 4984 570 5038 tueantur;
602 4992 703 5031 nec
760 4991 859 5030 nos
916 4977 988 5031 ob
1043 4977 1187 5031 aliud
1243 4977 1372 5032 illuc
1417 4977 1607 5045 ituros,
1636 4977 1740 5031 nisi
1787 4991 1890 5047 pro

289 5063 560 5118 communi
615 5064 807 5130 salute,
837 5065 1028 5136 procul
1077 5065 1245 5119 dubio
1299 5063 1525 5120 credite.
1589 5065 1696 5120 Sed
1754 5064 1891 5120 sicut

288 5152 524 5207 veridico
569 5153 861 5206 multorum
891 5152 1063 5207 relatu
1121 5151 1428 5216 didicimus,
1509 5168 1633 5208 cum
1671 5169 1772 5208 nos
1818 5153 1888 5208 de

291 5241 422 5296 urbe
450 5241 619 5296 Roma
653 5239 912 5296 fuerimus
941 5241 1170 5312 egressi.
1203 5250 1547 5312 saeptumque
1569 5241 1672 5296 iter
1699 5241 1887 5314 egeri-

289 5345 427 5398 mus,
467 5329 718 5384 audimus
765 5329 1018 5384 eumdem
1064 5328 1409 5384 Lambertum
1452 5328 1712 5384 satellites
1757 5345 1887 5385 suos

289 5417 422 5473 velle
479 5417 760 5490 colligere,
820 5419 1158 5488 Romamque
1211 5432 1402 5470 rursus
1451 5425 1886 5490 expugnaturum

290 5505 458 5562 adire.
491 5506 602 5560 Nos
647 5521 778 5561 vero
826 5506 928 5561 hoc
976 5505 1228 5572 scientes,
1259 5503 1612 5559 anatliematis
1659 5513 1883 5560 senten-

1995 4535 2185 4607 patrim
2226 4536 2476 4609 regimen
2517 4544 2571 4591 et
2612 4536 2927 4607 reipublicae
2967 4536 3323 4592 moderamen
3369 4533 3597 4604 adipisci

1995 4623 2262 4695 cupimus,
2299 4624 2396 4680 sed
2423 4624 2730 4680 dimceseos
2772 4625 3016 4694 ejusdem
3055 4623 3296 4698 regionis
3321 4636 3512 4679 curam
3539 4629 3596 4676 et

1993 4713 2403 4784 dispositionem
2452 4728 2606 4768 more
2653 4713 2837 4784 prisco
2879 4728 3157 4768 resumere
3203 4711 3487 4776 volumus,
3537 4719 3598 4765 ut

1993 4801 2436 4865 sollicitudinem,
2484 4817 2645 4873 quam
2689 4801 2962 4856 universis
3005 4800 3268 4856 debemus
3309 4796 3593 4867 Ecclesiis,

1992 4897 2142 4946 tanto
2197 4905 2298 4959 pro
2356 4889 2551 4944 eadem
2601 4888 2825 4944 dioecesi
2889 4888 3143 4943 solertius
3203 4903 3553 4944 exerceamus
3577 4929 3594 4952 ,

1991 4977 2286 5048 antiquitus
2315 4977 2640 5048 pertinuisse
2679 4992 2790 5032 non
2833 4976 3171 5048 ignoramus,
3195 4985 3463 5048 tantoque
3491 4991 3594 5048 pro

1990 5073 2184 5120 vestrae
2216 5066 2405 5120 salutis
2437 5065 2680 5122 custodia
2710 5065 2998 5120 instantius
3037 5064 3263 5136 vigilare
3292 5065 3596 5136 valeamus,

1989 5162 2189 5225 quanto
2219 5163 2277 5208 ut
2305 5153 2590 5208 confirmet
2618 5155 2723 5208 hoc
2759 5155 2904 5208 Deus
2953 5153 3100 5225 quod
3142 5162 3400 5224 operatus
3429 5163 3512 5210 est
3540 5154 3598 5209 in

1987 5242 2146 5297 nobis
2177 5241 2387 5297 enixius
2433 5240 2590 5295 nobis
2635 5241 2929 5312 optandum
2976 5249 3078 5307 est,
3129 5251 3184 5298 et
3231 5242 3530 5300 districtius
3559 5259 3595 5298 a

1987 5329 2146 5386 nobis
2175 5328 2809 5396 divinitusexigendum,
2859 5329 3058 5386 clarius
3102 5331 3324 5399 scimus,
3361 5331 3406 5386 si
3454 5331 3600 5388 circa

1986 5417 2397 5474 instructionem
2427 5425 2479 5472 et
2509 5417 2865 5474 munitionem
2894 5427 3132 5474 vestram
3171 5419 3414 5486 desides,
3447 5420 3598 5492 quod

1986 5507 2144 5572 absit,
2181 5505 2444 5560 fuerimus
2467 5507 2690 5562 inventi.
2725 5507 3078 5564 Revertimini
3115 5523 3250 5587 ergo
3293 5508 3360 5562 ad
3389 5507 3609 5564 beatum
