  <div class='ocr_page' id='page_1' title='image "/cluster/home/n/w/nwhite01/storage/ocr_20150623/126/umn.31951002477419r/445.png"; bbox 0 0 4160 6344; ppageno 0'>
   <div class='ocr_carea' id='block_1_1' title="bbox 566 239 670 292">
    <p class='ocr_par' dir='ltr' id='par_1_1' title="bbox 566 239 670 292">
     <span class='ocr_line' id='line_1_1' title="bbox 566 239 670 292; baseline -0.01 0"><span class='ocrx_word' id='word_1_1' title='bbox 566 239 670 292; x_wconf 66' lang='grc' dir='ltr'><strong><em>τω</em></strong></span> 
     </span>
    </p>
   </div>
   <div class='ocr_carea' id='block_1_2' title="bbox 1899 229 2588 286">
    <p class='ocr_par' dir='ltr' id='par_1_2' title="bbox 1899 229 2588 286">
     <span class='ocr_line' id='line_1_2' title="bbox 1899 229 2588 286; baseline -0.003 -2"><span class='ocrx_word' id='word_1_2' title='bbox 1899 229 2194 286; x_wconf 70' lang='lat' dir='ltr'>JOANNIS</span> <span class='ocrx_word' id='word_1_3' title='bbox 2227 229 2421 283; x_wconf 72' lang='grc' dir='ltr'>ΡΑΡᾸΞ</span> <span class='ocrx_word' id='word_1_4' title='bbox 2449 229 2588 283; x_wconf 87' lang='lat' dir='ltr'><strong>VIII.</strong></span> 
     </span>
    </p>
   </div>
   <div class='ocr_carea' id='block_1_3' title="bbox 3764 232 3866 288">
    <p class='ocr_par' dir='ltr' id='par_1_3' title="bbox 3764 232 3866 288">
     <span class='ocr_line' id='line_1_3' title="bbox 3764 232 3866 288; baseline 0.049 -6"><span class='ocrx_word' id='word_1_5' title='bbox 3764 232 3797 283; x_wconf 86' lang='lat'>&#39;7</span> <span class='ocrx_word' id='word_1_6' title='bbox 3802 233 3866 288; x_wconf 85' lang='lat'><strong>60</strong></span> 
     </span>
    </p>
   </div>
   <div class='ocr_carea' id='block_1_4' title="bbox 572 352 3866 428">
    <p class='ocr_par' dir='ltr' id='par_1_4' title="bbox 572 352 3866 428">
     <span class='ocr_line' id='line_1_4' title="bbox 572 352 3866 428; baseline -0.002 -12"><span class='ocrx_word' id='word_1_7' title='bbox 572 360 794 416; x_wconf 70' lang='lat' dir='ltr'>Petrum</span> <span class='ocrx_word' id='word_1_8' title='bbox 821 358 1194 428; x_wconf 77' lang='lat' dir='ltr'>apostolorum</span> <span class='ocrx_word' id='word_1_9' title='bbox 1236 355 1492 426; x_wconf 86' lang='lat' dir='ltr'>primum,</span> <span class='ocrx_word' id='word_1_10' title='bbox 1522 369 1686 426; x_wconf 85' lang='lat' dir='ltr'>quem</span> <span class='ocrx_word' id='word_1_11' title='bbox 1733 353 1976 417; x_wconf 79' lang='lat' dir='ltr'>amastis,</span> <span class='ocrx_word' id='word_1_12' title='bbox 2009 368 2173 423; x_wconf 85' lang='lat' dir='ltr'>quem</span> <span class='ocrx_word' id='word_1_13' title='bbox 2201 353 2258 414; x_wconf 80' lang='grc' dir='ltr'><strong>Α</strong></span> <span class='ocrx_word' id='word_1_14' title='bbox 2277 353 2402 409; x_wconf 90' lang='lat' dir='ltr'>ruit.</span> <span class='ocrx_word' id='word_1_15' title='bbox 2432 352 2604 425; x_wconf 88' lang='lat' dir='ltr'>Igitur</span> <span class='ocrx_word' id='word_1_16' title='bbox 2627 353 2838 418; x_wconf 82' lang='lat' dir='ltr'>scitote,</span> <span class='ocrx_word' id='word_1_17' title='bbox 2871 352 3208 416; x_wconf 79' lang='lat' dir='ltr'>charissima,</span> <span class='ocrx_word' id='word_1_18' title='bbox 3239 353 3286 408; x_wconf 97' lang='lat' dir='ltr'>si</span> <span class='ocrx_word' id='word_1_19' title='bbox 3312 368 3380 408; x_wconf 82' lang='lat' dir='ltr'>ex</span> <span class='ocrx_word' id='word_1_20' title='bbox 3406 352 3512 408; x_wconf 83' lang='lat' dir='ltr'>hoc</span> <span class='ocrx_word' id='word_1_21' title='bbox 3536 354 3606 408; x_wconf 84' lang='lat' dir='ltr'>ad</span> <span class='ocrx_word' id='word_1_22' title='bbox 3627 353 3866 421; x_wconf 63' lang='lat' dir='ltr'>Grecos,</span> 
     </span>
    </p>
   </div>
   <div class='ocr_carea' id='block_1_5' title="bbox 569 441 2170 520">
    <p class='ocr_par' dir='ltr' id='par_1_5' title="bbox 569 441 2170 520">
     <span class='ocr_line' id='line_1_5' title="bbox 569 441 2170 520; baseline -0.002 -19"><span class='ocrx_word' id='word_1_23' title='bbox 569 447 836 520; x_wconf 70' lang='lat' dir='ltr'>elegistis,</span> <span class='ocrx_word' id='word_1_24' title='bbox 871 460 1035 517; x_wconf 85' lang='lat' dir='ltr'>quem</span> <span class='ocrx_word' id='word_1_25' title='bbox 1063 443 1355 517; x_wconf 71' lang='lat' dir='ltr'>quesistis,</span> <span class='ocrx_word' id='word_1_26' title='bbox 1388 442 1653 514; x_wconf 84' lang='lat' dir='ltr'>cujusque</span> <span class='ocrx_word' id='word_1_27' title='bbox 1681 441 1735 496; x_wconf 89' lang='lat' dir='ltr'>in</span> <span class='ocrx_word' id='word_1_28' title='bbox 1756 441 2170 498; x_wconf 82' lang='lat' dir='ltr'>necessitatibus</span> 
     </span>
    </p>
   </div>
   <div class='ocr_carea' id='block_1_6' title="bbox 2271 439 3864 513">
    <p class='ocr_par' dir='ltr' id='par_1_6' title="bbox 2271 439 3864 513">
     <span class='ocr_line' id='line_1_6' title="bbox 2271 439 3864 513; baseline 0.001 -18"><span class='ocrx_word' id='word_1_29' title='bbox 2271 441 2418 513; x_wconf 91' lang='lat' dir='ltr'>quod</span> <span class='ocrx_word' id='word_1_30' title='bbox 2447 448 2656 497; x_wconf 77' lang='lat' dir='ltr'>avertat</span> <span class='ocrx_word' id='word_1_31' title='bbox 2683 441 2966 507; x_wconf 85' lang='lat' dir='ltr'>Dominus,</span> <span class='ocrx_word' id='word_1_32' title='bbox 2999 439 3283 496; x_wconf 83' lang='lat' dir='ltr'>conversio</span> <span class='ocrx_word' id='word_1_33' title='bbox 3311 447 3496 497; x_wconf 89' lang='lat' dir='ltr'>vestra</span> <span class='ocrx_word' id='word_1_34' title='bbox 3524 439 3706 507; x_wconf 85' lang='lat' dir='ltr'>fuerit,</span> <span class='ocrx_word' id='word_1_35' title='bbox 3731 456 3864 512; x_wconf 80' lang='lat' dir='ltr'>par-</span> 
     </span>
    </p>
   </div>
   <div class='ocr_carea' id='block_1_7' title="bbox 569 515 3864 607">
    <p class='ocr_par' dir='ltr' id='par_1_7' title="bbox 569 515 3864 607">
     <span class='ocr_line' id='line_1_7' title="bbox 569 515 3864 607; baseline -0.002 -18"><span class='ocrx_word' id='word_1_36' title='bbox 569 515 929 607; x_wconf 72' lang='lat' dir='ltr'>patrocinium</span> <span class='ocrx_word' id='word_1_37' title='bbox 960 515 1306 604; x_wconf 87' lang='lat' dir='ltr'>percepistis,</span> <span class='ocrx_word' id='word_1_38' title='bbox 1338 540 1392 586; x_wconf 90' lang='lat' dir='ltr'>et</span> <span class='ocrx_word' id='word_1_39' title='bbox 1421 529 1620 586; x_wconf 79' lang='lat' dir='ltr'>fluenta</span> <span class='ocrx_word' id='word_1_40' title='bbox 1649 530 1911 586; x_wconf 71' lang='lat' dir='ltr'>doctrina:</span> <span class='ocrx_word' id='word_1_41' title='bbox 1941 526 2174 584; x_wconf 89' lang='lat' dir='ltr'>salubri-</span> <span class='ocrx_word' id='word_1_42' title='bbox 2270 537 2380 584; x_wconf 89' lang='lat' dir='ltr'>tem</span> <span class='ocrx_word' id='word_1_43' title='bbox 2412 538 2644 584; x_wconf 80' lang='lat' dir='ltr'>vestram</span> <span class='ocrx_word' id='word_1_44' title='bbox 2674 515 2931 584; x_wconf 80' lang='lat' dir='ltr'>divinitus</span> <span class='ocrx_word' id='word_1_45' title='bbox 2979 545 3104 585; x_wconf 90' lang='lat' dir='ltr'>cum</span> <span class='ocrx_word' id='word_1_46' title='bbox 3149 529 3235 584; x_wconf 89' lang='lat' dir='ltr'>his</span> <span class='ocrx_word' id='word_1_47' title='bbox 3279 529 3592 600; x_wconf 88' lang='lat' dir='ltr'>ponendam</span> <span class='ocrx_word' id='word_1_48' title='bbox 3623 530 3719 600; x_wconf 88' lang='lat' dir='ltr'>qui</span> <span class='ocrx_word' id='word_1_49' title='bbox 3747 530 3864 600; x_wconf 91' lang='lat' dir='ltr'>pri-</span> 
     </span>
    </p>
   </div>
   <div class='ocr_carea' id='block_1_8' title="bbox 568 619 2170 689">
    <p class='ocr_par' dir='ltr' id='par_1_8' title="bbox 568 619 2170 689">
     <span class='ocr_line' id='line_1_8' title="bbox 568 619 2170 689; baseline -0.004 -11"><span class='ocrx_word' id='word_1_50' title='bbox 568 631 651 678; x_wconf 85' lang='lat' dir='ltr'>ter</span> <span class='ocrx_word' id='word_1_51' title='bbox 691 631 746 678; x_wconf 85' lang='lat' dir='ltr'>et</span> <span class='ocrx_word' id='word_1_52' title='bbox 789 621 1174 678; x_wconf 79' lang='lat' dir='ltr'>convenienter</span> <span class='ocrx_word' id='word_1_53' title='bbox 1207 619 1516 684; x_wconf 76' lang='lat' dir='ltr'>hausistis;</span> <span class='ocrx_word' id='word_1_54' title='bbox 1549 619 1808 689; x_wconf 88' lang='lat' dir='ltr'>cujusque</span> <span class='ocrx_word' id='word_1_55' title='bbox 1838 633 1936 672; x_wconf 90' lang='lat' dir='ltr'>vos</span> <span class='ocrx_word' id='word_1_56' title='bbox 1971 624 2170 687; x_wconf 68' lang='lat' dir='ltr'>prote-</span> 
     </span>
    </p>
   </div>
   <div class='ocr_carea' id='block_1_9' title="bbox 569 705 2170 778">
    <p class='ocr_par' dir='ltr' id='par_1_9' title="bbox 569 705 2170 778">
     <span class='ocr_line' id='line_1_9' title="bbox 569 705 2170 778; baseline -0.005 -12"><span class='ocrx_word' id='word_1_57' title='bbox 569 711 734 766; x_wconf 90' lang='lat' dir='ltr'>ctioni</span> <span class='ocrx_word' id='word_1_58' title='bbox 763 727 890 767; x_wconf 90' lang='lat' dir='ltr'>cum</span> <span class='ocrx_word' id='word_1_59' title='bbox 919 709 1180 778; x_wconf 79' lang='lat' dir='ltr'>subjectis</span> <span class='ocrx_word' id='word_1_60' title='bbox 1224 708 1477 764; x_wconf 91' lang='lat' dir='ltr'>omnibus</span> <span class='ocrx_word' id='word_1_61' title='bbox 1522 705 1942 762; x_wconf 87' lang='lat' dir='ltr'>commendastis</span> <span class='ocrx_word' id='word_1_62' title='bbox 1982 715 2035 760; x_wconf 91' lang='lat' dir='ltr'>et</span> <span class='ocrx_word' id='word_1_63' title='bbox 2064 713 2170 759; x_wconf 86' lang='lat' dir='ltr'>tra-</span> 
     </span>
    </p>
   </div>
   <div class='ocr_carea' id='block_1_10' title="bbox 571 793 2168 869">
    <p class='ocr_par' dir='ltr' id='par_1_10' title="bbox 571 793 2168 869">
     <span class='ocr_line' id='line_1_10' title="bbox 571 793 2168 869; baseline -0.005 -15"><span class='ocrx_word' id='word_1_64' title='bbox 571 799 804 854; x_wconf 84' lang='lat' dir='ltr'>didistis.</span> <span class='ocrx_word' id='word_1_65' title='bbox 837 801 985 855; x_wconf 75' lang='lat' dir='ltr'>Bene</span> <span class='ocrx_word' id='word_1_66' title='bbox 1014 798 1237 869; x_wconf 80' lang='lat' dir='ltr'>quidem</span> <span class='ocrx_word' id='word_1_67' title='bbox 1271 796 1602 860; x_wconf 79' lang='lat' dir='ltr'>currebatis,</span> <span class='ocrx_word' id='word_1_68' title='bbox 1629 811 1750 850; x_wconf 91' lang='lat' dir='ltr'>cum</span> <span class='ocrx_word' id='word_1_69' title='bbox 1777 793 2038 864; x_wconf 78' lang='lat' dir='ltr'>Apostolo</span> <span class='ocrx_word' id='word_1_70' title='bbox 2053 793 2168 848; x_wconf 90' lang='lat' dir='ltr'>cla-</span> 
     </span>
    </p>
   </div>
   <div class='ocr_carea' id='block_1_11' title="bbox 572 882 2166 960">
    <p class='ocr_par' dir='ltr' id='par_1_11' title="bbox 572 882 2166 960">
     <span class='ocr_line' id='line_1_11' title="bbox 572 882 2166 960; baseline -0.003 -18"><span class='ocrx_word' id='word_1_71' title='bbox 572 903 804 950; x_wconf 85' lang='lat' dir='ltr'>mamus,</span> <span class='ocrx_word' id='word_1_72' title='bbox 819 888 944 960; x_wconf 83' lang='lat' dir='ltr'>quis</span> <span class='ocrx_word' id='word_1_73' title='bbox 956 903 1046 944; x_wconf 75' lang='lat' dir='ltr'>vos</span> <span class='ocrx_word' id='word_1_74' title='bbox 1059 885 1366 957; x_wconf 77' lang='lat' dir='ltr'>fascinavit</span> <span class='ocrx_word' id='word_1_75' title='bbox 1383 884 1611 938; x_wconf 78' lang='lat' dir='ltr'>veritati</span> <span class='ocrx_word' id='word_1_76' title='bbox 1623 899 1736 938; x_wconf 76' lang='lat' dir='ltr'>non</span> <span class='ocrx_word' id='word_1_77' title='bbox 1751 882 1969 938; x_wconf 75' lang='lat' dir='ltr'>obedire</span> <span class='ocrx_word' id='word_1_78' title='bbox 1985 882 2166 948; x_wconf 72' lang='lat' dir='ltr'>?(Gal.</span> 
     </span>
    </p>
   </div>
   <div class='ocr_carea' id='block_1_12' title="bbox 569 971 2169 1046">
    <p class='ocr_par' dir='ltr' id='par_1_12' title="bbox 569 971 2169 1046">
     <span class='ocr_line' id='line_1_12' title="bbox 569 971 2169 1046; baseline -0.005 -14"><span class='ocrx_word' id='word_1_79' title='bbox 569 977 680 1046; x_wconf 81' lang='lat' dir='ltr'>nl.)</span> <span class='ocrx_word' id='word_1_80' title='bbox 709 975 818 1032; x_wconf 90' lang='lat' dir='ltr'>Sed</span> <span class='ocrx_word' id='word_1_81' title='bbox 847 984 901 1032; x_wconf 88' lang='lat' dir='ltr'>et</span> <span class='ocrx_word' id='word_1_82' title='bbox 928 975 1046 1045; x_wconf 86' lang='lat' dir='ltr'>ipse</span> <span class='ocrx_word' id='word_1_83' title='bbox 1075 990 1171 1044; x_wconf 88' lang='lat' dir='ltr'>per</span> <span class='ocrx_word' id='word_1_84' title='bbox 1199 989 1260 1028; x_wconf 90' lang='lat' dir='ltr'>se</span> <span class='ocrx_word' id='word_1_85' title='bbox 1285 972 1546 1026; x_wconf 88' lang='lat' dir='ltr'>Dominus</span> <span class='ocrx_word' id='word_1_86' title='bbox 1563 971 1692 1026; x_wconf 92' lang='lat' dir='ltr'>dicit</span> <span class='ocrx_word' id='word_1_87' title='bbox 1716 987 1730 1024; x_wconf 93' lang='lat'>:</span> <span class='ocrx_word' id='word_1_88' title='bbox 1750 971 1917 1026; x_wconf 77' lang='lat' dir='ltr'>Nemo</span> <span class='ocrx_word' id='word_1_89' title='bbox 1935 971 2169 1024; x_wconf 77' lang='lat' dir='ltr'>mittens</span> 
     </span>
    </p>
   </div>
   <div class='ocr_carea' id='block_1_13' title="bbox 567 1062 2166 1124">
    <p class='ocr_par' dir='ltr' id='par_1_13' title="bbox 567 1062 2166 1124">
     <span class='ocr_line' id='line_1_13' title="bbox 567 1062 2166 1124; baseline -0.004 -4"><span class='ocrx_word' id='word_1_90' title='bbox 567 1073 808 1120; x_wconf 81' lang='lat' dir='ltr'>manum</span> <span class='ocrx_word' id='word_1_91' title='bbox 836 1081 1000 1120; x_wconf 82' lang='lat' dir='ltr'>suam</span> <span class='ocrx_word' id='word_1_92' title='bbox 1025 1065 1088 1118; x_wconf 79' lang='lat' dir='ltr'>in</span> <span class='ocrx_word' id='word_1_93' title='bbox 1123 1066 1382 1116; x_wconf 80' lang='lat' dir='ltr'>aratrum</span> <span class='ocrx_word' id='word_1_94' title='bbox 1419 1064 1476 1114; x_wconf 89' lang='lat' dir='ltr'>et</span> <span class='ocrx_word' id='word_1_95' title='bbox 1495 1075 1795 1116; x_wconf 82' lang='lat' dir='ltr'>conversus</span> <span class='ocrx_word' id='word_1_96' title='bbox 1832 1062 2166 1124; x_wconf 77' lang='lat' dir='ltr'>retrorsum,</span> 
     </span>
    </p>
   </div>
   <div class='ocr_carea' id='block_1_14' title="bbox 571 1145 2171 1224">
    <p class='ocr_par' dir='ltr' id='par_1_14' title="bbox 571 1145 2171 1224">
     <span class='ocr_line' id='line_1_14' title="bbox 571 1145 2171 1224; baseline -0.005 -17"><span class='ocrx_word' id='word_1_97' title='bbox 571 1156 743 1224; x_wconf 80' lang='lat' dir='ltr'>aptus</span> <span class='ocrx_word' id='word_1_98' title='bbox 768 1153 934 1208; x_wconf 79' lang='lat' dir='ltr'>estin</span> <span class='ocrx_word' id='word_1_99' title='bbox 956 1166 1124 1221; x_wconf 82' lang='lat' dir='ltr'>regno</span> <span class='ocrx_word' id='word_1_100' title='bbox 1141 1150 1408 1205; x_wconf 67' lang='lat' dir='ltr'>caelorum</span> <span class='ocrx_word' id='word_1_101' title='bbox 1438 1149 1593 1215; x_wconf 88' lang='lat' dir='ltr'>(Luc.</span> <span class='ocrx_word' id='word_1_102' title='bbox 1619 1148 1702 1215; x_wconf 78' lang='lat' dir='ltr'>ix)</span> <span class='ocrx_word' id='word_1_103' title='bbox 1723 1165 1737 1210; x_wconf 90' lang='lat'>;</span> <span class='ocrx_word' id='word_1_104' title='bbox 1761 1161 1869 1200; x_wconf 91' lang='lat' dir='ltr'>non</span> <span class='ocrx_word' id='word_1_105' title='bbox 1888 1153 2066 1200; x_wconf 89' lang='lat' dir='ltr'>autem</span> <span class='ocrx_word' id='word_1_106' title='bbox 2089 1145 2171 1199; x_wconf 90' lang='lat' dir='ltr'>di-</span> 
     </span>
    </p>
   </div>
   <div class='ocr_carea' id='block_1_15' title="bbox 569 1234 2169 1311">
    <p class='ocr_par' dir='ltr' id='par_1_15' title="bbox 569 1234 2169 1311">
     <span class='ocr_line' id='line_1_15' title="bbox 569 1234 2169 1311; baseline -0.004 -15"><span class='ocrx_word' id='word_1_107' title='bbox 569 1234 744 1297; x_wconf 79' lang='lat' dir='ltr'>cimus</span> <span class='ocrx_word' id='word_1_108' title='bbox 803 1239 948 1311; x_wconf 92' lang='lat' dir='ltr'>quod</span> <span class='ocrx_word' id='word_1_109' title='bbox 1003 1252 1114 1293; x_wconf 90' lang='lat' dir='ltr'>non</span> <span class='ocrx_word' id='word_1_110' title='bbox 1167 1252 1276 1292; x_wconf 88' lang='lat' dir='ltr'>una</span> <span class='ocrx_word' id='word_1_111' title='bbox 1331 1236 1399 1291; x_wconf 89' lang='lat' dir='ltr'>sit</span> <span class='ocrx_word' id='word_1_112' title='bbox 1471 1234 1628 1299; x_wconf 87' lang='lat' dir='ltr'>ﬁdes,</span> <span class='ocrx_word' id='word_1_113' title='bbox 1690 1251 1858 1288; x_wconf 92' lang='lat' dir='ltr'>unum</span> <span class='ocrx_word' id='word_1_114' title='bbox 1905 1235 2169 1304; x_wconf 88' lang='lat' dir='ltr'>baptisma</span> 
     </span>
    </p>
   </div>
   <div class='ocr_carea' id='block_1_16' title="bbox 570 1323 2168 1401">
    <p class='ocr_par' dir='ltr' id='par_1_16' title="bbox 570 1323 2168 1401">
     <span class='ocr_line' id='line_1_16' title="bbox 570 1323 2168 1401; baseline -0.005 -15"><span class='ocrx_word' id='word_1_115' title='bbox 570 1329 794 1401; x_wconf 78' lang='lat' dir='ltr'>(Ephes.</span> <span class='ocrx_word' id='word_1_116' title='bbox 829 1327 927 1397; x_wconf 82' lang='lat' dir='ltr'>tv),</span> <span class='ocrx_word' id='word_1_117' title='bbox 961 1343 1103 1381; x_wconf 91' lang='lat' dir='ltr'>unus</span> <span class='ocrx_word' id='word_1_118' title='bbox 1130 1327 1276 1380; x_wconf 89' lang='lat' dir='ltr'>Deus</span> <span class='ocrx_word' id='word_1_119' title='bbox 1305 1331 1497 1381; x_wconf 89' lang='lat' dir='ltr'>noster</span> <span class='ocrx_word' id='word_1_120' title='bbox 1525 1323 1729 1394; x_wconf 88' lang='lat' dir='ltr'>pariter</span> <span class='ocrx_word' id='word_1_121' title='bbox 1745 1323 2051 1392; x_wconf 86' lang='lat' dir='ltr'>etillorum,</span> <span class='ocrx_word' id='word_1_122' title='bbox 2071 1323 2168 1378; x_wconf 89' lang='lat' dir='ltr'>sed</span> 
     </span>
    </p>
   </div>
   <div class='ocr_carea' id='block_1_17' title="bbox 565 1410 2169 1488">
    <p class='ocr_par' dir='ltr' id='par_1_17' title="bbox 565 1410 2169 1488">
     <span class='ocr_line' id='line_1_17' title="bbox 565 1410 2169 1488; baseline -0.004 -18"><span class='ocrx_word' id='word_1_123' title='bbox 565 1417 693 1488; x_wconf 82' lang='lat' dir='ltr'>quia</span> <span class='ocrx_word' id='word_1_124' title='bbox 722 1415 777 1470; x_wconf 91' lang='lat' dir='ltr'>in</span> <span class='ocrx_word' id='word_1_125' title='bbox 809 1415 888 1470; x_wconf 89' lang='lat' dir='ltr'>eis</span> <span class='ocrx_word' id='word_1_126' title='bbox 936 1431 1102 1484; x_wconf 73' lang='lat' dir='ltr'>saepe,</span> <span class='ocrx_word' id='word_1_127' title='bbox 1137 1413 1372 1484; x_wconf 69' lang='lat' dir='ltr'>praesule</span> <span class='ocrx_word' id='word_1_128' title='bbox 1419 1411 2032 1482; x_wconf 74' lang='lat' dir='ltr'>Constantinopolitano,</span> <span class='ocrx_word' id='word_1_129' title='bbox 2083 1410 2169 1466; x_wconf 88' lang='lat' dir='ltr'>vel</span> 
     </span>
    </p>
   </div>
   <div class='ocr_carea' id='block_1_18' title="bbox 562 1498 2168 1574">
    <p class='ocr_par' dir='ltr' id='par_1_18' title="bbox 562 1498 2168 1574">
     <span class='ocr_line' id='line_1_18' title="bbox 562 1498 2168 1574; baseline -0.003 -16"><span class='ocrx_word' id='word_1_130' title='bbox 562 1503 912 1574; x_wconf 83' lang='lat' dir='ltr'>imperatore,</span> <span class='ocrx_word' id='word_1_131' title='bbox 957 1510 1050 1557; x_wconf 90' lang='lat' dir='ltr'>aut</span> <span class='ocrx_word' id='word_1_132' title='bbox 1094 1502 1416 1572; x_wconf 84' lang='lat' dir='ltr'>plerumque</span> <span class='ocrx_word' id='word_1_133' title='bbox 1461 1508 1714 1571; x_wconf 87' lang='lat' dir='ltr'>utroque,</span> <span class='ocrx_word' id='word_1_134' title='bbox 1765 1508 1983 1555; x_wconf 88' lang='lat' dir='ltr'>auctore</span> <span class='ocrx_word' id='word_1_135' title='bbox 2025 1498 2168 1553; x_wconf 87' lang='lat' dir='ltr'>facto</span> 
     </span>
    </p>
   </div>
   <div class='ocr_carea' id='block_1_19' title="bbox 563 1587 2168 1660">
    <p class='ocr_par' dir='ltr' id='par_1_19' title="bbox 563 1587 2168 1660">
     <span class='ocr_line' id='line_1_19' title="bbox 563 1587 2168 1660; baseline -0.002 -14"><span class='ocrx_word' id='word_1_136' title='bbox 563 1591 858 1655; x_wconf 70' lang='lat' dir='ltr'>haereseos,</span> <span class='ocrx_word' id='word_1_137' title='bbox 889 1589 1078 1660; x_wconf 85' lang='lat' dir='ltr'>plures</span> <span class='ocrx_word' id='word_1_138' title='bbox 1109 1589 1201 1660; x_wconf 88' lang='lat' dir='ltr'>qui</span> <span class='ocrx_word' id='word_1_139' title='bbox 1227 1589 1328 1644; x_wconf 91' lang='lat' dir='ltr'>sub</span> <span class='ocrx_word' id='word_1_140' title='bbox 1376 1588 1510 1659; x_wconf 90' lang='lat' dir='ltr'>ipsis</span> <span class='ocrx_word' id='word_1_141' title='bbox 1556 1596 1700 1654; x_wconf 90' lang='lat' dir='ltr'>sunt,</span> <span class='ocrx_word' id='word_1_142' title='bbox 1733 1587 2043 1642; x_wconf 87' lang='lat' dir='ltr'>adulatione</span> <span class='ocrx_word' id='word_1_143' title='bbox 2079 1597 2168 1642; x_wconf 89' lang='lat' dir='ltr'>aut</span> 
     </span>
    </p>
   </div>
   <div class='ocr_carea' id='block_1_20' title="bbox 557 1676 2166 1742">
    <p class='ocr_par' dir='ltr' id='par_1_20' title="bbox 557 1676 2166 1742">
     <span class='ocr_line' id='line_1_20' title="bbox 557 1676 2166 1742; baseline -0.003 -7"><span class='ocrx_word' id='word_1_144' title='bbox 557 1687 706 1735; x_wconf 90' lang='lat' dir='ltr'>certe</span> <span class='ocrx_word' id='word_1_145' title='bbox 755 1679 970 1742; x_wconf 83' lang='lat' dir='ltr'>timore,</span> <span class='ocrx_word' id='word_1_146' title='bbox 1001 1677 1110 1732; x_wconf 89' lang='lat' dir='ltr'>illis</span> <span class='ocrx_word' id='word_1_147' title='bbox 1139 1676 1442 1733; x_wconf 82' lang='lat' dir='ltr'>efﬁciuntur</span> <span class='ocrx_word' id='word_1_148' title='bbox 1469 1676 1780 1732; x_wconf 77' lang='lat' dir='ltr'>consimiles</span> <span class='ocrx_word' id='word_1_149' title='bbox 1805 1695 1820 1742; x_wconf 89' lang='lat'>;</span> <span class='ocrx_word' id='word_1_150' title='bbox 1851 1684 1902 1730; x_wconf 89' lang='lat' dir='ltr'>et</span> <span class='ocrx_word' id='word_1_151' title='bbox 1932 1691 2014 1730; x_wconf 64' lang='lat' dir='ltr'>va:</span> <span class='ocrx_word' id='word_1_152' title='bbox 2042 1684 2166 1730; x_wconf 93' lang='lat' dir='ltr'>tunc</span> 
     </span>
    </p>
   </div>
   <div class='ocr_carea' id='block_1_21' title="bbox 557 1763 2160 1840">
    <p class='ocr_par' dir='ltr' id='par_1_21' title="bbox 557 1763 2160 1840">
     <span class='ocr_line' id='line_1_21' title="bbox 557 1763 2160 1840; baseline -0.002 -17"><span class='ocrx_word' id='word_1_153' title='bbox 557 1766 638 1823; x_wconf 91' lang='lat' dir='ltr'>eis</span> <span class='ocrx_word' id='word_1_154' title='bbox 667 1775 753 1823; x_wconf 91' lang='lat' dir='ltr'>est</span> <span class='ocrx_word' id='word_1_155' title='bbox 779 1767 871 1840; x_wconf 89' lang='lat' dir='ltr'>qui</span> <span class='ocrx_word' id='word_1_156' title='bbox 902 1767 1211 1822; x_wconf 89' lang='lat' dir='ltr'>societatem</span> <span class='ocrx_word' id='word_1_157' title='bbox 1246 1774 1546 1836; x_wconf 88' lang='lat' dir='ltr'>sequuntur</span> <span class='ocrx_word' id='word_1_158' title='bbox 1575 1781 1780 1820; x_wconf 90' lang='lat' dir='ltr'>eorum.</span> <span class='ocrx_word' id='word_1_159' title='bbox 1827 1765 1928 1820; x_wconf 91' lang='lat' dir='ltr'>Dic</span> <span class='ocrx_word' id='word_1_160' title='bbox 1961 1763 2160 1835; x_wconf 89' lang='lat' dir='ltr'>itaque,</span> 
     </span>
    </p>
   </div>
   <div class='ocr_carea' id='block_1_22' title="bbox 557 1852 2164 1928">
    <p class='ocr_par' dir='ltr' id='par_1_22' title="bbox 557 1852 2164 1928">
     <span class='ocr_line' id='line_1_22' title="bbox 557 1852 2164 1928; baseline -0.004 -16"><span class='ocrx_word' id='word_1_161' title='bbox 557 1869 718 1928; x_wconf 85' lang='lat' dir='ltr'>rogo.</span> <span class='ocrx_word' id='word_1_162' title='bbox 751 1855 1076 1911; x_wconf 85' lang='lat' dir='ltr'>charissime</span> <span class='ocrx_word' id='word_1_163' title='bbox 1104 1852 1200 1920; x_wconf 85' lang='lat' dir='ltr'>ﬁli,</span> <span class='ocrx_word' id='word_1_164' title='bbox 1254 1853 1384 1926; x_wconf 90' lang='lat' dir='ltr'>quid</span> <span class='ocrx_word' id='word_1_165' title='bbox 1413 1853 1623 1908; x_wconf 89' lang='lat' dir='ltr'>faceres</span> <span class='ocrx_word' id='word_1_166' title='bbox 1669 1861 1744 1917; x_wconf 91' lang='lat' dir='ltr'>tu,</span> <span class='ocrx_word' id='word_1_167' title='bbox 1795 1853 1883 1908; x_wconf 89' lang='lat' dir='ltr'>vel</span> <span class='ocrx_word' id='word_1_168' title='bbox 1931 1852 2164 1922; x_wconf 90' lang='lat' dir='ltr'>p0pulus</span> 
     </span>
    </p>
   </div>
   <div class='ocr_carea' id='block_1_23' title="bbox 554 1941 2164 2014">
    <p class='ocr_par' dir='ltr' id='par_1_23' title="bbox 554 1941 2164 2014">
     <span class='ocr_line' id='line_1_23' title="bbox 554 1941 2164 2014; baseline -0.004 -14"><span class='ocrx_word' id='word_1_169' title='bbox 554 1951 700 2007; x_wconf 86' lang='lat' dir='ltr'>tuus,</span> <span class='ocrx_word' id='word_1_170' title='bbox 737 1944 784 1999; x_wconf 93' lang='lat' dir='ltr'>si</span> <span class='ocrx_word' id='word_1_171' title='bbox 817 1953 1062 2014; x_wconf 90' lang='lat' dir='ltr'>tempore</span> <span class='ocrx_word' id='word_1_172' title='bbox 1080 1941 1558 1998; x_wconf 88' lang='lat' dir='ltr'>Pneumatomachi</span> <span class='ocrx_word' id='word_1_173' title='bbox 1573 1941 1875 1996; x_wconf 90' lang='lat' dir='ltr'>Macedonii</span> <span class='ocrx_word' id='word_1_174' title='bbox 1899 1941 2164 1995; x_wconf 87' lang='lat' dir='ltr'>Constan-</span> 
     </span>
    </p>
   </div>
   <div class='ocr_carea' id='block_1_24' title="bbox 554 2028 2164 2103">
    <p class='ocr_par' dir='ltr' id='par_1_24' title="bbox 554 2028 2164 2103">
     <span class='ocr_line' id='line_1_24' title="bbox 554 2028 2164 2103; baseline -0.001 -17"><span class='ocrx_word' id='word_1_175' title='bbox 554 2031 891 2103; x_wconf 88' lang='lat' dir='ltr'>tlnopolitani</span> <span class='ocrx_word' id='word_1_176' title='bbox 935 2030 1208 2096; x_wconf 85' lang='lat' dir='ltr'>antistitis,</span> <span class='ocrx_word' id='word_1_177' title='bbox 1261 2031 1476 2102; x_wconf 88' lang='lat' dir='ltr'>quando</span> <span class='ocrx_word' id='word_1_178' title='bbox 1513 2037 1565 2084; x_wconf 90' lang='lat' dir='ltr'>et</span> <span class='ocrx_word' id='word_1_179' title='bbox 1611 2029 1810 2099; x_wconf 91' lang='lat' dir='ltr'>impius</span> <span class='ocrx_word' id='word_1_180' title='bbox 1854 2028 1966 2083; x_wconf 90' lang='lat' dir='ltr'>illic</span> <span class='ocrx_word' id='word_1_181' title='bbox 1992 2029 2164 2099; x_wconf 84' lang='lat' dir='ltr'>impe-</span> 
     </span>
    </p>
   </div>
   <div class='ocr_carea' id='block_1_25' title="bbox 553 2115 2160 2184">
    <p class='ocr_par' dir='ltr' id='par_1_25' title="bbox 553 2115 2160 2184">
     <span class='ocr_line' id='line_1_25' title="bbox 553 2115 2160 2184; baseline -0.003 -8"><span class='ocrx_word' id='word_1_182' title='bbox 553 2120 704 2176; x_wconf 85' lang='lat' dir='ltr'>rabat</span> <span class='ocrx_word' id='word_1_183' title='bbox 735 2120 1104 2182; x_wconf 88' lang='lat' dir='ltr'>Constantius,</span> <span class='ocrx_word' id='word_1_184' title='bbox 1133 2119 1327 2174; x_wconf 86' lang='lat' dir='ltr'>essetis</span> <span class='ocrx_word' id='word_1_185' title='bbox 1359 2134 1548 2173; x_wconf 90' lang='lat' dir='ltr'>eorum</span> <span class='ocrx_word' id='word_1_186' title='bbox 1589 2117 1848 2172; x_wconf 86' lang='lat' dir='ltr'>societate</span> <span class='ocrx_word' id='word_1_187' title='bbox 1879 2115 2160 2184; x_wconf 87' lang='lat' dir='ltr'>fruentes;</span> 
     </span>
    </p>
   </div>
   <div class='ocr_carea' id='block_1_26' title="bbox 554 2205 2162 2281">
    <p class='ocr_par' dir='ltr' id='par_1_26' title="bbox 554 2205 2162 2281">
     <span class='ocr_line' id='line_1_26' title="bbox 554 2205 2162 2281; baseline -0.004 -16"><span class='ocrx_word' id='word_1_188' title='bbox 554 2222 738 2265; x_wconf 90' lang='lat' dir='ltr'>nonne</span> <span class='ocrx_word' id='word_1_189' title='bbox 767 2207 967 2281; x_wconf 89' lang='lat' dir='ltr'>dogma</span> <span class='ocrx_word' id='word_1_190' title='bbox 1001 2207 1118 2277; x_wconf 87' lang='lat' dir='ltr'>ejus</span> <span class='ocrx_word' id='word_1_191' title='bbox 1147 2215 1338 2263; x_wconf 88' lang='lat' dir='ltr'>contra</span> <span class='ocrx_word' id='word_1_192' title='bbox 1357 2205 1616 2276; x_wconf 90' lang='lat' dir='ltr'>Spiritum</span> <span class='ocrx_word' id='word_1_193' title='bbox 1636 2213 1885 2260; x_wconf 90' lang='lat' dir='ltr'>sanctum</span> <span class='ocrx_word' id='word_1_194' title='bbox 1906 2205 2162 2276; x_wconf 83' lang='lat' dir='ltr'>blasphe-</span> 
     </span>
    </p>
   </div>
   <div class='ocr_carea' id='block_1_27' title="bbox 555 2294 2160 2368">
    <p class='ocr_par' dir='ltr' id='par_1_27' title="bbox 555 2294 2160 2368">
     <span class='ocr_line' id='line_1_27' title="bbox 555 2294 2160 2368; baseline -0.003 -17"><span class='ocrx_word' id='word_1_195' title='bbox 555 2311 716 2351; x_wconf 83' lang='lat' dir='ltr'>mans</span> <span class='ocrx_word' id='word_1_196' title='bbox 745 2311 867 2352; x_wconf 90' lang='lat' dir='ltr'>cum</span> <span class='ocrx_word' id='word_1_197' title='bbox 916 2295 1026 2350; x_wconf 87' lang='lat' dir='ltr'>illis</span> <span class='ocrx_word' id='word_1_198' title='bbox 1065 2294 1474 2368; x_wconf 84' lang='lat' dir='ltr'>sequeremini?</span> <span class='ocrx_word' id='word_1_199' title='bbox 1519 2294 1674 2360; x_wconf 80' lang='lat' dir='ltr'>Quod</span> <span class='ocrx_word' id='word_1_200' title='bbox 1714 2297 2030 2365; x_wconf 83' lang='lat' dir='ltr'>peccatum,</span> <span class='ocrx_word' id='word_1_201' title='bbox 2076 2301 2160 2347; x_wconf 89' lang='lat' dir='ltr'>at-</span> 
     </span>
    </p>
   </div>
   <div class='ocr_carea' id='block_1_28' title="bbox 554 2381 2161 2454">
    <p class='ocr_par' dir='ltr' id='par_1_28' title="bbox 554 2381 2161 2454">
     <span class='ocr_line' id='line_1_28' title="bbox 554 2381 2161 2454; baseline -0.002 -15"><span class='ocrx_word' id='word_1_202' title='bbox 554 2391 786 2440; x_wconf 89' lang='lat' dir='ltr'>testante</span> <span class='ocrx_word' id='word_1_203' title='bbox 816 2385 1067 2450; x_wconf 90' lang='lat' dir='ltr'>Domino,</span> <span class='ocrx_word' id='word_1_204' title='bbox 1093 2400 1208 2439; x_wconf 85' lang='lat' dir='ltr'>non</span> <span class='ocrx_word' id='word_1_205' title='bbox 1231 2384 1550 2439; x_wconf 81' lang='lat' dir='ltr'>remittitur</span> <span class='ocrx_word' id='word_1_206' title='bbox 1567 2398 1745 2454; x_wconf 81' lang='lat' dir='ltr'>neque</span> <span class='ocrx_word' id='word_1_207' title='bbox 1768 2381 1878 2447; x_wconf 83' lang='lat' dir='ltr'>hic,</span> <span class='ocrx_word' id='word_1_208' title='bbox 1899 2397 2076 2454; x_wconf 81' lang='lat' dir='ltr'>neque</span> <span class='ocrx_word' id='word_1_209' title='bbox 2099 2382 2161 2436; x_wconf 82' lang='lat' dir='ltr'>in</span> 
     </span>
    </p>
   </div>
   <div class='ocr_carea' id='block_1_29' title="bbox 551 2469 2160 2544">
    <p class='ocr_par' dir='ltr' id='par_1_29' title="bbox 551 2469 2160 2544">
     <span class='ocr_line' id='line_1_29' title="bbox 551 2469 2160 2544; baseline -0.003 -15"><span class='ocrx_word' id='word_1_210' title='bbox 551 2475 752 2544; x_wconf 69' lang='lat' dir='ltr'>futuro</span> <span class='ocrx_word' id='word_1_211' title='bbox 783 2473 1004 2538; x_wconf 75' lang='lat' dir='ltr'>(Matth.</span> <span class='ocrx_word' id='word_1_212' title='bbox 1039 2475 1156 2542; x_wconf 85' lang='lat' dir='ltr'>xu).</span> <span class='ocrx_word' id='word_1_213' title='bbox 1209 2472 1403 2526; x_wconf 90' lang='lat' dir='ltr'>Nonne</span> <span class='ocrx_word' id='word_1_214' title='bbox 1451 2471 1496 2524; x_wconf 87' lang='lat' dir='ltr'>si</span> <span class='ocrx_word' id='word_1_215' title='bbox 1543 2472 1737 2526; x_wconf 90' lang='lat' dir='ltr'>horum</span> <span class='ocrx_word' id='word_1_216' title='bbox 1776 2469 2034 2539; x_wconf 89' lang='lat' dir='ltr'>pollutam</span> <span class='ocrx_word' id='word_1_217' title='bbox 2065 2485 2160 2524; x_wconf 93' lang='lat' dir='ltr'>so-</span> 
     </span>
    </p>
   </div>
   <div class='ocr_carea' id='block_1_30' title="bbox 558 2557 2161 2630">
    <p class='ocr_par' dir='ltr' id='par_1_30' title="bbox 558 2557 2161 2630">
     <span class='ocr_line' id='line_1_30' title="bbox 558 2557 2161 2630; baseline -0.002 -14"><span class='ocrx_word' id='word_1_218' title='bbox 558 2559 811 2616; x_wconf 88' lang='lat' dir='ltr'>cietatem</span> <span class='ocrx_word' id='word_1_219' title='bbox 861 2561 1171 2625; x_wconf 88' lang='lat' dir='ltr'>haberetis,</span> <span class='ocrx_word' id='word_1_220' title='bbox 1231 2567 1280 2614; x_wconf 89' lang='lat' dir='ltr'>et</span> <span class='ocrx_word' id='word_1_221' title='bbox 1323 2574 1550 2630; x_wconf 86' lang='lat' dir='ltr'>pravam</span> <span class='ocrx_word' id='word_1_222' title='bbox 1609 2557 1914 2613; x_wconf 89' lang='lat' dir='ltr'>doctrinam</span> <span class='ocrx_word' id='word_1_223' title='bbox 1967 2557 2161 2612; x_wconf 87' lang='lat' dir='ltr'>nihilo-</span> 
     </span>
    </p>
   </div>
   <div class='ocr_carea' id='block_1_31' title="bbox 550 2637 2162 2717">
    <p class='ocr_par' dir='ltr' id='par_1_31' title="bbox 550 2637 2162 2717">
     <span class='ocr_line' id='line_1_31' title="bbox 550 2637 2162 2717; baseline -0.003 -14"><span class='ocrx_word' id='word_1_224' title='bbox 550 2647 732 2703; x_wconf 87' lang='lat' dir='ltr'>minus</span> <span class='ocrx_word' id='word_1_225' title='bbox 759 2648 1038 2703; x_wconf 85' lang='lat' dir='ltr'>haberetis</span> <span class='ocrx_word' id='word_1_226' title='bbox 1056 2647 1084 2702; x_wconf 86' lang='lat'><strong>?</strong></span> <span class='ocrx_word' id='word_1_227' title='bbox 1113 2663 1177 2702; x_wconf 90' lang='lat' dir='ltr'>ac</span> <span class='ocrx_word' id='word_1_228' title='bbox 1205 2662 1304 2717; x_wconf 91' lang='lat' dir='ltr'>per</span> <span class='ocrx_word' id='word_1_229' title='bbox 1331 2647 1436 2702; x_wconf 78' lang='lat' dir='ltr'>hoc</span> <span class='ocrx_word' id='word_1_230' title='bbox 1463 2653 1518 2700; x_wconf 89' lang='lat' dir='ltr'>et</span> <span class='ocrx_word' id='word_1_231' title='bbox 1543 2661 1642 2701; x_wconf 93' lang='lat' dir='ltr'>vos</span> <span class='ocrx_word' id='word_1_232' title='bbox 1689 2661 1815 2701; x_wconf 91' lang='lat' dir='ltr'>cum</span> <span class='ocrx_word' id='word_1_233' title='bbox 1856 2645 1985 2711; x_wconf 88' lang='lat' dir='ltr'>illis,</span> <span class='ocrx_word' id='word_1_234' title='bbox 2005 2637 2162 2716; x_wconf 89' lang='lat' dir='ltr'>quasi</span> 
     </span>
    </p>
   </div>
   <div class='ocr_carea' id='block_1_32' title="bbox 553 2733 2160 2806">
    <p class='ocr_par' dir='ltr' id='par_1_32' title="bbox 553 2733 2160 2806">
     <span class='ocr_line' id='line_1_32' title="bbox 553 2733 2160 2806; baseline -0.001 -16"><span class='ocrx_word' id='word_1_235' title='bbox 553 2733 799 2792; x_wconf 85' lang='lat' dir='ltr'>fasciculi</span> <span class='ocrx_word' id='word_1_236' title='bbox 828 2735 1066 2806; x_wconf 80' lang='lat' dir='ltr'>colligati</span> <span class='ocrx_word' id='word_1_237' title='bbox 1097 2735 1164 2788; x_wconf 89' lang='lat' dir='ltr'>ad</span> <span class='ocrx_word' id='word_1_238' title='bbox 1193 2734 1639 2798; x_wconf 90' lang='lat' dir='ltr'>comburendum,</span> <span class='ocrx_word' id='word_1_239' title='bbox 1672 2742 1874 2788; x_wconf 78' lang='lat' dir='ltr'>aetemo</span> <span class='ocrx_word' id='word_1_240' title='bbox 1921 2733 2035 2804; x_wconf 86' lang='lat' dir='ltr'>igni</span> <span class='ocrx_word' id='word_1_241' title='bbox 2065 2749 2160 2788; x_wconf 89' lang='lat' dir='ltr'>re-</span> 
     </span>
    </p>
   </div>
   <div class='ocr_carea' id='block_1_33' title="bbox 552 2821 2160 2892">
    <p class='ocr_par' dir='ltr' id='par_1_33' title="bbox 552 2821 2160 2892">
     <span class='ocr_line' id='line_1_33' title="bbox 552 2821 2160 2892; baseline -0.003 -12"><span class='ocrx_word' id='word_1_242' title='bbox 552 2823 906 2880; x_wconf 82' lang='lat' dir='ltr'>servaremini</span> <span class='ocrx_word' id='word_1_243' title='bbox 933 2823 990 2878; x_wconf 89' lang='lat' dir='ltr'>in</span> <span class='ocrx_word' id='word_1_244' title='bbox 1019 2821 1608 2892; x_wconf 88' lang='lat' dir='ltr'>dicjudiciicruciandi</span> <span class='ocrx_word' id='word_1_245' title='bbox 1627 2821 1654 2875; x_wconf 77' lang='lat' dir='ltr'>‘I</span> <span class='ocrx_word' id='word_1_246' title='bbox 1685 2821 2160 2876; x_wconf 85' lang='lat' dir='ltr'>Credimusautem</span> 
     </span>
    </p>
   </div>
   <div class='ocr_carea' id='block_1_34' title="bbox 554 2908 2160 2984">
    <p class='ocr_par' dir='ltr' id='par_1_34' title="bbox 554 2908 2160 2984">
     <span class='ocr_line' id='line_1_34' title="bbox 554 2908 2160 2984; baseline -0.003 -16"><span class='ocrx_word' id='word_1_247' title='bbox 554 2913 704 2984; x_wconf 84' lang='lat' dir='ltr'>quod</span> <span class='ocrx_word' id='word_1_248' title='bbox 724 2912 836 2981; x_wconf 86' lang='lat' dir='ltr'>jam</span> <span class='ocrx_word' id='word_1_249' title='bbox 866 2927 964 2968; x_wconf 84' lang='lat' dir='ltr'>vos</span> <span class='ocrx_word' id='word_1_250' title='bbox 992 2926 1100 2967; x_wconf 88' lang='lat' dir='ltr'>non</span> <span class='ocrx_word' id='word_1_251' title='bbox 1131 2911 1295 2966; x_wconf 87' lang='lat' dir='ltr'>lateat</span> <span class='ocrx_word' id='word_1_252' title='bbox 1326 2925 1601 2982; x_wconf 86' lang='lat' dir='ltr'>nunquam</span> <span class='ocrx_word' id='word_1_253' title='bbox 1631 2909 1985 2980; x_wconf 87' lang='lat' dir='ltr'>apostolicam</span> <span class='ocrx_word' id='word_1_254' title='bbox 2017 2908 2160 2963; x_wconf 89' lang='lat' dir='ltr'>beati</span> 
     </span>
    </p>
   </div>
   <div class='ocr_carea' id='block_1_35' title="bbox 496 2996 2158 3068">
    <p class='ocr_par' dir='ltr' id='par_1_35' title="bbox 496 2996 2158 3068">
     <span class='ocr_line' id='line_1_35' title="bbox 496 2996 2158 3068; baseline -0.004 -12"><span class='ocrx_word' id='word_1_255' title='bbox 496 3017 499 3022; x_wconf 85' lang='lat'>&#39;</span> <span class='ocrx_word' id='word_1_256' title='bbox 555 3000 702 3056; x_wconf 79' lang='lat' dir='ltr'>Petri</span> <span class='ocrx_word' id='word_1_257' title='bbox 731 2999 920 3055; x_wconf 86' lang='lat' dir='ltr'>sedem</span> <span class='ocrx_word' id='word_1_258' title='bbox 949 2999 1018 3054; x_wconf 86' lang='lat' dir='ltr'>ab</span> <span class='ocrx_word' id='word_1_259' title='bbox 1047 2998 1170 3054; x_wconf 89' lang='lat' dir='ltr'>aliis</span> <span class='ocrx_word' id='word_1_260' title='bbox 1200 2999 1451 3054; x_wconf 87' lang='lat' dir='ltr'>sensibus</span> <span class='ocrx_word' id='word_1_261' title='bbox 1477 2999 1881 3068; x_wconf 87' lang='lat' dir='ltr'>reprehensam,</span> <span class='ocrx_word' id='word_1_262' title='bbox 1900 3012 2022 3052; x_wconf 91' lang='lat' dir='ltr'>cum</span> <span class='ocrx_word' id='word_1_263' title='bbox 2041 2996 2158 3066; x_wconf 89' lang='lat' dir='ltr'>ipsa</span> 
     </span>
    </p>
   </div>
   <div class='ocr_carea' id='block_1_36' title="bbox 556 3085 2154 3158">
    <p class='ocr_par' dir='ltr' id='par_1_36' title="bbox 556 3085 2154 3158">
     <span class='ocr_line' id='line_1_36' title="bbox 556 3085 2154 3158; baseline -0.004 -13"><span class='ocrx_word' id='word_1_264' title='bbox 556 3087 695 3144; x_wconf 79' lang='lat' dir='ltr'>alias</span> <span class='ocrx_word' id='word_1_265' title='bbox 747 3104 978 3155; x_wconf 88' lang='lat' dir='ltr'>omnes,</span> <span class='ocrx_word' id='word_1_266' title='bbox 1036 3096 1089 3144; x_wconf 90' lang='lat' dir='ltr'>et</span> <span class='ocrx_word' id='word_1_267' title='bbox 1145 3087 1415 3158; x_wconf 67' lang='lat' dir='ltr'>praecipue</span> <span class='ocrx_word' id='word_1_268' title='bbox 1483 3085 2154 3157; x_wconf 77' lang='lat' dir='ltr'>constantinopolitanam,</span> 
     </span>
    </p>
   </div>
   <div class='ocr_carea' id='block_1_37' title="bbox 554 3173 2153 3248">
    <p class='ocr_par' dir='ltr' id='par_1_37' title="bbox 554 3173 2153 3248">
     <span class='ocr_line' id='line_1_37' title="bbox 554 3173 2153 3248; baseline -0.003 -16"><span class='ocrx_word' id='word_1_269' title='bbox 554 3177 856 3248; x_wconf 70' lang='lat' dir='ltr'>sepissime</span> <span class='ocrx_word' id='word_1_270' title='bbox 891 3175 1280 3248; x_wconf 85' lang='lat' dir='ltr'>reprehendes,</span> <span class='ocrx_word' id='word_1_271' title='bbox 1327 3183 1420 3230; x_wconf 88' lang='lat' dir='ltr'>aut</span> <span class='ocrx_word' id='word_1_272' title='bbox 1465 3175 1536 3229; x_wconf 90' lang='lat' dir='ltr'>ab</span> <span class='ocrx_word' id='word_1_273' title='bbox 1583 3190 1774 3230; x_wconf 88' lang='lat' dir='ltr'>errore</span> <span class='ocrx_word' id='word_1_274' title='bbox 1821 3173 2153 3239; x_wconf 87' lang='lat' dir='ltr'>liberaverit,</span> 
     </span>
    </p>
   </div>
   <div class='ocr_carea' id='block_1_38' title="bbox 551 3262 2159 3336">
    <p class='ocr_par' dir='ltr' id='par_1_38' title="bbox 551 3262 2159 3336">
     <span class='ocr_line' id='line_1_38' title="bbox 551 3262 2159 3336; baseline -0.003 -15"><span class='ocrx_word' id='word_1_275' title='bbox 551 3274 645 3321; x_wconf 84' lang='lat' dir='ltr'>aut</span> <span class='ocrx_word' id='word_1_276' title='bbox 671 3273 820 3321; x_wconf 90' lang='lat' dir='ltr'>certe</span> <span class='ocrx_word' id='word_1_277' title='bbox 840 3265 896 3319; x_wconf 91' lang='lat' dir='ltr'>in</span> <span class='ocrx_word' id='word_1_278' title='bbox 923 3265 1010 3320; x_wconf 89' lang='lat' dir='ltr'>his</span> <span class='ocrx_word' id='word_1_279' title='bbox 1041 3264 1132 3336; x_wconf 90' lang='lat' dir='ltr'>qui</span> <span class='ocrx_word' id='word_1_280' title='bbox 1161 3264 1486 3334; x_wconf 87' lang='lat' dir='ltr'>resipiscere</span> <span class='ocrx_word' id='word_1_281' title='bbox 1528 3262 1839 3327; x_wconf 88' lang='lat' dir='ltr'>noluerunt,</span> <span class='ocrx_word' id='word_1_282' title='bbox 1879 3262 2159 3318; x_wconf 70' lang='lat' dir='ltr'>sententiae</span> 
     </span>
    </p>
   </div>
   <div class='ocr_carea' id='block_1_39' title="bbox 556 3351 2154 3424">
    <p class='ocr_par' dir='ltr' id='par_1_39' title="bbox 556 3351 2154 3424">
     <span class='ocr_line' id='line_1_39' title="bbox 556 3351 2154 3424; baseline -0.003 -16"><span class='ocrx_word' id='word_1_283' title='bbox 556 3369 670 3408; x_wconf 64' lang='lat' dir='ltr'>suae</span> <span class='ocrx_word' id='word_1_284' title='bbox 693 3353 899 3422; x_wconf 91' lang='lat' dir='ltr'>judicio</span> <span class='ocrx_word' id='word_1_285' title='bbox 929 3352 1396 3409; x_wconf 87' lang='lat' dir='ltr'>condemnaverit.</span> <span class='ocrx_word' id='word_1_286' title='bbox 1432 3352 1558 3408; x_wconf 89' lang='lat' dir='ltr'>Noli</span> <span class='ocrx_word' id='word_1_287' title='bbox 1580 3367 1717 3424; x_wconf 91' lang='lat' dir='ltr'>ergo</span> <span class='ocrx_word' id='word_1_288' title='bbox 1735 3351 1887 3422; x_wconf 90' lang='lat' dir='ltr'>sequi</span> <span class='ocrx_word' id='word_1_289' title='bbox 1912 3351 2154 3416; x_wconf 69' lang='lat' dir='ltr'>Graecos,</span> 
     </span>
    </p>
   </div>
   <div class='ocr_carea' id='block_1_40' title="bbox 554 3438 2159 3512">
    <p class='ocr_par' dir='ltr' id='par_1_40' title="bbox 554 3438 2159 3512">
     <span class='ocr_line' id='line_1_40' title="bbox 554 3438 2159 3512; baseline -0.003 -16"><span class='ocrx_word' id='word_1_290' title='bbox 554 3439 631 3496; x_wconf 78' lang='lat' dir='ltr'>ﬁli</span> <span class='ocrx_word' id='word_1_291' title='bbox 673 3440 1009 3506; x_wconf 78' lang='lat' dir='ltr'>charissima,</span> <span class='ocrx_word' id='word_1_292' title='bbox 1057 3441 1186 3512; x_wconf 88' lang='lat' dir='ltr'>quia</span> <span class='ocrx_word' id='word_1_293' title='bbox 1227 3440 1568 3512; x_wconf 82' lang='lat' dir='ltr'>argumentis</span> <span class='ocrx_word' id='word_1_294' title='bbox 1615 3455 1832 3510; x_wconf 88' lang='lat' dir='ltr'>semper</span> <span class='ocrx_word' id='word_1_295' title='bbox 1876 3438 2159 3494; x_wconf 78' lang='lat' dir='ltr'>fallacibus</span> 
     </span>
    </p>
   </div>
   <div class='ocr_carea' id='block_1_41' title="bbox 557 3525 2158 3600">
    <p class='ocr_par' dir='ltr' id='par_1_41' title="bbox 557 3525 2158 3600">
     <span class='ocr_line' id='line_1_41' title="bbox 557 3525 2158 3600; baseline -0.001 -16"><span class='ocrx_word' id='word_1_296' title='bbox 557 3528 794 3589; x_wconf 76' lang='lat' dir='ltr'>student.</span> <span class='ocrx_word' id='word_1_297' title='bbox 827 3545 1046 3600; x_wconf 86' lang='lat' dir='ltr'>semper</span> <span class='ocrx_word' id='word_1_298' title='bbox 1075 3528 1284 3584; x_wconf 89' lang='lat' dir='ltr'>dolosis</span> <span class='ocrx_word' id='word_1_299' title='bbox 1313 3529 1596 3583; x_wconf 89' lang='lat' dir='ltr'>intendunt</span> <span class='ocrx_word' id='word_1_300' title='bbox 1623 3527 1902 3591; x_wconf 90' lang='lat' dir='ltr'>versutiis,</span> <span class='ocrx_word' id='word_1_301' title='bbox 1929 3543 1998 3581; x_wconf 91' lang='lat' dir='ltr'>ne</span> <span class='ocrx_word' id='word_1_302' title='bbox 2020 3525 2158 3582; x_wconf 90' lang='lat' dir='ltr'>forte</span> 
     </span>
    </p>
   </div>
   <div class='ocr_carea' id='block_1_42' title="bbox 555 3616 2157 3690">
    <p class='ocr_par' dir='ltr' id='par_1_42' title="bbox 555 3616 2157 3690">
     <span class='ocr_line' id='line_1_42' title="bbox 555 3616 2157 3690; baseline -0.001 -17"><span class='ocrx_word' id='word_1_303' title='bbox 555 3617 712 3673; x_wconf 71' lang='lat' dir='ltr'>vobis</span> <span class='ocrx_word' id='word_1_304' title='bbox 740 3618 886 3690; x_wconf 89' lang='lat' dir='ltr'>quod</span> <span class='ocrx_word' id='word_1_305' title='bbox 915 3617 1066 3688; x_wconf 80' lang='lat' dir='ltr'>genti</span> <span class='ocrx_word' id='word_1_306' title='bbox 1094 3617 1322 3690; x_wconf 82' lang='lat' dir='ltr'>contigit</span> <span class='ocrx_word' id='word_1_307' title='bbox 1354 3617 1654 3673; x_wconf 87' lang='lat' dir='ltr'>Gothorum</span> <span class='ocrx_word' id='word_1_308' title='bbox 1698 3616 2010 3688; x_wconf 83' lang='lat' dir='ltr'>contingat:</span> <span class='ocrx_word' id='word_1_309' title='bbox 2036 3633 2157 3686; x_wconf 68' lang='lat' dir='ltr'>quae</span> 
     </span>
    </p>
   </div>
   <div class='ocr_carea' id='block_1_43' title="bbox 551 3703 2156 3778">
    <p class='ocr_par' dir='ltr' id='par_1_43' title="bbox 551 3703 2156 3778">
     <span class='ocr_line' id='line_1_43' title="bbox 551 3703 2156 3778; baseline -0.001 -17"><span class='ocrx_word' id='word_1_310' title='bbox 551 3720 674 3761; x_wconf 84' lang='lat' dir='ltr'>cum</span> <span class='ocrx_word' id='word_1_311' title='bbox 707 3721 739 3760; x_wconf 88' lang='lat' dir='ltr'>a</span> <span class='ocrx_word' id='word_1_312' title='bbox 766 3721 1101 3778; x_wconf 75' lang='lat' dir='ltr'>paganorum</span> <span class='ocrx_word' id='word_1_313' title='bbox 1131 3721 1318 3761; x_wconf 91' lang='lat' dir='ltr'>errore</span> <span class='ocrx_word' id='word_1_314' title='bbox 1349 3713 1570 3776; x_wconf 90' lang='lat' dir='ltr'>cuperet</span> <span class='ocrx_word' id='word_1_315' title='bbox 1590 3704 1829 3768; x_wconf 85' lang='lat' dir='ltr'>liberari,</span> <span class='ocrx_word' id='word_1_316' title='bbox 1851 3703 2156 3774; x_wconf 88' lang='lat' dir='ltr'>Christique</span> 
     </span>
    </p>
   </div>
   <div class='ocr_carea' id='block_1_44' title="bbox 553 3791 2156 3864">
    <p class='ocr_par' dir='ltr' id='par_1_44' title="bbox 553 3791 2156 3864">
     <span class='ocr_line' id='line_1_44' title="bbox 553 3791 2156 3864; baseline -0.001 -16"><span class='ocrx_word' id='word_1_317' title='bbox 553 3791 685 3848; x_wconf 81' lang='lat' dir='ltr'>ﬁdei</span> <span class='ocrx_word' id='word_1_318' title='bbox 713 3793 930 3857; x_wconf 86' lang='lat' dir='ltr'>sociari,</span> <span class='ocrx_word' id='word_1_319' title='bbox 964 3793 1020 3847; x_wconf 91' lang='lat' dir='ltr'>in</span> <span class='ocrx_word' id='word_1_320' title='bbox 1067 3793 1378 3864; x_wconf 90' lang='lat' dir='ltr'>episcopum</span> <span class='ocrx_word' id='word_1_321' title='bbox 1431 3793 1620 3849; x_wconf 91' lang='lat' dir='ltr'>incidit</span> <span class='ocrx_word' id='word_1_322' title='bbox 1667 3791 1898 3847; x_wconf 89' lang='lat' dir='ltr'>formam</span> <span class='ocrx_word' id='word_1_323' title='bbox 1943 3791 2156 3863; x_wconf 86' lang='lat' dir='ltr'>pietatis</span> 
     </span>
    </p>
   </div>
   <div class='ocr_carea' id='block_1_45' title="bbox 553 3879 2156 3951">
    <p class='ocr_par' dir='ltr' id='par_1_45' title="bbox 553 3879 2156 3951">
     <span class='ocr_line' id='line_1_45' title="bbox 553 3879 2156 3951; baseline 0 -17"><span class='ocrx_word' id='word_1_324' title='bbox 553 3881 866 3945; x_wconf 78' lang='lat' dir='ltr'>habentem,</span> <span class='ocrx_word' id='word_1_325' title='bbox 897 3881 1148 3937; x_wconf 85' lang='lat' dir='ltr'>virtutem</span> <span class='ocrx_word' id='word_1_326' title='bbox 1175 3889 1355 3936; x_wconf 88' lang='lat' dir='ltr'>autem</span> <span class='ocrx_word' id='word_1_327' title='bbox 1387 3882 1502 3950; x_wconf 90' lang='lat' dir='ltr'>ejus</span> <span class='ocrx_word' id='word_1_328' title='bbox 1533 3882 1919 3951; x_wconf 87' lang='lat' dir='ltr'>abnegantem,</span> <span class='ocrx_word' id='word_1_329' title='bbox 1943 3879 2035 3950; x_wconf 90' lang='lat' dir='ltr'>qui</span> <span class='ocrx_word' id='word_1_330' title='bbox 2060 3895 2156 3934; x_wconf 90' lang='lat' dir='ltr'>eos</span> 
     </span>
    </p>
   </div>
   <div class='ocr_carea' id='block_1_46' title="bbox 553 3967 2154 4042">
    <p class='ocr_par' dir='ltr' id='par_1_46' title="bbox 553 3967 2154 4042">
     <span class='ocr_line' id='line_1_46' title="bbox 553 3967 2154 4042; baseline -0.001 -19"><span class='ocrx_word' id='word_1_331' title='bbox 553 3967 682 4023; x_wconf 78' lang='lat' dir='ltr'>dum</span> <span class='ocrx_word' id='word_1_332' title='bbox 713 3983 745 4023; x_wconf 90' lang='lat' dir='ltr'>a</span> <span class='ocrx_word' id='word_1_333' title='bbox 773 3969 1095 4042; x_wconf 86' lang='lat' dir='ltr'>paganismo</span> <span class='ocrx_word' id='word_1_334' title='bbox 1123 3969 1335 4035; x_wconf 82' lang='lat' dir='ltr'>liberat,</span> <span class='ocrx_word' id='word_1_335' title='bbox 1368 3969 1479 4025; x_wconf 82' lang='lat' dir='ltr'>Arii</span> <span class='ocrx_word' id='word_1_336' title='bbox 1501 3969 1854 4038; x_wconf 89' lang='lat' dir='ltr'>blasphemiis</span> <span class='ocrx_word' id='word_1_337' title='bbox 1876 3967 2114 4038; x_wconf 90' lang='lat' dir='ltr'>implicat</span> <span class='ocrx_word' id='word_1_338' title='bbox 2138 3988 2154 4036; x_wconf 88' lang='lat'>;</span> 
     </span>
    </p>
   </div>
   <div class='ocr_carea' id='block_1_47' title="bbox 551 4056 2153 4130">
    <p class='ocr_par' dir='ltr' id='par_1_47' title="bbox 551 4056 2153 4130">
     <span class='ocr_line' id='line_1_47' title="bbox 551 4056 2153 4130; baseline -0.001 -18"><span class='ocrx_word' id='word_1_339' title='bbox 551 4056 742 4129; x_wconf 85' lang='lat' dir='ltr'>sicque</span> <span class='ocrx_word' id='word_1_340' title='bbox 769 4057 867 4124; x_wconf 87' lang='lat' dir='ltr'>illi,</span> <span class='ocrx_word' id='word_1_341' title='bbox 901 4059 1027 4113; x_wconf 91' lang='lat' dir='ltr'>dum</span> <span class='ocrx_word' id='word_1_342' title='bbox 1056 4058 1269 4114; x_wconf 87' lang='lat' dir='ltr'>incaute</span> <span class='ocrx_word' id='word_1_343' title='bbox 1298 4067 1547 4130; x_wconf 72' lang='lat' dir='ltr'>quaerunt</span> <span class='ocrx_word' id='word_1_344' title='bbox 1584 4073 1829 4113; x_wconf 91' lang='lat' dir='ltr'>errorem</span> <span class='ocrx_word' id='word_1_345' title='bbox 1859 4056 2067 4129; x_wconf 83' lang='lat' dir='ltr'>fugere,</span> <span class='ocrx_word' id='word_1_346' title='bbox 2101 4057 2153 4111; x_wconf 92' lang='lat' dir='ltr'>in</span> 
     </span>
    </p>
   </div>
   <div class='ocr_carea' id='block_1_48' title="bbox 551 4146 2154 4217">
    <p class='ocr_par' dir='ltr' id='par_1_48' title="bbox 551 4146 2154 4217">
     <span class='ocr_line' id='line_1_48' title="bbox 551 4146 2154 4217; baseline -0.002 -15"><span class='ocrx_word' id='word_1_347' title='bbox 551 4160 794 4202; x_wconf 80' lang='lat' dir='ltr'>errorem</span> <span class='ocrx_word' id='word_1_348' title='bbox 827 4146 1104 4213; x_wconf 89' lang='lat' dir='ltr'>incidunt;</span> <span class='ocrx_word' id='word_1_349' title='bbox 1137 4156 1191 4202; x_wconf 90' lang='lat' dir='ltr'>et</span> <span class='ocrx_word' id='word_1_350' title='bbox 1219 4163 1421 4203; x_wconf 71' lang='lat' dir='ltr'>caecum</span> <span class='ocrx_word' id='word_1_351' title='bbox 1460 4147 1656 4202; x_wconf 90' lang='lat' dir='ltr'>ducem</span> <span class='ocrx_word' id='word_1_352' title='bbox 1685 4153 1997 4217; x_wconf 89' lang='lat' dir='ltr'>sequentes,</span> <span class='ocrx_word' id='word_1_353' title='bbox 2032 4161 2154 4200; x_wconf 90' lang='lat' dir='ltr'>cum</span> 
     </span>
    </p>
   </div>
   <div class='ocr_carea' id='block_1_49' title="bbox 547 4233 2153 4306">
    <p class='ocr_par' dir='ltr' id='par_1_49' title="bbox 547 4233 2153 4306">
     <span class='ocr_line' id='line_1_49' title="bbox 547 4233 2153 4306; baseline -0.001 -17"><span class='ocrx_word' id='word_1_354' title='bbox 547 4233 646 4290; x_wconf 78' lang='lat' dir='ltr'>illo</span> <span class='ocrx_word' id='word_1_355' title='bbox 676 4235 808 4291; x_wconf 73' lang='lat' dir='ltr'>caeci</span> <span class='ocrx_word' id='word_1_356' title='bbox 836 4234 960 4292; x_wconf 81' lang='lat' dir='ltr'>facti</span> <span class='ocrx_word' id='word_1_357' title='bbox 1004 4235 1060 4290; x_wconf 89' lang='lat' dir='ltr'>in</span> <span class='ocrx_word' id='word_1_358' title='bbox 1103 4236 1316 4291; x_wconf 72' lang='lat' dir='ltr'>Arianae</span> <span class='ocrx_word' id='word_1_359' title='bbox 1364 4235 1643 4306; x_wconf 82' lang='lat' dir='ltr'>pravitatis</span> <span class='ocrx_word' id='word_1_360' title='bbox 1673 4233 1972 4304; x_wconf 67' lang='lat' dir='ltr'>praecipitia</span> <span class='ocrx_word' id='word_1_361' title='bbox 1995 4233 2153 4288; x_wconf 88' lang='lat' dir='ltr'>dela-</span> 
     </span>
    </p>
   </div>
   <div class='ocr_carea' id='block_1_50' title="bbox 547 4322 2154 4384">
    <p class='ocr_par' dir='ltr' id='par_1_50' title="bbox 547 4322 2154 4384">
     <span class='ocr_line' id='line_1_50' title="bbox 547 4322 2154 4384; baseline -0.004 0"><span class='ocrx_word' id='word_1_362' title='bbox 547 4322 752 4384; x_wconf 71' lang='lat' dir='ltr'>buntur</span> <span class='ocrx_word' id='word_1_363' title='bbox 776 4331 802 4359; x_wconf 76' lang='grc'><em>³</em></span> <span class='ocrx_word' id='word_1_364' title='bbox 835 4341 850 4380; x_wconf 90' lang='lat'><strong>:</strong></span> <span class='ocrx_word' id='word_1_365' title='bbox 883 4332 936 4380; x_wconf 90' lang='lat' dir='ltr'>et</span> <span class='ocrx_word' id='word_1_366' title='bbox 965 4326 1068 4379; x_wconf 87' lang='lat' dir='ltr'>hoc</span> <span class='ocrx_word' id='word_1_367' title='bbox 1097 4333 1180 4380; x_wconf 88' lang='lat' dir='ltr'>est</span> <span class='ocrx_word' id='word_1_368' title='bbox 1205 4325 1352 4379; x_wconf 91' lang='lat' dir='ltr'>unde</span> <span class='ocrx_word' id='word_1_369' title='bbox 1399 4325 1715 4379; x_wconf 87' lang='lat' dir='ltr'>Graecorum</span> <span class='ocrx_word' id='word_1_370' title='bbox 1762 4323 2002 4378; x_wconf 88' lang='lat' dir='ltr'>cavenda</span> <span class='ocrx_word' id='word_1_371' title='bbox 2031 4339 2154 4378; x_wconf 87' lang='lat' dir='ltr'>esse</span> 
     </span>
    </p>
   </div>
   <div class='ocr_carea' id='block_1_51' title="bbox 2268 615 3868 690">
    <p class='ocr_par' dir='ltr' id='par_1_51' title="bbox 2268 615 3868 690">
     <span class='ocr_line' id='line_1_51' title="bbox 2268 615 3868 690; baseline 0.001 -18"><span class='ocrx_word' id='word_1_372' title='bbox 2268 633 2416 672; x_wconf 89' lang='lat' dir='ltr'>mam</span> <span class='ocrx_word' id='word_1_373' title='bbox 2445 615 2609 672; x_wconf 82' lang='lat' dir='ltr'>fidem</span> <span class='ocrx_word' id='word_1_374' title='bbox 2637 618 2840 672; x_wconf 90' lang='lat' dir='ltr'>irritam</span> <span class='ocrx_word' id='word_1_375' title='bbox 2877 617 3100 683; x_wconf 88' lang='lat' dir='ltr'>faciunt,</span> <span class='ocrx_word' id='word_1_376' title='bbox 3152 625 3205 672; x_wconf 87' lang='lat' dir='ltr'>et</span> <span class='ocrx_word' id='word_1_377' title='bbox 3247 633 3367 673; x_wconf 89' lang='lat' dir='ltr'>cum</span> <span class='ocrx_word' id='word_1_378' title='bbox 3408 618 3495 672; x_wconf 87' lang='lat' dir='ltr'>his</span> <span class='ocrx_word' id='word_1_379' title='bbox 3541 633 3773 690; x_wconf 90' lang='lat' dir='ltr'>quorum</span> <span class='ocrx_word' id='word_1_380' title='bbox 3799 617 3868 674; x_wconf 82' lang='lat' dir='ltr'>li—</span> 
     </span>
    </p>
   </div>
   <div class='ocr_carea' id='block_1_52' title="bbox 2271 705 3867 777">
    <p class='ocr_par' dir='ltr' id='par_1_52' title="bbox 2271 705 3867 777">
     <span class='ocr_line' id='line_1_52' title="bbox 2271 705 3867 777; baseline 0.001 -17"><span class='ocrx_word' id='word_1_381' title='bbox 2271 706 2462 760; x_wconf 90' lang='lat' dir='ltr'>benter</span> <span class='ocrx_word' id='word_1_382' title='bbox 2501 705 2886 776; x_wconf 86' lang='lat' dir='ltr'>amplectimini</span> <span class='ocrx_word' id='word_1_383' title='bbox 2934 705 3255 777; x_wconf 91' lang='lat' dir='ltr'>portionem.</span> <span class='ocrx_word' id='word_1_384' title='bbox 3304 707 3467 762; x_wconf 87' lang='lat' dir='ltr'>Porro</span> <span class='ocrx_word' id='word_1_385' title='bbox 3525 707 3570 761; x_wconf 83' lang='lat' dir='ltr'>si</span> <span class='ocrx_word' id='word_1_386' title='bbox 3617 722 3720 761; x_wconf 92' lang='lat' dir='ltr'>nos</span> <span class='ocrx_word' id='word_1_387' title='bbox 3767 723 3867 762; x_wconf 89' lang='lat' dir='ltr'>au-</span> 
     </span>
    </p>
   </div>
   <div class='ocr_carea' id='block_1_53' title="bbox 2270 793 3867 868">
    <p class='ocr_par' dir='ltr' id='par_1_53' title="bbox 2270 793 3867 868">
     <span class='ocr_line' id='line_1_53' title="bbox 2270 793 3867 868; baseline 0.001 -19"><span class='ocrx_word' id='word_1_388' title='bbox 2270 793 2496 860; x_wconf 91' lang='lat' dir='ltr'>dieritis,</span> <span class='ocrx_word' id='word_1_389' title='bbox 2523 802 2575 848; x_wconf 88' lang='lat' dir='ltr'>et</span> <span class='ocrx_word' id='word_1_390' title='bbox 2625 796 2696 849; x_wconf 88' lang='lat' dir='ltr'>ad</span> <span class='ocrx_word' id='word_1_391' title='bbox 2745 795 2920 850; x_wconf 87' lang='lat' dir='ltr'>sancti</span> <span class='ocrx_word' id='word_1_392' title='bbox 2967 795 3111 849; x_wconf 88' lang='lat' dir='ltr'>Petri</span> <span class='ocrx_word' id='word_1_393' title='bbox 3157 794 3425 868; x_wconf 83' lang='lat' dir='ltr'>gremium</span> <span class='ocrx_word' id='word_1_394' title='bbox 3472 794 3763 861; x_wconf 86' lang='lat' dir='ltr'>redieritis,</span> <span class='ocrx_word' id='word_1_395' title='bbox 3809 805 3867 850; x_wconf 88' lang='lat' dir='ltr'>ut</span> 
     </span>
    </p>
   </div>
   <div class='ocr_carea' id='block_1_54' title="bbox 2269 881 3864 954">
    <p class='ocr_par' dir='ltr' id='par_1_54' title="bbox 2269 881 3864 954">
     <span class='ocr_line' id='line_1_54' title="bbox 2269 881 3864 954; baseline 0.002 -19"><span class='ocrx_word' id='word_1_396' title='bbox 2269 881 2408 936; x_wconf 84' lang='lat' dir='ltr'>filios</span> <span class='ocrx_word' id='word_1_397' title='bbox 2440 898 2537 936; x_wconf 91' lang='lat' dir='ltr'>vos</span> <span class='ocrx_word' id='word_1_398' title='bbox 2567 882 2965 938; x_wconf 89' lang='lat' dir='ltr'>amantissimos</span> <span class='ocrx_word' id='word_1_399' title='bbox 3002 883 3258 954; x_wconf 85' lang='lat' dir='ltr'>expansis</span> <span class='ocrx_word' id='word_1_400' title='bbox 3277 883 3482 938; x_wconf 89' lang='lat' dir='ltr'>sinibus</span> <span class='ocrx_word' id='word_1_401' title='bbox 3517 883 3864 953; x_wconf 88' lang='lat' dir='ltr'>recipiemus,</span> 
     </span>
    </p>
   </div>
   <div class='ocr_carea' id='block_1_55' title="bbox 2270 969 3868 1042">
    <p class='ocr_par' dir='ltr' id='par_1_55' title="bbox 2270 969 3868 1042">
     <span class='ocr_line' id='line_1_55' title="bbox 2270 969 3868 1042; baseline 0.001 -18"><span class='ocrx_word' id='word_1_402' title='bbox 2270 979 2322 1024; x_wconf 88' lang='lat' dir='ltr'>et</span> <span class='ocrx_word' id='word_1_403' title='bbox 2371 969 2570 1025; x_wconf 84' lang='lat' dir='ltr'>exertis</span> <span class='ocrx_word' id='word_1_404' title='bbox 2616 970 2854 1026; x_wconf 87' lang='lat' dir='ltr'>brachiis</span> <span class='ocrx_word' id='word_1_405' title='bbox 2899 971 3317 1042; x_wconf 78' lang='lat' dir='ltr'>amplectamur,</span> <span class='ocrx_word' id='word_1_406' title='bbox 3363 979 3416 1025; x_wconf 92' lang='lat' dir='ltr'>et</span> <span class='ocrx_word' id='word_1_407' title='bbox 3455 971 3510 1025; x_wconf 92' lang='lat' dir='ltr'>in</span> <span class='ocrx_word' id='word_1_408' title='bbox 3561 971 3868 1027; x_wconf 85' lang='lat' dir='ltr'>visceribus</span> 
     </span>
    </p>
   </div>
   <div class='ocr_carea' id='block_1_56' title="bbox 2269 1057 3869 1130">
    <p class='ocr_par' dir='ltr' id='par_1_56' title="bbox 2269 1057 3869 1130">
     <span class='ocr_line' id='line_1_56' title="bbox 2269 1057 3869 1130; baseline 0.001 -18"><span class='ocrx_word' id='word_1_409' title='bbox 2269 1057 2466 1112; x_wconf 87' lang='lat' dir='ltr'>Christi</span> <span class='ocrx_word' id='word_1_410' title='bbox 2507 1057 2814 1114; x_wconf 89' lang='lat' dir='ltr'>dilectionis</span> <span class='ocrx_word' id='word_1_411' title='bbox 2863 1075 3080 1129; x_wconf 89' lang='lat' dir='ltr'>semper</span> <span class='ocrx_word' id='word_1_412' title='bbox 3131 1058 3487 1127; x_wconf 89' lang='lat' dir='ltr'>habebimus;</span> <span class='ocrx_word' id='word_1_413' title='bbox 3537 1066 3590 1114; x_wconf 89' lang='lat' dir='ltr'>et</span> <span class='ocrx_word' id='word_1_414' title='bbox 3646 1059 3695 1114; x_wconf 89' lang='lat' dir='ltr'>si</span> <span class='ocrx_word' id='word_1_415' title='bbox 3761 1074 3869 1130; x_wconf 87' lang='lat' dir='ltr'>qua</span> 
     </span>
    </p>
   </div>
   <div class='ocr_carea' id='block_1_57' title="bbox 2270 1147 3871 1220">
    <p class='ocr_par' dir='ltr' id='par_1_57' title="bbox 2270 1147 3871 1220">
     <span class='ocr_line' id='line_1_57' title="bbox 2270 1147 3871 1220; baseline 0.001 -20"><span class='ocrx_word' id='word_1_416' title='bbox 2270 1153 2392 1200; x_wconf 90' lang='lat' dir='ltr'>sunt</span> <span class='ocrx_word' id='word_1_417' title='bbox 2422 1154 2626 1210; x_wconf 91' lang='lat' dir='ltr'>sancta,</span> <span class='ocrx_word' id='word_1_418' title='bbox 2659 1147 2706 1200; x_wconf 91' lang='lat' dir='ltr'>si</span> <span class='ocrx_word' id='word_1_419' title='bbox 2735 1161 2842 1218; x_wconf 88' lang='lat' dir='ltr'>qua</span> <span class='ocrx_word' id='word_1_420' title='bbox 2871 1147 3130 1213; x_wconf 89' lang='lat' dir='ltr'>salubria,</span> <span class='ocrx_word' id='word_1_421' title='bbox 3163 1147 3332 1218; x_wconf 87' lang='lat' dir='ltr'>siqua</span> <span class='ocrx_word' id='word_1_422' title='bbox 3352 1163 3614 1220; x_wconf 86' lang='lat' dir='ltr'>congrua,</span> <span class='ocrx_word' id='word_1_423' title='bbox 3638 1147 3796 1203; x_wconf 80' lang='lat' dir='ltr'>vobis</span> <span class='ocrx_word' id='word_1_424' title='bbox 3814 1157 3871 1202; x_wconf 87' lang='lat' dir='ltr'>et</span> 
     </span>
    </p>
   </div>
   <div class='ocr_carea' id='block_1_58' title="bbox 2267 1233 3864 1306">
    <p class='ocr_par' dir='ltr' id='par_1_58' title="bbox 2267 1233 3864 1306">
     <span class='ocr_line' id='line_1_58' title="bbox 2267 1233 3864 1306; baseline 0.001 -18"><span class='ocrx_word' id='word_1_425' title='bbox 2267 1250 2370 1305; x_wconf 90' lang='lat' dir='ltr'>pro</span> <span class='ocrx_word' id='word_1_426' title='bbox 2397 1235 2553 1289; x_wconf 88' lang='lat' dir='ltr'>vobis</span> <span class='ocrx_word' id='word_1_427' title='bbox 2583 1233 2783 1290; x_wconf 77' lang='lat' dir='ltr'>offerre</span> <span class='ocrx_word' id='word_1_428' title='bbox 2803 1242 2962 1306; x_wconf 90' lang='lat' dir='ltr'>atque</span> <span class='ocrx_word' id='word_1_429' title='bbox 2997 1235 3316 1306; x_wconf 87' lang='lat' dir='ltr'>impendere</span> <span class='ocrx_word' id='word_1_430' title='bbox 3353 1251 3462 1290; x_wconf 89' lang='lat' dir='ltr'>non</span> <span class='ocrx_word' id='word_1_431' title='bbox 3507 1235 3864 1291; x_wconf 87' lang='lat' dir='ltr'>cessabimus.</span> 
     </span>
    </p>
   </div>
   <div class='ocr_carea' id='block_1_59' title="bbox 2267 1322 3865 1395">
    <p class='ocr_par' dir='ltr' id='par_1_59' title="bbox 2267 1322 3865 1395">
     <span class='ocr_line' id='line_1_59' title="bbox 2267 1322 3865 1395; baseline 0.002 -19"><span class='ocrx_word' id='word_1_432' title='bbox 2267 1322 2507 1377; x_wconf 86' lang='lat' dir='ltr'>Xenium</span> <span class='ocrx_word' id='word_1_433' title='bbox 2537 1323 2694 1378; x_wconf 92' lang='lat' dir='ltr'>nobis</span> <span class='ocrx_word' id='word_1_434' title='bbox 2724 1339 2788 1377; x_wconf 84' lang='lat' dir='ltr'>ex</span> <span class='ocrx_word' id='word_1_435' title='bbox 2834 1323 2987 1378; x_wconf 83' lang='lat' dir='ltr'>vobis</span> <span class='ocrx_word' id='word_1_436' title='bbox 3033 1323 3430 1389; x_wconf 90' lang='lat' dir='ltr'>transmissum;</span> <span class='ocrx_word' id='word_1_437' title='bbox 3465 1323 3740 1395; x_wconf 85' lang='lat' dir='ltr'>quondam</span> <span class='ocrx_word' id='word_1_438' title='bbox 3770 1339 3865 1379; x_wconf 85' lang='lat' dir='ltr'>re-</span> 
     </span>
    </p>
   </div>
   <div class='ocr_carea' id='block_1_60' title="bbox 2266 1410 3867 1484">
    <p class='ocr_par' dir='ltr' id='par_1_60' title="bbox 2266 1410 3867 1484">
     <span class='ocr_line' id='line_1_60' title="bbox 2266 1410 3867 1484; baseline 0.002 -20"><span class='ocrx_word' id='word_1_439' title='bbox 2266 1410 2449 1484; x_wconf 86' lang='lat' dir='ltr'>ligiosi</span> <span class='ocrx_word' id='word_1_440' title='bbox 2477 1411 2692 1466; x_wconf 90' lang='lat' dir='ltr'>habitus</span> <span class='ocrx_word' id='word_1_441' title='bbox 2731 1413 2868 1467; x_wconf 91' lang='lat' dir='ltr'>Urso</span> <span class='ocrx_word' id='word_1_442' title='bbox 2898 1410 3197 1477; x_wconf 85' lang='lat' dir='ltr'>deferente,</span> <span class='ocrx_word' id='word_1_443' title='bbox 3247 1411 3619 1482; x_wconf 88' lang='lat' dir='ltr'>suscepimus;</span> <span class='ocrx_word' id='word_1_444' title='bbox 3651 1412 3719 1467; x_wconf 90' lang='lat' dir='ltr'>de</span> <span class='ocrx_word' id='word_1_445' title='bbox 3757 1427 3867 1484; x_wconf 89' lang='lat' dir='ltr'>quo</span> 
     </span>
    </p>
   </div>
   <div class='ocr_carea' id='block_1_61' title="bbox 2267 1499 3868 1572">
    <p class='ocr_par' dir='ltr' id='par_1_61' title="bbox 2267 1499 3868 1572">
     <span class='ocr_line' id='line_1_61' title="bbox 2267 1499 3868 1572; baseline 0.001 -18"><span class='ocrx_word' id='word_1_446' title='bbox 2267 1499 2586 1571; x_wconf 86' lang='lat' dir='ltr'>benignitati</span> <span class='ocrx_word' id='word_1_447' title='bbox 2635 1508 2831 1555; x_wconf 65' lang='lat' dir='ltr'>vestra:</span> <span class='ocrx_word' id='word_1_448' title='bbox 2874 1501 3073 1572; x_wconf 87' lang='lat' dir='ltr'>gratias</span> <span class='ocrx_word' id='word_1_449' title='bbox 3115 1509 3358 1571; x_wconf 84' lang='lat' dir='ltr'>agentes,</span> <span class='ocrx_word' id='word_1_450' title='bbox 3409 1502 3580 1556; x_wconf 90' lang='lat' dir='ltr'>Deum</span> <span class='ocrx_word' id='word_1_451' title='bbox 3622 1501 3868 1556; x_wconf 82' lang='lat' dir='ltr'>laudavi-</span> 
     </span>
    </p>
   </div>
   <div class='ocr_carea' id='block_1_62' title="bbox 2265 1587 3862 1659">
    <p class='ocr_par' dir='ltr' id='par_1_62' title="bbox 2265 1587 3862 1659">
     <span class='ocr_line' id='line_1_62' title="bbox 2265 1587 3862 1659; baseline 0.001 -17"><span class='ocrx_word' id='word_1_452' title='bbox 2265 1605 2407 1654; x_wconf 90' lang='lat' dir='ltr'>mus,</span> <span class='ocrx_word' id='word_1_453' title='bbox 2457 1588 2552 1659; x_wconf 90' lang='lat' dir='ltr'>qui</span> <span class='ocrx_word' id='word_1_454' title='bbox 2599 1597 2649 1642; x_wconf 91' lang='lat' dir='ltr'>te</span> <span class='ocrx_word' id='word_1_455' title='bbox 2691 1589 2849 1643; x_wconf 89' lang='lat' dir='ltr'>nobis</span> <span class='ocrx_word' id='word_1_456' title='bbox 2901 1589 3098 1644; x_wconf 87' lang='lat' dir='ltr'>devote</span> <span class='ocrx_word' id='word_1_457' title='bbox 3157 1605 3356 1642; x_wconf 91' lang='lat' dir='ltr'>munus</span> <span class='ocrx_word' id='word_1_458' title='bbox 3390 1587 3588 1644; x_wconf 72' lang='lat' dir='ltr'>offerre</span> <span class='ocrx_word' id='word_1_459' title='bbox 3633 1589 3862 1656; x_wconf 87' lang='lat' dir='ltr'>docuit;</span> 
     </span>
    </p>
   </div>
   <div class='ocr_carea' id='block_1_63' title="bbox 2193 1676 3867 1768">
    <p class='ocr_par' dir='ltr' id='par_1_63' title="bbox 2193 1676 3867 1768">
     <span class='ocr_line' id='line_1_63' title="bbox 2193 1676 3867 1768; baseline 0.001 -38"><span class='ocrx_word' id='word_1_460' title='bbox 2193 1704 2247 1768; x_wconf 76' lang='grc' dir='ltr'>Β</span> <span class='ocrx_word' id='word_1_461' title='bbox 2267 1677 2612 1746; x_wconf 88' lang='lat' dir='ltr'>temetipsum</span> <span class='ocrx_word' id='word_1_462' title='bbox 2641 1677 2746 1732; x_wconf 93' lang='lat' dir='ltr'>cito</span> <span class='ocrx_word' id='word_1_463' title='bbox 2774 1685 2967 1742; x_wconf 85' lang='lat' dir='ltr'>totum,</span> <span class='ocrx_word' id='word_1_464' title='bbox 2999 1685 3056 1731; x_wconf 89' lang='lat' dir='ltr'>ut</span> <span class='ocrx_word' id='word_1_465' title='bbox 3087 1676 3443 1743; x_wconf 86' lang='lat' dir='ltr'>conﬁdimus,</span> <span class='ocrx_word' id='word_1_466' title='bbox 3475 1685 3528 1732; x_wconf 91' lang='lat' dir='ltr'>et</span> <span class='ocrx_word' id='word_1_467' title='bbox 3563 1676 3867 1749; x_wconf 80' lang='lat' dir='ltr'>perfectum</span> 
     </span>
    </p>
   </div>
   <div class='ocr_carea' id='block_1_64' title="bbox 2269 1765 3863 1838">
    <p class='ocr_par' dir='ltr' id='par_1_64' title="bbox 2269 1765 3863 1838">
     <span class='ocr_line' id='line_1_64' title="bbox 2269 1765 3863 1838; baseline 0.001 -20"><span class='ocrx_word' id='word_1_468' title='bbox 2269 1765 2510 1819; x_wconf 89' lang='lat' dir='ltr'>daturus.</span> <span class='ocrx_word' id='word_1_469' title='bbox 2547 1765 2810 1820; x_wconf 71' lang='lat' dir='ltr'>Caeterum</span> <span class='ocrx_word' id='word_1_470' title='bbox 2853 1765 3024 1836; x_wconf 87' lang='lat' dir='ltr'>gloria</span> <span class='ocrx_word' id='word_1_471' title='bbox 3070 1773 3251 1820; x_wconf 90' lang='lat' dir='ltr'>vestra</span> <span class='ocrx_word' id='word_1_472' title='bbox 3298 1766 3432 1822; x_wconf 85' lang='lat' dir='ltr'>sciat</span> <span class='ocrx_word' id='word_1_473' title='bbox 3479 1765 3729 1838; x_wconf 86' lang='lat' dir='ltr'>Sergium</span> <span class='ocrx_word' id='word_1_474' title='bbox 3761 1783 3863 1820; x_wconf 89' lang='lat' dir='ltr'>eu-</span> 
     </span>
    </p>
   </div>
   <div class='ocr_carea' id='block_1_65' title="bbox 2263 1853 3866 1925">
    <p class='ocr_par' dir='ltr' id='par_1_65' title="bbox 2263 1853 3866 1925">
     <span class='ocr_line' id='line_1_65' title="bbox 2263 1853 3866 1925; baseline 0.001 -17"><span class='ocrx_word' id='word_1_475' title='bbox 2263 1853 2522 1920; x_wconf 89' lang='lat' dir='ltr'>nuchum,</span> <span class='ocrx_word' id='word_1_476' title='bbox 2563 1853 2656 1924; x_wconf 89' lang='lat' dir='ltr'>qui</span> <span class='ocrx_word' id='word_1_477' title='bbox 2699 1868 2824 1908; x_wconf 90' lang='lat' dir='ltr'>cum</span> <span class='ocrx_word' id='word_1_478' title='bbox 2869 1869 3072 1925; x_wconf 85' lang='lat' dir='ltr'>genere</span> <span class='ocrx_word' id='word_1_479' title='bbox 3119 1853 3344 1909; x_wconf 88' lang='lat' dir='ltr'>Sclavus</span> <span class='ocrx_word' id='word_1_480' title='bbox 3386 1862 3550 1920; x_wconf 90' lang='lat' dir='ltr'>esset,</span> <span class='ocrx_word' id='word_1_481' title='bbox 3584 1863 3636 1908; x_wconf 90' lang='lat' dir='ltr'>et</span> <span class='ocrx_word' id='word_1_482' title='bbox 3679 1853 3866 1909; x_wconf 91' lang='lat' dir='ltr'>multis</span> 
     </span>
    </p>
   </div>
   <div class='ocr_carea' id='block_1_66' title="bbox 2263 1941 3864 2014">
    <p class='ocr_par' dir='ltr' id='par_1_66' title="bbox 2263 1941 3864 2014">
     <span class='ocr_line' id='line_1_66' title="bbox 2263 1941 3864 2014; baseline 0.002 -20"><span class='ocrx_word' id='word_1_483' title='bbox 2263 1941 2618 2010; x_wconf 82' lang='lat' dir='ltr'>pravitatibus</span> <span class='ocrx_word' id='word_1_484' title='bbox 2665 1941 2938 2011; x_wconf 88' lang='lat' dir='ltr'>irretitus,</span> <span class='ocrx_word' id='word_1_485' title='bbox 2986 1942 3350 1998; x_wconf 88' lang='lat' dir='ltr'>sacerdotium</span> <span class='ocrx_word' id='word_1_486' title='bbox 3400 1957 3501 2012; x_wconf 88' lang='lat' dir='ltr'>per</span> <span class='ocrx_word' id='word_1_487' title='bbox 3549 1942 3864 2014; x_wconf 88' lang='lat' dir='ltr'>subreptio-</span> 
     </span>
    </p>
   </div>
   <div class='ocr_carea' id='block_1_67' title="bbox 2262 2029 3866 2100">
    <p class='ocr_par' dir='ltr' id='par_1_67' title="bbox 2262 2029 3866 2100">
     <span class='ocr_line' id='line_1_67' title="bbox 2262 2029 3866 2100; baseline 0.001 -17"><span class='ocrx_word' id='word_1_488' title='bbox 2262 2044 2389 2083; x_wconf 90' lang='lat' dir='ltr'>nem</span> <span class='ocrx_word' id='word_1_489' title='bbox 2419 2029 2685 2094; x_wconf 87' lang='lat' dir='ltr'>obtinuit;</span> <span class='ocrx_word' id='word_1_490' title='bbox 2717 2037 2770 2083; x_wconf 90' lang='lat' dir='ltr'>et</span> <span class='ocrx_word' id='word_1_491' title='bbox 2797 2037 2919 2100; x_wconf 87' lang='lat' dir='ltr'>post</span> <span class='ocrx_word' id='word_1_492' title='bbox 2949 2029 3112 2084; x_wconf 88' lang='lat' dir='ltr'>ctiam</span> <span class='ocrx_word' id='word_1_493' title='bbox 3155 2046 3318 2100; x_wconf 89' lang='lat' dir='ltr'>super</span> <span class='ocrx_word' id='word_1_494' title='bbox 3359 2029 3479 2084; x_wconf 82' lang='lat' dir='ltr'>aliis</span> <span class='ocrx_word' id='word_1_495' title='bbox 3525 2030 3773 2085; x_wconf 89' lang='lat' dir='ltr'>detectus</span> <span class='ocrx_word' id='word_1_496' title='bbox 3811 2039 3866 2086; x_wconf 90' lang='lat' dir='ltr'>et</span> 
     </span>
    </p>
   </div>
   <div class='ocr_carea' id='block_1_68' title="bbox 2264 2117 3865 2189">
    <p class='ocr_par' dir='ltr' id='par_1_68' title="bbox 2264 2117 3865 2189">
     <span class='ocr_line' id='line_1_68' title="bbox 2264 2117 3865 2189; baseline 0 -16"><span class='ocrx_word' id='word_1_497' title='bbox 2264 2117 2546 2173; x_wconf 89' lang='lat' dir='ltr'>convictus</span> <span class='ocrx_word' id='word_1_498' title='bbox 2573 2117 2905 2184; x_wconf 86' lang='lat' dir='ltr'>excessibus,</span> <span class='ocrx_word' id='word_1_499' title='bbox 2936 2118 3006 2173; x_wconf 89' lang='lat' dir='ltr'>ab</span> <span class='ocrx_word' id='word_1_500' title='bbox 3033 2117 3290 2189; x_wconf 83' lang='lat' dir='ltr'>episcOpo</span> <span class='ocrx_word' id='word_1_501' title='bbox 3311 2127 3438 2174; x_wconf 88' lang='lat' dir='ltr'>tunc</span> <span class='ocrx_word' id='word_1_502' title='bbox 3459 2134 3558 2173; x_wconf 91' lang='lat' dir='ltr'>suo</span> <span class='ocrx_word' id='word_1_503' title='bbox 3580 2117 3865 2189; x_wconf 90' lang='lat' dir='ltr'>depositus</span> 
     </span>
    </p>
   </div>
   <div class='ocr_carea' id='block_1_69' title="bbox 2263 2203 3860 2278">
    <p class='ocr_par' dir='ltr' id='par_1_69' title="bbox 2263 2203 3860 2278">
     <span class='ocr_line' id='line_1_69' title="bbox 2263 2203 3860 2278; baseline 0.002 -19"><span class='ocrx_word' id='word_1_504' title='bbox 2263 2203 2430 2260; x_wconf 86' lang='lat' dir='ltr'>fuisse</span> <span class='ocrx_word' id='word_1_505' title='bbox 2460 2205 2820 2276; x_wconf 88' lang='lat' dir='ltr'>dignoscitur,</span> <span class='ocrx_word' id='word_1_506' title='bbox 2853 2215 2906 2261; x_wconf 90' lang='lat' dir='ltr'>et</span> <span class='ocrx_word' id='word_1_507' title='bbox 2937 2214 3058 2277; x_wconf 89' lang='lat' dir='ltr'>post</span> <span class='ocrx_word' id='word_1_508' title='bbox 3099 2207 3320 2278; x_wconf 86' lang='lat' dir='ltr'>indigne</span> <span class='ocrx_word' id='word_1_509' title='bbox 3368 2207 3495 2260; x_wconf 86' lang='lat' dir='ltr'>satis</span> <span class='ocrx_word' id='word_1_510' title='bbox 3523 2223 3554 2260; x_wconf 89' lang='lat' dir='ltr'>a</span> <span class='ocrx_word' id='word_1_511' title='bbox 3596 2206 3860 2277; x_wconf 88' lang='lat' dir='ltr'>Georgio,</span> 
     </span>
    </p>
   </div>
   <div class='ocr_carea' id='block_1_70' title="bbox 2265 2292 3863 2365">
    <p class='ocr_par' dir='ltr' id='par_1_70' title="bbox 2265 2292 3863 2365">
     <span class='ocr_line' id='line_1_70' title="bbox 2265 2292 3863 2365; baseline 0.002 -19"><span class='ocrx_word' id='word_1_512' title='bbox 2265 2293 2357 2364; x_wconf 89' lang='lat' dir='ltr'>qui</span> <span class='ocrx_word' id='word_1_513' title='bbox 2386 2292 2659 2348; x_wconf 82' lang='lat' dir='ltr'>falsosibi</span> <span class='ocrx_word' id='word_1_514' title='bbox 2689 2294 2929 2365; x_wconf 89' lang='lat' dir='ltr'>episcopi</span> <span class='ocrx_word' id='word_1_515' title='bbox 2959 2310 3160 2349; x_wconf 88' lang='lat' dir='ltr'>nomen</span> <span class='ocrx_word' id='word_1_516' title='bbox 3187 2303 3440 2365; x_wconf 88' lang='lat' dir='ltr'>usurpat,</span> <span class='ocrx_word' id='word_1_517' title='bbox 3470 2295 3540 2349; x_wconf 85' lang='lat' dir='ltr'>ad</span> <span class='ocrx_word' id='word_1_518' title='bbox 3571 2293 3863 2365; x_wconf 87' lang='lat' dir='ltr'>episcopa-</span> 
     </span>
    </p>
   </div>
   <div class='ocr_carea' id='block_1_71' title="bbox 2264 2381 3860 2454">
    <p class='ocr_par' dir='ltr' id='par_1_71' title="bbox 2264 2381 3860 2454">
     <span class='ocr_line' id='line_1_71' title="bbox 2264 2381 3860 2454; baseline 0.003 -20"><span class='ocrx_word' id='word_1_519' title='bbox 2264 2388 2377 2434; x_wconf 91' lang='lat' dir='ltr'>tum</span> <span class='ocrx_word' id='word_1_520' title='bbox 2435 2381 2893 2454; x_wconf 88' lang='lat' dir='ltr'>Belogradensem</span> <span class='ocrx_word' id='word_1_521' title='bbox 2966 2391 3254 2452; x_wconf 89' lang='lat' dir='ltr'>provectus</span> <span class='ocrx_word' id='word_1_522' title='bbox 3307 2390 3421 2448; x_wconf 88' lang='lat' dir='ltr'>est,</span> <span class='ocrx_word' id='word_1_523' title='bbox 3489 2382 3860 2453; x_wconf 88' lang='lat' dir='ltr'>apostolorum</span> 
     </span>
    </p>
   </div>
   <div class='ocr_carea' id='block_1_72' title="bbox 2262 2468 3858 2540">
    <p class='ocr_par' dir='ltr' id='par_1_72' title="bbox 2262 2468 3858 2540">
     <span class='ocr_line' id='line_1_72' title="bbox 2262 2468 3858 2540; baseline 0.003 -18"><span class='ocrx_word' id='word_1_524' title='bbox 2262 2468 2568 2540; x_wconf 87' lang='lat' dir='ltr'>principum</span> <span class='ocrx_word' id='word_1_525' title='bbox 2592 2511 2605 2538; x_wconf 94' lang='lat'>,</span> <span class='ocrx_word' id='word_1_526' title='bbox 2681 2479 2734 2526; x_wconf 89' lang='lat' dir='ltr'>et</span> <span class='ocrx_word' id='word_1_527' title='bbox 2804 2477 3113 2526; x_wconf 87' lang='lat' dir='ltr'>sanctorum</span> <span class='ocrx_word' id='word_1_528' title='bbox 3176 2487 3444 2526; x_wconf 89' lang='lat' dir='ltr'>canonum</span> <span class='ocrx_word' id='word_1_529' title='bbox 3513 2471 3858 2537; x_wconf 86' lang='lat' dir='ltr'>auctoritate,</span> 
     </span>
    </p>
   </div>
   <div class='ocr_carea' id='block_1_73' title="bbox 2265 2556 3862 2632">
    <p class='ocr_par' dir='ltr' id='par_1_73' title="bbox 2265 2556 3862 2632">
     <span class='ocr_line' id='line_1_73' title="bbox 2265 2556 3862 2632; baseline 0.004 -22"><span class='ocrx_word' id='word_1_530' title='bbox 2265 2556 2424 2611; x_wconf 88' lang='lat' dir='ltr'>etiam</span> <span class='ocrx_word' id='word_1_531' title='bbox 2453 2559 2624 2612; x_wconf 88' lang='lat' dir='ltr'>nostri</span> <span class='ocrx_word' id='word_1_532' title='bbox 2657 2574 2780 2614; x_wconf 90' lang='lat' dir='ltr'>esse</span> <span class='ocrx_word' id='word_1_533' title='bbox 2809 2559 3073 2613; x_wconf 89' lang='lat' dir='ltr'>sententia</span> <span class='ocrx_word' id='word_1_534' title='bbox 3104 2559 3312 2615; x_wconf 89' lang='lat' dir='ltr'>decreti</span> <span class='ocrx_word' id='word_1_535' title='bbox 3339 2559 3645 2630; x_wconf 88' lang='lat' dir='ltr'>depositum</span> <span class='ocrx_word' id='word_1_536' title='bbox 3674 2577 3688 2614; x_wconf 89' lang='lat'><strong>:</strong></span> <span class='ocrx_word' id='word_1_537' title='bbox 3713 2560 3862 2632; x_wconf 90' lang='lat' dir='ltr'>quod</span> 
     </span>
    </p>
   </div>
   <div class='ocr_carea' id='block_1_74' title="bbox 2262 2645 3861 2720">
    <p class='ocr_par' dir='ltr' id='par_1_74' title="bbox 2262 2645 3861 2720">
     <span class='ocr_line' id='line_1_74' title="bbox 2262 2645 3861 2720; baseline 0.003 -21"><span class='ocrx_word' id='word_1_538' title='bbox 2262 2653 2372 2699; x_wconf 89' lang='lat' dir='ltr'>tam</span> <span class='ocrx_word' id='word_1_539' title='bbox 2397 2645 2553 2700; x_wconf 89' lang='lat' dir='ltr'>vobis</span> <span class='ocrx_word' id='word_1_540' title='bbox 2601 2662 2756 2716; x_wconf 89' lang='lat' dir='ltr'>quam</span> <span class='ocrx_word' id='word_1_541' title='bbox 2801 2655 2997 2702; x_wconf 67' lang='lat' dir='ltr'>vestra:</span> <span class='ocrx_word' id='word_1_542' title='bbox 3044 2647 3284 2702; x_wconf 90' lang='lat' dir='ltr'>omnium</span> <span class='ocrx_word' id='word_1_543' title='bbox 3327 2647 3670 2720; x_wconf 82' lang='lat' dir='ltr'>generalitati</span> <span class='ocrx_word' id='word_1_544' title='bbox 3695 2663 3861 2704; x_wconf 89' lang='lat' dir='ltr'>cano-</span> 
     </span>
    </p>
   </div>
   <div class='ocr_carea' id='block_1_75' title="bbox 2261 2732 3860 2806">
    <p class='ocr_par' dir='ltr' id='par_1_75' title="bbox 2261 2732 3860 2806">
     <span class='ocr_line' id='line_1_75' title="bbox 2261 2732 3860 2806; baseline 0.003 -20"><span class='ocrx_word' id='word_1_545' title='bbox 2261 2732 2381 2788; x_wconf 89' lang='lat' dir='ltr'>nice</span> <span class='ocrx_word' id='word_1_546' title='bbox 2410 2733 2788 2803; x_wconf 74' lang='lat' dir='ltr'>patefecimus,</span> <span class='ocrx_word' id='word_1_547' title='bbox 2821 2743 2879 2789; x_wconf 89' lang='lat' dir='ltr'>ut</span> <span class='ocrx_word' id='word_1_548' title='bbox 2923 2734 2977 2788; x_wconf 91' lang='lat' dir='ltr'>hi</span> <span class='ocrx_word' id='word_1_549' title='bbox 3022 2735 3112 2806; x_wconf 91' lang='lat' dir='ltr'>qui</span> <span class='ocrx_word' id='word_1_550' title='bbox 3151 2735 3474 2804; x_wconf 87' lang='lat' dir='ltr'>abjiciuntur</span> <span class='ocrx_word' id='word_1_551' title='bbox 3504 2736 3576 2791; x_wconf 85' lang='lat' dir='ltr'>ab</span> <span class='ocrx_word' id='word_1_552' title='bbox 3601 2735 3722 2790; x_wconf 88' lang='lat' dir='ltr'>aliis</span> <span class='ocrx_word' id='word_1_553' title='bbox 3751 2753 3860 2792; x_wconf 89' lang='lat' dir='ltr'>non</span> 
     </span>
    </p>
   </div>
   <div class='ocr_carea' id='block_1_76' title="bbox 2264 2821 3856 2895">
    <p class='ocr_par' dir='ltr' id='par_1_76' title="bbox 2264 2821 3856 2895">
     <span class='ocr_line' id='line_1_76' title="bbox 2264 2821 3856 2895; baseline 0.003 -21"><span class='ocrx_word' id='word_1_554' title='bbox 2264 2821 2592 2893; x_wconf 86' lang='lat' dir='ltr'>recipiantur</span> <span class='ocrx_word' id='word_1_555' title='bbox 2616 2823 2850 2894; x_wconf 65' lang='lat' dir='ltr'>(Nicten.</span> <span class='ocrx_word' id='word_1_556' title='bbox 2884 2839 2932 2878; x_wconf 92' lang='lat' dir='ltr'>c.</span> <span class='ocrx_word' id='word_1_557' title='bbox 2975 2827 3030 2893; x_wconf 76' lang='grc' dir='ltr'>ὃ)</span> <span class='ocrx_word' id='word_1_558' title='bbox 3061 2841 3074 2877; x_wconf 93' lang='lat'><strong>:</strong></span> <span class='ocrx_word' id='word_1_559' title='bbox 3109 2841 3196 2890; x_wconf 89' lang='lat' dir='ltr'>ne,</span> <span class='ocrx_word' id='word_1_560' title='bbox 3243 2825 3386 2894; x_wconf 86' lang='lat' dir='ltr'>quod</span> <span class='ocrx_word' id='word_1_561' title='bbox 3430 2839 3541 2879; x_wconf 90' lang='lat' dir='ltr'>non</span> <span class='ocrx_word' id='word_1_562' title='bbox 3585 2833 3856 2895; x_wconf 84' lang='lat' dir='ltr'>optamus,</span> 
     </span>
    </p>
   </div>
   <div class='ocr_carea' id='block_1_77' title="bbox 2263 2909 3857 2981">
    <p class='ocr_par' dir='ltr' id='par_1_77' title="bbox 2263 2909 3857 2981">
     <span class='ocr_line' id='line_1_77' title="bbox 2263 2909 3857 2981; baseline 0.004 -19"><span class='ocrx_word' id='word_1_563' title='bbox 2263 2909 2422 2965; x_wconf 91' lang='lat' dir='ltr'>simili</span> <span class='ocrx_word' id='word_1_564' title='bbox 2451 2922 2577 2965; x_wconf 88' lang='lat' dir='ltr'>cum</span> <span class='ocrx_word' id='word_1_565' title='bbox 2606 2910 2685 2966; x_wconf 90' lang='lat' dir='ltr'>eis</span> <span class='ocrx_word' id='word_1_566' title='bbox 2721 2927 2886 2981; x_wconf 79' lang='lat' dir='ltr'>poma</span> <span class='ocrx_word' id='word_1_567' title='bbox 2925 2911 3114 2981; x_wconf 92' lang='lat' dir='ltr'>judicii</span> <span class='ocrx_word' id='word_1_568' title='bbox 3156 2920 3410 2966; x_wconf 87' lang='lat' dir='ltr'>tcnantur</span> <span class='ocrx_word' id='word_1_569' title='bbox 3447 2911 3673 2968; x_wconf 88' lang='lat' dir='ltr'>astricti.</span> <span class='ocrx_word' id='word_1_570' title='bbox 3717 2914 3857 2968; x_wconf 90' lang='lat' dir='ltr'>Data</span> 
     </span>
    </p>
   </div>
   <div class='ocr_carea' id='block_1_78' title="bbox 2261 2997 3397 3069">
    <p class='ocr_par' dir='ltr' id='par_1_78' title="bbox 2261 2997 3397 3069">
     <span class='ocr_line' id='line_1_78' title="bbox 2261 2997 3397 3069; baseline 0.001 -17"><span class='ocrx_word' id='word_1_571' title='bbox 2261 2997 2350 3052; x_wconf 91' lang='lat' dir='ltr'>die</span> <span class='ocrx_word' id='word_1_572' title='bbox 2379 3013 2479 3052; x_wconf 75' lang='lat' dir='ltr'>xvr</span> <span class='ocrx_word' id='word_1_573' title='bbox 2507 2998 2710 3054; x_wconf 90' lang='lat' dir='ltr'>mensis</span> <span class='ocrx_word' id='word_1_574' title='bbox 2741 2999 2960 3069; x_wconf 86' lang='lat' dir='ltr'>Aprilis,</span> <span class='ocrx_word' id='word_1_575' title='bbox 2997 2999 3289 3055; x_wconf 89' lang='lat' dir='ltr'>indictione</span> <span class='ocrx_word' id='word_1_576' title='bbox 3319 3015 3397 3054; x_wconf 73' lang='lat' dir='ltr'>xx.</span> 
     </span>
    </p>
   </div>
   <div class='ocr_carea' id='block_1_79' title="bbox 2977 3106 3117 3160">
    <p class='ocr_par' dir='ltr' id='par_1_79' title="bbox 2977 3106 3117 3160">
     <span class='ocr_line' id='line_1_79' title="bbox 2977 3106 3117 3160; baseline 0 0"><span class='ocrx_word' id='word_1_577' title='bbox 2977 3106 3095 3160; x_wconf 85' lang='lat' dir='ltr'>CIX</span> <span class='ocrx_word' id='word_1_578' title='bbox 3105 3147 3117 3160; x_wconf 94' lang='lat'>.</span> 
     </span>
    </p>
   </div>
   <div class='ocr_carea' id='block_1_80' title="bbox 2739 3209 3373 3250">
    <p class='ocr_par' dir='ltr' id='par_1_80' title="bbox 2739 3209 3373 3250">
     <span class='ocr_line' id='line_1_80' title="bbox 2739 3209 3373 3250; baseline 0.005 -3"><span class='ocrx_word' id='word_1_579' title='bbox 2739 3209 2813 3248; x_wconf 79' lang='grc' dir='ltr'>ΑΒ</span> <span class='ocrx_word' id='word_1_580' title='bbox 2850 3209 3071 3250; x_wconf 73' lang='lat' dir='ltr'>PETRUM</span> <span class='ocrx_word' id='word_1_581' title='bbox 3110 3211 3373 3250; x_wconf 72' lang='lat' dir='ltr'>COMI&#39;I‘EH.</span> 
     </span>
    </p>
   </div>
   <div class='ocr_carea' id='block_1_81' title="bbox 2874 3283 3234 3356">
    <p class='ocr_par' dir='ltr' id='par_1_81' title="bbox 2874 3283 3234 3356">
     <span class='ocr_line' id='line_1_81' title="bbox 2874 3283 3234 3356; baseline 0.003 -19"><span class='ocrx_word' id='word_1_582' title='bbox 2874 3283 3054 3354; x_wconf 87' lang='lat' dir='ltr'>(Anno</span> <span class='ocrx_word' id='word_1_583' title='bbox 3085 3285 3234 3356; x_wconf 80' lang='lat'>878.)</span> 
     </span>
    </p>
   </div>
   <div class='ocr_carea' id='block_1_82' title="bbox 2257 3367 3854 3430">
    <p class='ocr_par' dir='ltr' id='par_1_82' title="bbox 2257 3367 3854 3430">
     <span class='ocr_line' id='line_1_82' title="bbox 2257 3367 3854 3430; baseline 0.005 -14"><span class='ocrx_word' id='word_1_584' title='bbox 2257 3367 2406 3416; x_wconf 70' lang='lat' dir='ltr'>Missa</span> <span class='ocrx_word' id='word_1_585' title='bbox 2425 3379 2517 3424; x_wconf 87' lang='lat' dir='ltr'>per</span> <span class='ocrx_word' id='word_1_586' title='bbox 2538 3369 2746 3416; x_wconf 78' lang='lat' dir='ltr'>Paulum</span> <span class='ocrx_word' id='word_1_587' title='bbox 2767 3373 2816 3416; x_wconf 90' lang='lat' dir='ltr'>et</span> <span class='ocrx_word' id='word_1_588' title='bbox 2837 3371 3120 3425; x_wconf 79' lang='lat' dir='ltr'>Eugenium</span> <span class='ocrx_word' id='word_1_589' title='bbox 3150 3372 3430 3430; x_wconf 83' lang='lat' dir='ltr'>episcopos,</span> <span class='ocrx_word' id='word_1_590' title='bbox 3473 3381 3649 3422; x_wconf 79' lang='lat' dir='ltr'>menso</span> <span class='ocrx_word' id='word_1_591' title='bbox 3679 3374 3854 3430; x_wconf 80' lang='lat' dir='ltr'>Aprili.</span> 
     </span>
    </p>
   </div>
   <div class='ocr_carea' id='block_1_83' title="bbox 2753 3442 3360 3498">
    <p class='ocr_par' dir='ltr' id='par_1_83' title="bbox 2753 3442 3360 3498">
     <span class='ocr_line' id='line_1_83' title="bbox 2753 3442 3360 3498; baseline 0.005 -12"><span class='ocrx_word' id='word_1_592' title='bbox 2753 3442 2837 3487; x_wconf 90' lang='lat' dir='ltr'>die</span> <span class='ocrx_word' id='word_1_593' title='bbox 2866 3452 2964 3498; x_wconf 79' lang='lat' dir='ltr'>xvi,</span> <span class='ocrx_word' id='word_1_594' title='bbox 2997 3442 3271 3489; x_wconf 81' lang='lat' dir='ltr'>indictione</span> <span class='ocrx_word' id='word_1_595' title='bbox 3292 3454 3360 3489; x_wconf 83' lang='lat' dir='ltr'>x1.</span> 
     </span>
    </p>
   </div>
   <div class='ocr_carea' id='block_1_84' title="bbox 2257 3526 3856 3600">
    <p class='ocr_par' dir='ltr' id='par_1_84' title="bbox 2257 3526 3856 3600">
     <span class='ocr_line' id='line_1_84' title="bbox 2257 3526 3856 3600; baseline 0.004 -20"><span class='ocrx_word' id='word_1_596' title='bbox 2257 3526 2528 3582; x_wconf 85' lang='lat' dir='ltr'>Hortatur</span> <span class='ocrx_word' id='word_1_597' title='bbox 2555 3531 2620 3583; x_wconf 88' lang='lat' dir='ltr'>ut</span> <span class='ocrx_word' id='word_1_598' title='bbox 2651 3527 2973 3583; x_wconf 85' lang='lat' dir='ltr'>MichaeIe-m</span> <span class='ocrx_word' id='word_1_599' title='bbox 2992 3545 3174 3600; x_wconf 79' lang='lat' dir='ltr'>regem</span> <span class='ocrx_word' id='word_1_600' title='bbox 3191 3529 3261 3583; x_wconf 87' lang='lat' dir='ltr'>ad</span> <span class='ocrx_word' id='word_1_601' title='bbox 3300 3532 3559 3586; x_wconf 76' lang='lat' dir='ltr'>Romana:</span> <span class='ocrx_word' id='word_1_602' title='bbox 3592 3531 3856 3587; x_wconf 74' lang='lat' dir='ltr'>Ecclesia:</span> 
     </span>
    </p>
   </div>
   <div class='ocr_carea' id='block_1_85' title="bbox 2777 3601 3328 3670">
    <p class='ocr_par' dir='ltr' id='par_1_85' title="bbox 2777 3601 3328 3670">
     <span class='ocr_line' id='line_1_85' title="bbox 2777 3601 3328 3670; baseline 0.005 -18"><span class='ocrx_word' id='word_1_603' title='bbox 2777 3601 3057 3670; x_wconf 80' lang='lat' dir='ltr'>gremium</span> <span class='ocrx_word' id='word_1_604' title='bbox 3094 3605 3328 3656; x_wconf 83' lang='lat' dir='ltr'>revocet.</span> 
     </span>
    </p>
   </div>
   <div class='ocr_carea' id='block_1_86' title="bbox 2329 3703 2774 3762">
    <p class='ocr_par' dir='ltr' id='par_1_86' title="bbox 2329 3703 2774 3762">
     <span class='ocr_line' id='line_1_86' title="bbox 2329 3703 2774 3762; baseline 0.009 -6"><span class='ocrx_word' id='word_1_605' title='bbox 2329 3703 2514 3757; x_wconf 71' lang='lat' dir='ltr'>Pereo</span> <span class='ocrx_word' id='word_1_606' title='bbox 2544 3704 2746 3758; x_wconf 89' lang='lat' dir='ltr'>comiti.</span> <span class='ocrx_word' id='word_1_607' title='bbox 2764 3751 2774 3762; x_wconf 88' lang='lat'>.</span> 
     </span>
    </p>
   </div>
   <div class='ocr_carea' id='block_1_87' title="bbox 2325 3791 3854 3853">
    <p class='ocr_par' dir='ltr' id='par_1_87' title="bbox 2325 3791 3854 3853">
     <span class='ocr_line' id='line_1_87' title="bbox 2325 3791 3854 3853; baseline 0.005 -9"><span class='ocrx_word' id='word_1_608' title='bbox 2325 3791 2685 3847; x_wconf 90' lang='lat' dir='ltr'>Dilectissimo</span> <span class='ocrx_word' id='word_1_609' title='bbox 2723 3791 2833 3848; x_wconf 83' lang='lat' dir='ltr'>tilio</span> <span class='ocrx_word' id='word_1_610' title='bbox 2875 3801 3060 3848; x_wconf 91' lang='lat' dir='ltr'>nostro</span> <span class='ocrx_word' id='word_1_611' title='bbox 3099 3795 3350 3850; x_wconf 80' lang='lat' dir='ltr'>Michaeli</span> <span class='ocrx_word' id='word_1_612' title='bbox 3395 3795 3854 3853; x_wconf 88' lang='lat' dir='ltr'>Christianissimo</span> 
     </span>
    </p>
   </div>
   <div class='ocr_carea' id='block_1_88' title="bbox 2254 3879 3852 3957">
    <p class='ocr_par' dir='ltr' id='par_1_88' title="bbox 2254 3879 3852 3957">
     <span class='ocr_line' id='line_1_88' title="bbox 2254 3879 3852 3957; baseline 0.005 -25"><span class='ocrx_word' id='word_1_613' title='bbox 2254 3879 2376 3950; x_wconf 89' lang='lat' dir='ltr'>regi</span> <span class='ocrx_word' id='word_1_614' title='bbox 2402 3881 2735 3949; x_wconf 86' lang='lat' dir='ltr'>apostolatus</span> <span class='ocrx_word' id='word_1_615' title='bbox 2763 3883 2936 3936; x_wconf 90' lang='lat' dir='ltr'>nostri</span> <span class='ocrx_word' id='word_1_616' title='bbox 2970 3883 3242 3938; x_wconf 86' lang='lat' dir='ltr'>mittentes</span> <span class='ocrx_word' id='word_1_617' title='bbox 3288 3883 3593 3954; x_wconf 84' lang='lat' dir='ltr'>epistolam,</span> <span class='ocrx_word' id='word_1_618' title='bbox 3626 3885 3852 3957; x_wconf 87' lang='lat' dir='ltr'>dignum</span> 
     </span>
    </p>
   </div>
   <div class='ocr_carea' id='block_1_89' title="bbox 2254 3967 3853 4046">
    <p class='ocr_par' dir='ltr' id='par_1_89' title="bbox 2254 3967 3853 4046">
     <span class='ocr_line' id='line_1_89' title="bbox 2254 3967 3853 4046; baseline 0.006 -25"><span class='ocrx_word' id='word_1_619' title='bbox 2254 3967 2506 4022; x_wconf 83' lang='lat' dir='ltr'>duximus</span> <span class='ocrx_word' id='word_1_620' title='bbox 2537 3976 2592 4022; x_wconf 90' lang='lat' dir='ltr'>ut</span> <span class='ocrx_word' id='word_1_621' title='bbox 2622 3975 2674 4023; x_wconf 91' lang='lat' dir='ltr'>et</span> <span class='ocrx_word' id='word_1_622' title='bbox 2702 3977 2808 4025; x_wconf 67' lang='lat' dir='ltr'>tua:</span> <span class='ocrx_word' id='word_1_623' title='bbox 2833 3986 3050 4041; x_wconf 88' lang='lat' dir='ltr'>quoque</span> <span class='ocrx_word' id='word_1_624' title='bbox 3071 3971 3259 4042; x_wconf 69' lang='lat' dir='ltr'>gloria:</span> <span class='ocrx_word' id='word_1_625' title='bbox 3281 3972 3666 4040; x_wconf 88' lang='lat' dir='ltr'>scriberemus,</span> <span class='ocrx_word' id='word_1_626' title='bbox 3686 3982 3853 4046; x_wconf 87' lang='lat' dir='ltr'>etge-</span> 
     </span>
    </p>
   </div>
   <div class='ocr_carea' id='block_1_90' title="bbox 2253 4055 3850 4133">
    <p class='ocr_par' dir='ltr' id='par_1_90' title="bbox 2253 4055 3850 4133">
     <span class='ocr_line' id='line_1_90' title="bbox 2253 4055 3850 4133; baseline 0.004 -23"><span class='ocrx_word' id='word_1_627' title='bbox 2253 4055 2416 4110; x_wconf 90' lang='lat' dir='ltr'>mitus</span> <span class='ocrx_word' id='word_1_628' title='bbox 2438 4057 2606 4112; x_wconf 87' lang='lat' dir='ltr'>nostri</span> <span class='ocrx_word' id='word_1_629' title='bbox 2628 4058 2808 4113; x_wconf 90' lang='lat' dir='ltr'>cordis</span> <span class='ocrx_word' id='word_1_630' title='bbox 2825 4059 3182 4130; x_wconf 86' lang='lat' dir='ltr'>aperiremus,</span> <span class='ocrx_word' id='word_1_631' title='bbox 3209 4077 3344 4132; x_wconf 87' lang='lat' dir='ltr'>quos</span> <span class='ocrx_word' id='word_1_632' title='bbox 3361 4061 3576 4116; x_wconf 89' lang='lat' dir='ltr'>assidue</span> <span class='ocrx_word' id='word_1_633' title='bbox 3591 4062 3850 4133; x_wconf 87' lang='lat' dir='ltr'>patimur,</span> 
     </span>
    </p>
   </div>
   <div class='ocr_carea' id='block_1_91' title="bbox 2253 4145 3852 4222">
    <p class='ocr_par' dir='ltr' id='par_1_91' title="bbox 2253 4145 3852 4222">
     <span class='ocr_line' id='line_1_91' title="bbox 2253 4145 3852 4222; baseline 0.006 -24"><span class='ocrx_word' id='word_1_634' title='bbox 2253 4145 2592 4215; x_wconf 90' lang='lat' dir='ltr'>suspirantes</span> <span class='ocrx_word' id='word_1_635' title='bbox 2609 4154 2661 4201; x_wconf 89' lang='lat' dir='ltr'>et</span> <span class='ocrx_word' id='word_1_636' title='bbox 2677 4155 2896 4217; x_wconf 86' lang='lat' dir='ltr'>stupore</span> <span class='ocrx_word' id='word_1_637' title='bbox 2915 4147 3081 4204; x_wconf 91' lang='lat' dir='ltr'>nimio</span> <span class='ocrx_word' id='word_1_638' title='bbox 3098 4149 3425 4205; x_wconf 87' lang='lat' dir='ltr'>admirantes</span> <span class='ocrx_word' id='word_1_639' title='bbox 3445 4151 3716 4222; x_wconf 86' lang='lat' dir='ltr'>quomodo</span> <span class='ocrx_word' id='word_1_640' title='bbox 3736 4152 3852 4222; x_wconf 89' lang='lat' dir='ltr'>ipse</span> 
     </span>
    </p>
   </div>
   <div class='ocr_carea' id='block_1_92' title="bbox 2255 4234 3854 4309">
    <p class='ocr_par' dir='ltr' id='par_1_92' title="bbox 2255 4234 3854 4309">
     <span class='ocr_line' id='line_1_92' title="bbox 2255 4234 3854 4309; baseline 0.006 -23"><span class='ocrx_word' id='word_1_641' title='bbox 2255 4234 2686 4304; x_wconf 84' lang='lat' dir='ltr'>sapientissimus</span> <span class='ocrx_word' id='word_1_642' title='bbox 2717 4252 2813 4290; x_wconf 86' lang='lat' dir='ltr'>rex</span> <span class='ocrx_word' id='word_1_643' title='bbox 2835 4245 2888 4291; x_wconf 90' lang='lat' dir='ltr'>et</span> <span class='ocrx_word' id='word_1_644' title='bbox 2917 4253 3014 4292; x_wconf 89' lang='lat' dir='ltr'>vos</span> <span class='ocrx_word' id='word_1_645' title='bbox 3043 4237 3144 4308; x_wconf 89' lang='lat' dir='ltr'>ipsi</span> <span class='ocrx_word' id='word_1_646' title='bbox 3176 4237 3346 4293; x_wconf 84' lang='lat' dir='ltr'>averti</span> <span class='ocrx_word' id='word_1_647' title='bbox 3387 4239 3692 4309; x_wconf 89' lang='lat' dir='ltr'>potueritis,</span> <span class='ocrx_word' id='word_1_648' title='bbox 3740 4248 3794 4295; x_wconf 89' lang='lat' dir='ltr'>et</span> <span class='ocrx_word' id='word_1_649' title='bbox 3821 4256 3854 4296; x_wconf 85' lang='lat' dir='ltr'>a</span> 
     </span>
    </p>
   </div>
   <div class='ocr_carea' id='block_1_93' title="bbox 2251 4323 3850 4399">
    <p class='ocr_par' dir='ltr' id='par_1_93' title="bbox 2251 4323 3850 4399">
     <span class='ocr_line' id='line_1_93' title="bbox 2251 4323 3850 4399; baseline 0.004 -23"><span class='ocrx_word' id='word_1_650' title='bbox 2251 4330 2397 4378; x_wconf 87' lang='lat' dir='ltr'>recta</span> <span class='ocrx_word' id='word_1_651' title='bbox 2425 4323 2617 4377; x_wconf 89' lang='lat' dir='ltr'>semita</span> <span class='ocrx_word' id='word_1_652' title='bbox 2645 4324 2939 4389; x_wconf 89' lang='lat' dir='ltr'>declinare,</span> <span class='ocrx_word' id='word_1_653' title='bbox 2969 4334 3130 4397; x_wconf 90' lang='lat' dir='ltr'>atque</span> <span class='ocrx_word' id='word_1_654' title='bbox 3161 4342 3190 4379; x_wconf 89' lang='lat' dir='ltr'>a</span> <span class='ocrx_word' id='word_1_655' title='bbox 3219 4327 3350 4381; x_wconf 91' lang='lat' dir='ltr'>sede</span> <span class='ocrx_word' id='word_1_656' title='bbox 3381 4326 3520 4382; x_wconf 89' lang='lat' dir='ltr'>beati</span> <span class='ocrx_word' id='word_1_657' title='bbox 3552 4327 3695 4382; x_wconf 88' lang='lat' dir='ltr'>Petri</span> <span class='ocrx_word' id='word_1_658' title='bbox 3711 4343 3850 4399; x_wconf 87' lang='lat' dir='ltr'>apo-</span> 
     </span>
    </p>
   </div>
   <div class='ocr_carea' id='block_1_94' title="bbox 544 4409 3855 4488">
    <p class='ocr_par' dir='ltr' id='par_1_94' title="bbox 544 4409 3855 4488">
     <span class='ocr_line' id='line_1_94' title="bbox 544 4409 3855 4488; baseline 0.002 -22"><span class='ocrx_word' id='word_1_659' title='bbox 544 4412 906 4482; x_wconf 65' lang='lat' dir='ltr'>pradicamus</span> <span class='ocrx_word' id='word_1_660' title='bbox 937 4413 1232 4468; x_wconf 86' lang='lat' dir='ltr'>consortia.</span> <span class='ocrx_word' id='word_1_661' title='bbox 1271 4413 1654 4484; x_wconf 85' lang='lat' dir='ltr'>Corrumpunt</span> <span class='ocrx_word' id='word_1_662' title='bbox 1683 4411 1846 4479; x_wconf 88' lang='lat' dir='ltr'>enim,</span> <span class='ocrx_word' id='word_1_663' title='bbox 1871 4419 1927 4465; x_wconf 89' lang='lat' dir='ltr'>ut</span> <span class='ocrx_word' id='word_1_664' title='bbox 1943 4411 2143 4466; x_wconf 89' lang='lat' dir='ltr'>Paulus</span> <span class='ocrx_word' id='word_1_665' title='bbox 2162 4409 2215 4470; x_wconf 93' lang='lat' dir='ltr'>D</span> <span class='ocrx_word' id='word_1_666' title='bbox 2247 4410 2506 4466; x_wconf 89' lang='lat' dir='ltr'>stolorum</span> <span class='ocrx_word' id='word_1_667' title='bbox 2535 4412 2732 4467; x_wconf 90' lang='lat' dir='ltr'>summi</span> <span class='ocrx_word' id='word_1_668' title='bbox 2763 4413 3024 4469; x_wconf 87' lang='lat' dir='ltr'>recedere</span> <span class='ocrx_word' id='word_1_669' title='bbox 3049 4433 3063 4480; x_wconf 90' lang='lat'>;</span> <span class='ocrx_word' id='word_1_670' title='bbox 3091 4415 3193 4480; x_wconf 91' lang='lat' dir='ltr'>sui,</span> <span class='ocrx_word' id='word_1_671' title='bbox 3228 4415 3365 4470; x_wconf 88' lang='lat' dir='ltr'>sicut</span> <span class='ocrx_word' id='word_1_672' title='bbox 3383 4416 3737 4488; x_wconf 86' lang='lat' dir='ltr'>Evangelium</span> <span class='ocrx_word' id='word_1_673' title='bbox 3766 4434 3855 4473; x_wconf 89' lang='lat' dir='ltr'>re-</span> 
     </span>
    </p>
   </div>
   <div class='ocr_carea' id='block_1_95' title="bbox 546 4499 2145 4571">
    <p class='ocr_par' dir='ltr' id='par_1_95' title="bbox 546 4499 2145 4571">
     <span class='ocr_line' id='line_1_95' title="bbox 546 4499 2145 4571; baseline -0.001 -17"><span class='ocrx_word' id='word_1_674' title='bbox 546 4499 828 4570; x_wconf 76' lang='lat' dir='ltr'>spostolus</span> <span class='ocrx_word' id='word_1_675' title='bbox 856 4499 949 4565; x_wconf 82' lang='lat' dir='ltr'>ait,</span> <span class='ocrx_word' id='word_1_676' title='bbox 982 4517 1165 4556; x_wconf 76' lang='lat' dir='ltr'>more:</span> <span class='ocrx_word' id='word_1_677' title='bbox 1201 4501 1366 4557; x_wconf 76' lang='lat' dir='ltr'>bonos</span> <span class='ocrx_word' id='word_1_678' title='bbox 1405 4500 1685 4571; x_wconf 79' lang='lat' dir='ltr'>colloquia</span> <span class='ocrx_word' id='word_1_679' title='bbox 1715 4501 1881 4554; x_wconf 78' lang='lat' dir='ltr'>.mala</span> <span class='ocrx_word' id='word_1_680' title='bbox 1929 4499 1981 4569; x_wconf 86' lang='grc' dir='ltr'>(Ι</span> <span class='ocrx_word' id='word_1_681' title='bbox 2023 4501 2145 4555; x_wconf 85' lang='lat' dir='ltr'>Cor.</span> 
     </span>
    </p>
   </div>
   <div class='ocr_carea' id='block_1_96' title="bbox 545 4586 2148 4660">
    <p class='ocr_par' dir='ltr' id='par_1_96' title="bbox 545 4586 2148 4660">
     <span class='ocr_line' id='line_1_96' title="bbox 545 4586 2148 4660; baseline -0.001 -17"><span class='ocrx_word' id='word_1_682' title='bbox 545 4589 668 4658; x_wconf 78' lang='lat' dir='ltr'>xv).</span> <span class='ocrx_word' id='word_1_683' title='bbox 703 4588 808 4657; x_wconf 81' lang='lat' dir='ltr'>Qui</span> <span class='ocrx_word' id='word_1_684' title='bbox 835 4589 936 4644; x_wconf 87' lang='lat' dir='ltr'>etsi</span> <span class='ocrx_word' id='word_1_685' title='bbox 965 4588 1259 4660; x_wconf 87' lang='lat' dir='ltr'>aliquando</span> <span class='ocrx_word' id='word_1_686' title='bbox 1289 4588 1582 4658; x_wconf 91' lang='lat' dir='ltr'>loquuntur</span> <span class='ocrx_word' id='word_1_687' title='bbox 1609 4586 1813 4658; x_wconf 89' lang='lat' dir='ltr'>aliquid</span> <span class='ocrx_word' id='word_1_688' title='bbox 1858 4587 2005 4651; x_wconf 88' lang='lat' dir='ltr'>boni,</span> <span class='ocrx_word' id='word_1_689' title='bbox 2038 4588 2148 4642; x_wconf 88' lang='lat' dir='ltr'>noli</span> 
     </span>
    </p>
   </div>
   <div class='ocr_carea' id='block_1_97' title="bbox 542 4673 2148 4747">
    <p class='ocr_par' dir='ltr' id='par_1_97' title="bbox 542 4673 2148 4747">
     <span class='ocr_line' id='line_1_97' title="bbox 542 4673 2148 4747; baseline -0.001 -17"><span class='ocrx_word' id='word_1_690' title='bbox 542 4675 754 4742; x_wconf 80' lang='lat' dir='ltr'>mirari,</span> <span class='ocrx_word' id='word_1_691' title='bbox 781 4676 906 4747; x_wconf 90' lang='lat' dir='ltr'>quia</span> <span class='ocrx_word' id='word_1_692' title='bbox 951 4683 1004 4731; x_wconf 91' lang='lat' dir='ltr'>et</span> <span class='ocrx_word' id='word_1_693' title='bbox 1045 4677 1324 4731; x_wconf 73' lang='lat' dir='ltr'>dmmones</span> <span class='ocrx_word' id='word_1_694' title='bbox 1373 4673 1774 4730; x_wconf 87' lang='lat' dir='ltr'>confitebantur</span> <span class='ocrx_word' id='word_1_695' title='bbox 1823 4674 2018 4729; x_wconf 89' lang='lat' dir='ltr'>Filium</span> <span class='ocrx_word' id='word_1_696' title='bbox 2053 4675 2148 4729; x_wconf 91' lang='lat' dir='ltr'>Dei</span> 
     </span>
    </p>
   </div>
   <div class='ocr_carea' id='block_1_98' title="bbox 544 4762 2148 4835">
    <p class='ocr_par' dir='ltr' id='par_1_98' title="bbox 544 4762 2148 4835">
     <span class='ocr_line' id='line_1_98' title="bbox 544 4762 2148 4835; baseline -0.002 -14"><span class='ocrx_word' id='word_1_697' title='bbox 544 4763 762 4834; x_wconf 65' lang='lat' dir='ltr'>(Matth.</span> <span class='ocrx_word' id='word_1_698' title='bbox 798 4769 963 4835; x_wconf 78' lang='lat' dir='ltr'>xvnr)</span> <span class='ocrx_word' id='word_1_699' title='bbox 987 4783 1002 4830; x_wconf 93' lang='lat'>;</span> <span class='ocrx_word' id='word_1_700' title='bbox 1037 4763 1134 4820; x_wconf 90' lang='lat' dir='ltr'>sed</span> <span class='ocrx_word' id='word_1_701' title='bbox 1164 4765 1282 4833; x_wconf 88' lang='lat' dir='ltr'>ipse</span> <span class='ocrx_word' id='word_1_702' title='bbox 1310 4762 1434 4817; x_wconf 91' lang='lat' dir='ltr'>illos</span> <span class='ocrx_word' id='word_1_703' title='bbox 1463 4763 1640 4833; x_wconf 91' lang='lat' dir='ltr'>potius</span> <span class='ocrx_word' id='word_1_704' title='bbox 1664 4771 1848 4817; x_wconf 88' lang='lat' dir='ltr'>tacere</span> <span class='ocrx_word' id='word_1_705' title='bbox 1872 4763 2148 4832; x_wconf 72' lang='lat' dir='ltr'>praecipie-</span> 
     </span>
    </p>
   </div>
   <div class='ocr_carea' id='block_1_99' title="bbox 542 4851 2147 4926">
    <p class='ocr_par' dir='ltr' id='par_1_99' title="bbox 542 4851 2147 4926">
     <span class='ocr_line' id='line_1_99' title="bbox 542 4851 2147 4926; baseline -0.001 -17"><span class='ocrx_word' id='word_1_706' title='bbox 542 4851 654 4918; x_wconf 81' lang='lat' dir='ltr'>bat,</span> <span class='ocrx_word' id='word_1_707' title='bbox 687 4868 757 4907; x_wconf 89' lang='lat' dir='ltr'>ne</span> <span class='ocrx_word' id='word_1_708' title='bbox 785 4852 907 4926; x_wconf 88' lang='lat' dir='ltr'>quis</span> <span class='ocrx_word' id='word_1_709' title='bbox 937 4869 1035 4908; x_wconf 90' lang='lat' dir='ltr'>eos</span> <span class='ocrx_word' id='word_1_710' title='bbox 1064 4851 1278 4906; x_wconf 84' lang='lat' dir='ltr'>audiret</span> <span class='ocrx_word' id='word_1_711' title='bbox 1308 4867 1436 4906; x_wconf 89' lang='lat' dir='ltr'>vera</span> <span class='ocrx_word' id='word_1_712' title='bbox 1483 4851 1863 4922; x_wconf 70' lang='lat' dir='ltr'>praedicantes,</span> <span class='ocrx_word' id='word_1_713' title='bbox 1896 4867 2147 4922; x_wconf 88' lang='lat' dir='ltr'>sequere-</span> 
     </span>
    </p>
   </div>
   <div class='ocr_carea' id='block_1_100' title="bbox 543 4940 2143 5014">
    <p class='ocr_par' dir='ltr' id='par_1_100' title="bbox 543 4940 2143 5014">
     <span class='ocr_line' id='line_1_100' title="bbox 543 4940 2143 5014; baseline 0.001 -20"><span class='ocrx_word' id='word_1_714' title='bbox 543 4948 634 4995; x_wconf 80' lang='lat' dir='ltr'>tur</span> <span class='ocrx_word' id='word_1_715' title='bbox 661 4951 929 4996; x_wconf 88' lang='lat' dir='ltr'>errantes.</span> <span class='ocrx_word' id='word_1_716' title='bbox 963 4941 1351 4997; x_wconf 86' lang='lat' dir='ltr'>Convertimini</span> <span class='ocrx_word' id='word_1_717' title='bbox 1379 4940 1545 5014; x_wconf 90' lang='lat' dir='ltr'>igitur</span> <span class='ocrx_word' id='word_1_718' title='bbox 1573 4940 1642 4994; x_wconf 90' lang='lat' dir='ltr'>ab</span> <span class='ocrx_word' id='word_1_719' title='bbox 1675 4941 1886 4994; x_wconf 89' lang='lat' dir='ltr'>beatum</span> <span class='ocrx_word' id='word_1_720' title='bbox 1928 4941 2143 4996; x_wconf 89' lang='lat' dir='ltr'>Petrum</span> 
     </span>
    </p>
   </div>
   <div class='ocr_carea' id='block_1_101' title="bbox 541 5029 2142 5102">
    <p class='ocr_par' dir='ltr' id='par_1_101' title="bbox 541 5029 2142 5102">
     <span class='ocr_line' id='line_1_101' title="bbox 541 5029 2142 5102; baseline -0.004 -14"><span class='ocrx_word' id='word_1_721' title='bbox 541 5029 915 5100; x_wconf 72' lang='lat' dir='ltr'>apostolorum</span> <span class='ocrx_word' id='word_1_722' title='bbox 948 5029 1266 5100; x_wconf 91' lang='lat' dir='ltr'>principem,</span> <span class='ocrx_word' id='word_1_723' title='bbox 1301 5029 1390 5102; x_wconf 91' lang='lat' dir='ltr'>qui</span> <span class='ocrx_word' id='word_1_724' title='bbox 1421 5029 1630 5101; x_wconf 80' lang='lat' dir='ltr'>primus</span> <span class='ocrx_word' id='word_1_725' title='bbox 1659 5029 1914 5100; x_wconf 82' lang='lat' dir='ltr'>cognovit</span> <span class='ocrx_word' id='word_1_726' title='bbox 1943 5039 1992 5083; x_wconf 87' lang='lat' dir='ltr'>et</span> <span class='ocrx_word' id='word_1_727' title='bbox 2013 5045 2142 5084; x_wconf 89' lang='lat' dir='ltr'>con-</span> 
     </span>
    </p>
   </div>
   <div class='ocr_carea' id='block_1_102' title="bbox 543 5116 2150 5190">
    <p class='ocr_par' dir='ltr' id='par_1_102' title="bbox 543 5116 2150 5190">
     <span class='ocr_line' id='line_1_102' title="bbox 543 5116 2150 5190; baseline -0.002 -17"><span class='ocrx_word' id='word_1_728' title='bbox 543 5116 724 5173; x_wconf 78' lang='lat' dir='ltr'>fessus</span> <span class='ocrx_word' id='word_1_729' title='bbox 753 5127 836 5173; x_wconf 89' lang='lat' dir='ltr'>est</span> <span class='ocrx_word' id='word_1_730' title='bbox 865 5117 1057 5173; x_wconf 91' lang='lat' dir='ltr'>Filium</span> <span class='ocrx_word' id='word_1_731' title='bbox 1087 5119 1223 5185; x_wconf 90' lang='lat' dir='ltr'>Dei;</span> <span class='ocrx_word' id='word_1_732' title='bbox 1253 5118 1346 5190; x_wconf 90' lang='lat' dir='ltr'>qui</span> <span class='ocrx_word' id='word_1_733' title='bbox 1373 5134 1505 5174; x_wconf 89' lang='lat' dir='ltr'>oves</span> <span class='ocrx_word' id='word_1_734' title='bbox 1537 5118 1845 5173; x_wconf 89' lang='lat' dir='ltr'>Dominicas</span> <span class='ocrx_word' id='word_1_735' title='bbox 1875 5119 2150 5190; x_wconf 88' lang='lat' dir='ltr'>regendas</span> 
     </span>
    </p>
   </div>
   <div class='ocr_carea' id='block_1_103' title="bbox 544 5205 2146 5278">
    <p class='ocr_par' dir='ltr' id='par_1_103' title="bbox 544 5205 2146 5278">
     <span class='ocr_line' id='line_1_103' title="bbox 544 5205 2146 5278; baseline -0.002 -16"><span class='ocrx_word' id='word_1_736' title='bbox 544 5205 776 5276; x_wconf 68' lang='lat' dir='ltr'>accepit,</span> <span class='ocrx_word' id='word_1_737' title='bbox 803 5215 855 5261; x_wconf 90' lang='lat' dir='ltr'>et</span> <span class='ocrx_word' id='word_1_738' title='bbox 884 5214 944 5262; x_wconf 92' lang='lat' dir='ltr'>ut</span> <span class='ocrx_word' id='word_1_739' title='bbox 989 5207 1088 5262; x_wconf 90' lang='lat' dir='ltr'>has</span> <span class='ocrx_word' id='word_1_740' title='bbox 1132 5207 1202 5262; x_wconf 85' lang='lat' dir='ltr'>ad</span> <span class='ocrx_word' id='word_1_741' title='bbox 1243 5215 1450 5263; x_wconf 70' lang='lat' dir='ltr'>aeterna</span> <span class='ocrx_word' id='word_1_742' title='bbox 1484 5223 1687 5278; x_wconf 88' lang='lat' dir='ltr'>pascua</span> <span class='ocrx_word' id='word_1_743' title='bbox 1731 5208 1856 5264; x_wconf 70' lang='lat' dir='ltr'>vitm</span> <span class='ocrx_word' id='word_1_744' title='bbox 1894 5206 2146 5262; x_wconf 86' lang='lat' dir='ltr'>introdu—</span> 
     </span>
    </p>
   </div>
   <div class='ocr_carea' id='block_1_104' title="bbox 543 5295 2144 5370">
    <p class='ocr_par' dir='ltr' id='par_1_104' title="bbox 543 5295 2144 5370">
     <span class='ocr_line' id='line_1_104' title="bbox 543 5295 2144 5370; baseline -0.001 -19"><span class='ocrx_word' id='word_1_745' title='bbox 543 5309 674 5352; x_wconf 79' lang='lat' dir='ltr'>cere</span> <span class='ocrx_word' id='word_1_746' title='bbox 703 5303 907 5368; x_wconf 88' lang='lat' dir='ltr'>posset,</span> <span class='ocrx_word' id='word_1_747' title='bbox 939 5303 992 5350; x_wconf 88' lang='lat' dir='ltr'>et</span> <span class='ocrx_word' id='word_1_748' title='bbox 1023 5295 1108 5351; x_wconf 87' lang='lat' dir='ltr'>hic</span> <span class='ocrx_word' id='word_1_749' title='bbox 1155 5296 1364 5370; x_wconf 88' lang='lat' dir='ltr'>ligandi</span> <span class='ocrx_word' id='word_1_750' title='bbox 1409 5296 1765 5368; x_wconf 90' lang='lat' dir='ltr'>solvendique</span> <span class='ocrx_word' id='word_1_751' title='bbox 1802 5303 2144 5367; x_wconf 85' lang='lat' dir='ltr'>potestatem,</span> 
     </span>
    </p>
   </div>
   <div class='ocr_carea' id='block_1_105' title="bbox 541 5391 2144 5466">
    <p class='ocr_par' dir='ltr' id='par_1_105' title="bbox 541 5391 2144 5466">
     <span class='ocr_line' id='line_1_105' title="bbox 541 5391 2144 5466; baseline -0.001 -17"><span class='ocrx_word' id='word_1_752' title='bbox 541 5391 730 5450; x_wconf 74' lang='lat' dir='ltr'>etich</span> <span class='ocrx_word' id='word_1_753' title='bbox 775 5393 1060 5449; x_wconf 86' lang='lat' dir='ltr'>reserandi</span> <span class='ocrx_word' id='word_1_754' title='bbox 1102 5392 1182 5448; x_wconf 89' lang='lat' dir='ltr'>eis</span> <span class='ocrx_word' id='word_1_755' title='bbox 1226 5393 1409 5450; x_wconf 87' lang='lat' dir='ltr'>claves</span> <span class='ocrx_word' id='word_1_756' title='bbox 1451 5393 1690 5450; x_wconf 66' lang='lat' dir='ltr'>caelestis</span> <span class='ocrx_word' id='word_1_757' title='bbox 1737 5393 1891 5466; x_wconf 89' lang='lat' dir='ltr'>regni</span> <span class='ocrx_word' id='word_1_758' title='bbox 1921 5407 2144 5463; x_wconf 52' lang='lat' dir='ltr'>prome-</span> 
     </span>
    </p>
   </div>
   <div class='ocr_carea' id='block_1_106' title="bbox 2250 4497 3853 4576">
    <p class='ocr_par' dir='ltr' id='par_1_106' title="bbox 2250 4497 3853 4576">
     <span class='ocr_line' id='line_1_106' title="bbox 2250 4497 3853 4576; baseline 0.004 -23"><span class='ocrx_word' id='word_1_759' title='bbox 2250 4497 2354 4554; x_wconf 86' lang='lat' dir='ltr'>fert</span> <span class='ocrx_word' id='word_1_760' title='bbox 2383 4500 2603 4571; x_wconf 85' lang='lat' dir='ltr'>(Matth.</span> <span class='ocrx_word' id='word_1_761' title='bbox 2639 4501 2782 4572; x_wconf 79' lang='lat' dir='ltr'>xvi),</span> <span class='ocrx_word' id='word_1_762' title='bbox 2816 4517 2923 4557; x_wconf 90' lang='lat' dir='ltr'>non</span> <span class='ocrx_word' id='word_1_763' title='bbox 2954 4519 3082 4558; x_wconf 88' lang='lat' dir='ltr'>caro</span> <span class='ocrx_word' id='word_1_764' title='bbox 3103 4511 3155 4557; x_wconf 90' lang='lat' dir='ltr'>et</span> <span class='ocrx_word' id='word_1_765' title='bbox 3175 4503 3418 4576; x_wconf 88' lang='lat' dir='ltr'>sanguis,</span> <span class='ocrx_word' id='word_1_766' title='bbox 3443 4503 3498 4558; x_wconf 93' lang='lat' dir='ltr'>id</span> <span class='ocrx_word' id='word_1_767' title='bbox 3517 4513 3600 4559; x_wconf 89' lang='lat' dir='ltr'>est</span> <span class='ocrx_word' id='word_1_768' title='bbox 3618 4507 3853 4560; x_wconf 87' lang='lat' dir='ltr'>humana</span> 
     </span>
    </p>
   </div>
   <div class='ocr_carea' id='block_1_107' title="bbox 2249 4587 3852 4662">
    <p class='ocr_par' dir='ltr' id='par_1_107' title="bbox 2249 4587 3852 4662">
     <span class='ocr_line' id='line_1_107' title="bbox 2249 4587 3852 4662; baseline 0.003 -20"><span class='ocrx_word' id='word_1_769' title='bbox 2249 4587 2531 4658; x_wconf 88' lang='lat' dir='ltr'>sapientia,</span> <span class='ocrx_word' id='word_1_770' title='bbox 2563 4589 2661 4644; x_wconf 91' lang='lat' dir='ltr'>sed</span> <span class='ocrx_word' id='word_1_771' title='bbox 2692 4589 2808 4658; x_wconf 91' lang='lat' dir='ltr'>ipse</span> <span class='ocrx_word' id='word_1_772' title='bbox 2837 4606 2936 4660; x_wconf 89' lang='lat' dir='ltr'>per</span> <span class='ocrx_word' id='word_1_773' title='bbox 2964 4606 3023 4646; x_wconf 90' lang='lat' dir='ltr'>se</span> <span class='ocrx_word' id='word_1_774' title='bbox 3054 4592 3210 4646; x_wconf 87' lang='lat' dir='ltr'>Pater</span> <span class='ocrx_word' id='word_1_775' title='bbox 3240 4591 3430 4645; x_wconf 90' lang='lat' dir='ltr'>Filium</span> <span class='ocrx_word' id='word_1_776' title='bbox 3460 4592 3744 4662; x_wconf 88' lang='lat' dir='ltr'>proprium</span> <span class='ocrx_word' id='word_1_777' title='bbox 3764 4610 3852 4648; x_wconf 90' lang='lat' dir='ltr'>re-</span> 
     </span>
    </p>
   </div>
   <div class='ocr_carea' id='block_1_108' title="bbox 2248 4675 3850 4746">
    <p class='ocr_par' dir='ltr' id='par_1_108' title="bbox 2248 4675 3850 4746">
     <span class='ocr_line' id='line_1_108' title="bbox 2248 4675 3850 4746; baseline 0.003 -15"><span class='ocrx_word' id='word_1_778' title='bbox 2248 4675 2467 4741; x_wconf 83' lang='lat' dir='ltr'>velavit,</span> <span class='ocrx_word' id='word_1_779' title='bbox 2519 4693 2639 4732; x_wconf 92' lang='lat' dir='ltr'>cum</span> <span class='ocrx_word' id='word_1_780' title='bbox 2696 4677 2788 4732; x_wconf 87' lang='lat' dir='ltr'>alii</span> <span class='ocrx_word' id='word_1_781' title='bbox 2845 4679 2991 4734; x_wconf 89' lang='lat' dir='ltr'>hunc</span> <span class='ocrx_word' id='word_1_782' title='bbox 3063 4680 3324 4734; x_wconf 87' lang='lat' dir='ltr'>Joannem</span> <span class='ocrx_word' id='word_1_783' title='bbox 3373 4680 3460 4736; x_wconf 89' lang='lat' dir='ltr'>alii</span> <span class='ocrx_word' id='word_1_784' title='bbox 3507 4680 3704 4746; x_wconf 91' lang='lat' dir='ltr'>Eliam,</span> <span class='ocrx_word' id='word_1_785' title='bbox 3757 4682 3850 4736; x_wconf 90' lang='lat' dir='ltr'>ali-</span> 
     </span>
    </p>
   </div>
   <div class='ocr_carea' id='block_1_109' title="bbox 2247 4763 3852 4842">
    <p class='ocr_par' dir='ltr' id='par_1_109' title="bbox 2247 4763 3852 4842">
     <span class='ocr_line' id='line_1_109' title="bbox 2247 4763 3852 4842; baseline 0.005 -26"><span class='ocrx_word' id='word_1_786' title='bbox 2247 4763 2536 4819; x_wconf 87' lang='lat' dir='ltr'>Jeremiam</span> <span class='ocrx_word' id='word_1_787' title='bbox 2567 4773 2654 4818; x_wconf 88' lang='lat' dir='ltr'>aut</span> <span class='ocrx_word' id='word_1_788' title='bbox 2683 4783 2848 4820; x_wconf 91' lang='lat' dir='ltr'>unum</span> <span class='ocrx_word' id='word_1_789' title='bbox 2871 4767 2938 4821; x_wconf 92' lang='lat' dir='ltr'>de</span> <span class='ocrx_word' id='word_1_790' title='bbox 2956 4768 3235 4838; x_wconf 87' lang='lat' dir='ltr'>prophetis</span> <span class='ocrx_word' id='word_1_791' title='bbox 3257 4769 3642 4824; x_wconf 83' lang='lat' dir='ltr'>existimarent.</span> <span class='ocrx_word' id='word_1_792' title='bbox 3668 4769 3852 4842; x_wconf 90' lang='lat' dir='ltr'>Scrip-</span> 
     </span>
    </p>
   </div>
   <div class='ocr_carea' id='block_1_110' title="bbox 2247 4851 3850 4927">
    <p class='ocr_par' dir='ltr' id='par_1_110' title="bbox 2247 4851 3850 4927">
     <span class='ocr_line' id='line_1_110' title="bbox 2247 4851 3850 4927; baseline 0.006 -23"><span class='ocrx_word' id='word_1_793' title='bbox 2247 4851 2424 4906; x_wconf 87' lang='lat' dir='ltr'>bimus</span> <span class='ocrx_word' id='word_1_794' title='bbox 2469 4869 2605 4925; x_wconf 87' lang='lat' dir='ltr'>ergo</span> <span class='ocrx_word' id='word_1_795' title='bbox 2649 4854 2742 4908; x_wconf 88' lang='lat' dir='ltr'>tibi</span> <span class='ocrx_word' id='word_1_796' title='bbox 2792 4864 3047 4927; x_wconf 88' lang='lat' dir='ltr'>tanquam</span> <span class='ocrx_word' id='word_1_797' title='bbox 3117 4856 3367 4912; x_wconf 87' lang='lat' dir='ltr'>familiari</span> <span class='ocrx_word' id='word_1_798' title='bbox 3413 4865 3466 4913; x_wconf 90' lang='lat' dir='ltr'>et</span> <span class='ocrx_word' id='word_1_799' title='bbox 3529 4859 3850 4914; x_wconf 82' lang='lat' dir='ltr'>charissima</span> 
     </span>
    </p>
   </div>
   <div class='ocr_carea' id='block_1_111' title="bbox 2244 4940 3850 5018">
    <p class='ocr_par' dir='ltr' id='par_1_111' title="bbox 2244 4940 3850 5018">
     <span class='ocr_line' id='line_1_111' title="bbox 2244 4940 3850 5018; baseline 0.006 -24"><span class='ocrx_word' id='word_1_800' title='bbox 2244 4940 2440 5004; x_wconf 87' lang='lat' dir='ltr'>nobis;</span> <span class='ocrx_word' id='word_1_801' title='bbox 2469 4949 2527 4995; x_wconf 91' lang='lat' dir='ltr'>tu</span> <span class='ocrx_word' id='word_1_802' title='bbox 2559 4942 2703 4996; x_wconf 89' lang='lat' dir='ltr'>enim</span> <span class='ocrx_word' id='word_1_803' title='bbox 2730 4943 2788 4997; x_wconf 93' lang='lat' dir='ltr'>in</span> <span class='ocrx_word' id='word_1_804' title='bbox 2823 4945 2925 4999; x_wconf 85' lang='lat' dir='ltr'>hac</span> <span class='ocrx_word' id='word_1_805' title='bbox 2963 4960 3130 5000; x_wconf 85' lang='lat' dir='ltr'>causa</span> <span class='ocrx_word' id='word_1_806' title='bbox 3158 4946 3366 5015; x_wconf 90' lang='lat' dir='ltr'>primus</span> <span class='ocrx_word' id='word_1_807' title='bbox 3407 4945 3511 5016; x_wconf 90' lang='lat' dir='ltr'>ipsi</span> <span class='ocrx_word' id='word_1_808' title='bbox 3550 4947 3670 5018; x_wconf 89' lang='lat' dir='ltr'>regi</span> <span class='ocrx_word' id='word_1_809' title='bbox 3699 4964 3850 5018; x_wconf 67' lang='lat' dir='ltr'>prae-</span> 
     </span>
    </p>
   </div>
   <div class='ocr_carea' id='block_1_112' title="bbox 2251 5026 3850 5091">
    <p class='ocr_par' dir='ltr' id='par_1_112' title="bbox 2251 5026 3850 5091">
     <span class='ocr_line' id='line_1_112' title="bbox 2251 5026 3850 5091; baseline 0.004 -7"><span class='ocrx_word' id='word_1_810' title='bbox 2251 5044 2436 5084; x_wconf 88' lang='lat' dir='ltr'>cursor</span> <span class='ocrx_word' id='word_1_811' title='bbox 2466 5026 2518 5084; x_wconf 77' lang='lat' dir='ltr'>et</span> <span class='ocrx_word' id='word_1_812' title='bbox 2545 5030 2650 5085; x_wconf 82' lang='lat' dir='ltr'>dux</span> <span class='ocrx_word' id='word_1_813' title='bbox 2681 5039 2907 5087; x_wconf 85' lang='lat' dir='ltr'>auctore</span> <span class='ocrx_word' id='word_1_814' title='bbox 2955 5035 3069 5088; x_wconf 83' lang='lat' dir='ltr'>Deo</span> <span class='ocrx_word' id='word_1_815' title='bbox 3117 5034 3262 5088; x_wconf 81' lang='lat' dir='ltr'>fuisti</span> <span class='ocrx_word' id='word_1_816' title='bbox 3297 5053 3310 5087; x_wconf 90' lang='lat'>:</span> <span class='ocrx_word' id='word_1_817' title='bbox 3343 5042 3400 5089; x_wconf 92' lang='lat' dir='ltr'>tu</span> <span class='ocrx_word' id='word_1_818' title='bbox 3431 5035 3572 5090; x_wconf 87' lang='lat' dir='ltr'>inter</span> <span class='ocrx_word' id='word_1_819' title='bbox 3613 5036 3766 5090; x_wconf 89' lang='lat' dir='ltr'>illum</span> <span class='ocrx_word' id='word_1_820' title='bbox 3797 5046 3850 5091; x_wconf 91' lang='lat' dir='ltr'>et</span> 
     </span>
    </p>
   </div>
   <div class='ocr_carea' id='block_1_113' title="bbox 2250 5118 3852 5196">
    <p class='ocr_par' dir='ltr' id='par_1_113' title="bbox 2250 5118 3852 5196">
     <span class='ocr_line' id='line_1_113' title="bbox 2250 5118 3852 5196; baseline 0.006 -26"><span class='ocrx_word' id='word_1_821' title='bbox 2250 5132 2350 5173; x_wconf 89' lang='lat' dir='ltr'>nos</span> <span class='ocrx_word' id='word_1_822' title='bbox 2381 5118 2590 5173; x_wconf 88' lang='lat' dir='ltr'>medius</span> <span class='ocrx_word' id='word_1_823' title='bbox 2617 5120 2942 5186; x_wconf 89' lang='lat' dir='ltr'>discurristi,</span> <span class='ocrx_word' id='word_1_824' title='bbox 2994 5131 3048 5178; x_wconf 88' lang='lat' dir='ltr'>et</span> <span class='ocrx_word' id='word_1_825' title='bbox 3095 5123 3209 5177; x_wconf 91' lang='lat' dir='ltr'>Deo</span> <span class='ocrx_word' id='word_1_826' title='bbox 3258 5123 3482 5195; x_wconf 79' lang='lat' dir='ltr'>gratias,</span> <span class='ocrx_word' id='word_1_827' title='bbox 3516 5131 3710 5180; x_wconf 88' lang='lat' dir='ltr'>cuncta</span> <span class='ocrx_word' id='word_1_828' title='bbox 3731 5141 3852 5196; x_wconf 69' lang='lat' dir='ltr'>quae</span> 
     </span>
    </p>
   </div>
   <div class='ocr_carea' id='block_1_114' title="bbox 2247 5206 3849 5281">
    <p class='ocr_par' dir='ltr' id='par_1_114' title="bbox 2247 5206 3849 5281">
     <span class='ocr_line' id='line_1_114' title="bbox 2247 5206 3849 5281; baseline 0.005 -23"><span class='ocrx_word' id='word_1_829' title='bbox 2247 5206 2314 5259; x_wconf 87' lang='lat' dir='ltr'>ad</span> <span class='ocrx_word' id='word_1_830' title='bbox 2345 5206 2572 5262; x_wconf 86' lang='lat' dir='ltr'>salutem</span> <span class='ocrx_word' id='word_1_831' title='bbox 2604 5209 2784 5281; x_wconf 88' lang='lat' dir='ltr'>gentis</span> <span class='ocrx_word' id='word_1_832' title='bbox 2814 5209 2956 5265; x_wconf 88' lang='lat' dir='ltr'>illius</span> <span class='ocrx_word' id='word_1_833' title='bbox 2988 5219 3109 5265; x_wconf 86' lang='lat' dir='ltr'>acta</span> <span class='ocrx_word' id='word_1_834' title='bbox 3139 5221 3280 5274; x_wconf 86' lang='lat' dir='ltr'>sunt,</span> <span class='ocrx_word' id='word_1_835' title='bbox 3311 5228 3418 5267; x_wconf 88' lang='lat' dir='ltr'>non</span> <span class='ocrx_word' id='word_1_836' title='bbox 3460 5212 3576 5267; x_wconf 89' lang='lat' dir='ltr'>sine</span> <span class='ocrx_word' id='word_1_837' title='bbox 3606 5221 3696 5268; x_wconf 90' lang='lat' dir='ltr'>tuo</span> <span class='ocrx_word' id='word_1_838' title='bbox 3725 5229 3849 5270; x_wconf 90' lang='lat' dir='ltr'>cer-</span> 
     </span>
    </p>
   </div>
   <div class='ocr_carea' id='block_1_115' title="bbox 2247 5294 3849 5372">
    <p class='ocr_par' dir='ltr' id='par_1_115' title="bbox 2247 5294 3849 5372">
     <span class='ocr_line' id='line_1_115' title="bbox 2247 5294 3849 5372; baseline 0.007 -24"><span class='ocrx_word' id='word_1_839' title='bbox 2247 5294 2450 5350; x_wconf 88' lang='lat' dir='ltr'>tamine</span> <span class='ocrx_word' id='word_1_840' title='bbox 2479 5305 2602 5352; x_wconf 89' lang='lat' dir='ltr'>acta</span> <span class='ocrx_word' id='word_1_841' title='bbox 2647 5307 2790 5364; x_wconf 90' lang='lat' dir='ltr'>sunt,</span> <span class='ocrx_word' id='word_1_842' title='bbox 2835 5307 2889 5354; x_wconf 88' lang='lat' dir='ltr'>et</span> <span class='ocrx_word' id='word_1_843' title='bbox 2937 5308 3067 5371; x_wconf 91' lang='lat' dir='ltr'>quot</span> <span class='ocrx_word' id='word_1_844' title='bbox 3115 5309 3168 5354; x_wconf 91' lang='lat' dir='ltr'>et</span> <span class='ocrx_word' id='word_1_845' title='bbox 3215 5310 3444 5370; x_wconf 89' lang='lat' dir='ltr'>quantos</span> <span class='ocrx_word' id='word_1_846' title='bbox 3490 5301 3713 5358; x_wconf 89' lang='lat' dir='ltr'>labores</span> <span class='ocrx_word' id='word_1_847' title='bbox 3751 5319 3849 5372; x_wconf 90' lang='lat' dir='ltr'>pro</span> 
     </span>
    </p>
   </div>
   <div class='ocr_carea' id='block_1_116' title="bbox 2246 5391 3848 5472">
    <p class='ocr_par' dir='ltr' id='par_1_116' title="bbox 2246 5391 3848 5472">
     <span class='ocr_line' id='line_1_116' title="bbox 2246 5391 3848 5472; baseline 0.006 -27"><span class='ocrx_word' id='word_1_848' title='bbox 2246 5391 2596 5450; x_wconf 88' lang='lat' dir='ltr'>instructione</span> <span class='ocrx_word' id='word_1_849' title='bbox 2653 5397 2822 5451; x_wconf 86' lang='lat' dir='ltr'>vestri</span> <span class='ocrx_word' id='word_1_850' title='bbox 2878 5413 2982 5453; x_wconf 90' lang='lat' dir='ltr'>nos</span> <span class='ocrx_word' id='word_1_851' title='bbox 3053 5399 3510 5469; x_wconf 87' lang='lat' dir='ltr'>assumpserimus</span> <span class='ocrx_word' id='word_1_852' title='bbox 3563 5399 3682 5472; x_wconf 85' lang='lat' dir='ltr'>ipse</span> <span class='ocrx_word' id='word_1_853' title='bbox 3737 5417 3848 5458; x_wconf 89' lang='lat' dir='ltr'>non</span> 
     </span>
    </p>
   </div>
   <div class='ocr_carea' id='block_1_117' title="bbox 613 5544 2857 5612">
    <p class='ocr_par' dir='ltr' id='par_1_117' title="bbox 613 5544 2857 5612">
     <span class='ocr_line' id='line_1_117' title="bbox 613 5544 2857 5612; baseline 0 -16"><span class='ocrx_word' id='word_1_854' title='bbox 613 5544 909 5610; x_wconf 75' lang='lat' dir='ltr'>‘Socrates,</span> <span class='ocrx_word' id='word_1_855' title='bbox 948 5545 1036 5597; x_wconf 89' lang='lat' dir='ltr'>lib.</span> <span class='ocrx_word' id='word_1_856' title='bbox 1081 5560 1131 5609; x_wconf 78' lang='grc' dir='ltr'><strong>ν,</strong></span> <span class='ocrx_word' id='word_1_857' title='bbox 1164 5545 1348 5611; x_wconf 79' lang='lat' dir='ltr'>c..27;</span> <span class='ocrx_word' id='word_1_858' title='bbox 1375 5549 1698 5610; x_wconf 82' lang='lat' dir='ltr'>Theodorat.,</span> <span class='ocrx_word' id='word_1_859' title='bbox 1741 5547 1780 5596; x_wconf 86' lang='grc' dir='ltr'><strong>Ι.</strong></span> <span class='ocrx_word' id='word_1_860' title='bbox 1823 5559 1912 5610; x_wconf 84' lang='lat' dir='ltr'>vn,</span> <span class='ocrx_word' id='word_1_861' title='bbox 1953 5559 1999 5597; x_wconf 92' lang='lat' dir='ltr'>c.</span> <span class='ocrx_word' id='word_1_862' title='bbox 2035 5546 2137 5610; x_wconf 76' lang='lat'>52;</span> <span class='ocrx_word' id='word_1_863' title='bbox 2175 5547 2491 5610; x_wconf 88' lang='lat' dir='ltr'>Sozomenus,</span> <span class='ocrx_word' id='word_1_864' title='bbox 2515 5547 2551 5597; x_wconf 89' lang='lat' dir='ltr'>l.</span> <span class='ocrx_word' id='word_1_865' title='bbox 2578 5561 2666 5612; x_wconf 85' lang='lat' dir='ltr'>vn,</span> <span class='ocrx_word' id='word_1_866' title='bbox 2695 5563 2742 5600; x_wconf 92' lang='lat' dir='ltr'>c.</span> <span class='ocrx_word' id='word_1_867' title='bbox 2768 5549 2857 5598; x_wconf 77' lang='lat'>57.</span> 
     </span>
    </p>
   </div>
  </div>
