4160 6310
358 261 453 316 ’761

1558 255 1910 313 EPISTOLE
1954 254 2046 314 ΕΤ
2098 254 2442 312 DECRETA.

3555 264 3658 318 ’762

363 381 566 438 nescis.
597 381 665 436 Et
708 379 846 434 bene
890 378 1112 450 quidem
1139 379 1196 433 in
1231 379 1389 434 nobis
1433 380 1871 446 delectabamini,
1904 387 1958 434 et
1983 379 2305 450 Aloquere,
2338 388 2390 434 et
2435 380 2720 436 exhortare
2767 380 2822 434 in
2873 381 3090 438 Christo
3131 384 3280 448 Jesu,
3331 391 3387 439 ut
3429 399 3530 456 pro
3557 400 3656 440 ac-

364 467 732 544 spiritualibus
781 467 996 540 gaudiis
1015 475 1068 522 et
1095 467 1428 539 profectibus
1467 467 1825 534 fruebamini;
1861 467 1957 523 sed

362 557 636 614 nescimus
685 554 804 628 quis
833 572 930 610 vos
957 557 1026 612 de
1057 566 1257 612 caetero
1289 557 1598 628 deceperit;
1634 556 1756 628 quis
1786 571 1944 630 orga-

363 663 496 701 num
543 645 716 700 factus
759 644 981 710 diaboli,
1027 645 1120 716 qui
1168 645 1296 700 olim
1327 663 1427 716 per
1455 654 1763 716 serpentem
1787 646 1957 699 Evam

365 733 599 800 seduxit,
619 748 716 788 vos
747 748 780 786 a
811 741 961 788 recto
992 733 1184 788 itinere
1215 734 1412 788 callida
1441 734 1694 788 suasione
1725 741 1958 787 retraxe-

365 823 452 890 rit,
483 823 628 896 unde
657 838 766 876 non
799 837 992 892 parum
1017 823 1266 878 dolemus
1296 838 1398 877 nec
1428 821 1616 876 leviter
1633 822 1953 887 anxiamur;

363 919 417 967 et
443 910 647 966 idcirco
678 917 748 979 te,
781 910 1019 965 virorum
1061 911 1284 982 optime,
1335 913 1700 976 cohortamur,
1733 910 1957 982 loquere

362 999 432 1052 ad
477 1014 636 1054 aures
682 999 926 1068 ejusdem
967 999 1149 1054 dilecti
1200 998 1290 1053 filii
1340 999 1510 1053 nostri
1559 1000 1736 1070 regis;
1769 998 1856 1054 cui
1907 1007 1958 1052 et

362 1086 626 1142 Dominus
673 1087 790 1157 ipse
837 1088 905 1141 ad
935 1103 1094 1142 aures
1141 1088 1565 1158 prmeordiorum
1597 1089 1864 1158 loquatur,
1899 1096 1958 1141 ut

363 1175 595 1248 primam
644 1174 807 1230 fidem
855 1191 966 1230 non
1011 1175 1172 1231 faciat
1221 1176 1448 1242 irritam,
1483 1185 1539 1230 ut
1579 1185 1702 1230 ante
1735 1193 1793 1230 se
1822 1191 1957 1248 gra-

364 1264 542 1330 diens,
575 1271 720 1318 retro
768 1279 1112 1336 nequaquam
1144 1265 1418 1335 respiciat,
1453 1264 1595 1318 viam
1627 1281 1730 1335 qua
1760 1265 1957 1318 ambu-

363 1351 511 1406 labat
538 1368 647 1406 non
695 1353 931 1420 deserat,
985 1353 1356 1424 evangelicam
1401 1353 1544 1423 legat
1573 1352 1871 1421 historiam,
1907 1361 1958 1406 et

363 1439 542 1496 videat
570 1440 643 1494 ibi
671 1441 943 1512 praecipue
973 1441 1073 1496 soli
1103 1443 1284 1508 Petro,
1318 1441 1435 1494 aliis
1467 1442 1571 1496 ista
1598 1441 1684 1495 vel
1715 1440 1808 1494 illa
1835 1440 1958 1510 opi-

362 1529 636 1596 nantibus,
705 1529 973 1583 Christum
1019 1529 1118 1584 Dei
1168 1529 1275 1584 vivi
1315 1529 1507 1584 Filium
1557 1529 1850 1583 revelatum
1907 1537 1960 1584 et

367 1613 713 1688 singulariter
738 1617 938 1672 dictum
974 1635 986 1670 :
1018 1619 1126 1688 Ego
1167 1635 1266 1690 pro
1318 1621 1370 1672 te
1415 1617 1625 1688 rogavi,
1676 1619 1860 1682 Petre,
1895 1621 1964 1670 ut

2057 474 2216 538 cepto
2245 473 2299 521 et
2344 466 2698 538 multiplicato
2744 465 3122 524 familiaritatis
3171 470 3374 528 talento
3431 471 3485 526 in
3515 487 3656 544 gau-

2056 552 2208 609 dium
2251 555 2467 610 Domini
2512 556 2683 610 nostri
2730 559 2996 612 merearis
3027 559 3244 613 intrare.
3279 559 3393 614 Nos
3426 575 3576 626 vero,
3611 561 3659 618 si

2057 659 2159 697 nos
2217 643 2518 710 audieritis,
2579 645 2698 716 quia
2758 661 2853 698 vos
2906 654 3160 718 tanquam
3214 647 3407 702 fratres
3433 657 3483 703 ct
3514 647 3656 704 filios

2059 747 2272 785 summo
2304 747 2489 785 amore
2517 733 2814 802 diligimus,
2835 735 2903 787 de
2932 734 3084 788 lucro
3106 736 3268 789 vestri
3299 737 3656 806 gaudebimus

2059 827 2112 873 et
2168 819 2763 889 superexsultabimus;
2810 822 2894 874 sin
2953 830 3153 888 autem,
3203 823 3448 878 dicemus
3509 824 3658 879 omni

2057 907 2341 972 Ecclesia),
2377 916 2429 960 et.
2459 908 2592 986 sicut
2625 909 2888 963 Dominus
2945 911 3206 981 prtecepit
3245 912 3446 982 (Matth
3477 914 3654 982 xvut),

2053 1011 2158 1049 vos
2215 1003 2464 1067 tanquam
2513 996 2760 1052 etnichos
2817 1005 2870 1050 et
2924 997 3246 1068 publicanos
3288 999 3658 1054 habebimus:

2061 1091 2116 1138 et
2145 1091 2272 1138 tunc
2304 1099 2399 1137 vos
2443 1083 2704 1148 videritis,
2751 1100 2875 1138 cum
2912 1085 2965 1138 in
2995 1085 3179 1140 varias
3219 1103 3464 1141 errorum
3495 1096 3663 1142 tenta-

2062 1171 2237 1225 tiones
2279 1171 2600 1226 incideritis.
2639 1171 2805 1227 Missa
2852 1189 2952 1242 per
3001 1173 3241 1240 Paulum,
3275 1183 3327 1229 et
3357 1175 3660 1245 Eugenium

2064 1259 2556 1314 reverendisstmos
2599 1269 2650 1313 et
2693 1268 2912 1315 sanctos
2955 1261 3264 1332 episcopos.
3311 1263 3446 1318 Data
3474 1279 3662 1318 mense

2064 1345 2258 1417 Aprili,
2290 1347 2378 1401 die
2409 1363 2528 1413 xvr,
2560 1347 2855 1404 indictione
2886 1348 3192 1404 undecima.

2803 1453 2919 1509 CX.

2259 1554 2334 1594 AD
2372 1555 2644 1604 QUEMDAM
2681 1557 2759 1596 EX
2795 1558 3086 1598 NOBILIBUS
3123 1559 3388 1600 BULGARIS
3417 1553 3462 1599 ³.

2683 1640 2862 1708 (Anno
2901 1643 3052 1712 878.)

504 1705 732 1802 ξίῗβθίαί
759 1706 894 1802 βάίξξ
927 1707 1206 1802 ίααέιασο
1238 1705 1404 1802 Χῖηδ·
1439 1706 1594 1802 Ergo.
1616 1704 1678 1770 δί’
1729 1705 1962 1802 ίδίίδῇῖθῙ
1989 1733 2044 1792 Β
2066 1725 2333 1796 Ejusdem
2373 1704 2716 1798 argumenti,
2777 1704 3040 1802 suntque
3073 1733 3194 1800 fere
3250 1731 3444 1786 eadem
3501 1731 3662 1787 verba

365 1791 471 1847 illis
498 1792 635 1848 falsa
665 1794 995 1864 putantibus,
1023 1795 1182 1848 Petro
1213 1794 1412 1849 veritas
1435 1793 1704 1864 praecipue
1727 1793 1964 1848 revelata

367 1891 467 1947 est,
519 1891 571 1937 et
613 1882 658 1936 si
702 1897 801 1952 pro
849 1880 955 1937 fide
1001 1883 1144 1936 Petri
1182 1891 1391 1937 oratum
1441 1881 1784 1954 singulariter
1823 1890 1903 1936 est
1934 1897 1968 1936 a

366 1969 500 2025 Filio
529 1985 598 2024 ne
627 1967 904 2040 deficeret,
939 1971 1249 2026 consideret
1279 1970 1495 2040 sapiens
1525 1986 1618 2023 rex
1650 1986 1809 2041 quam
1839 1969 1964 2025 lau-

369 2057 616 2112 dabiliter
631 2058 864 2129 primum
889 2058 1080 2114 fecerit
1103 2059 1304 2115 Urbem
1327 2074 1578 2130 quaerens
1595 2058 1662 2112 ad
1685 2074 1846 2128 quam
1864 2059 1965 2114 iste

370 2146 495 2202 talis
525 2154 576 2201 et
605 2154 782 2201 tantus
813 2148 1094 2218 apostolus
1123 2148 1268 2202 venit
1291 2156 1340 2202 et
1368 2146 1701 2218 praedicavit,
1734 2147 1840 2212 cui,
1875 2149 1966 2201 Pa-

367 2242 448 2290 tre
479 2235 772 2300 revelante,
797 2235 996 2290 veritas
1019 2236 1134 2290 Filii
1158 2235 1420 2306 patefacta
1443 2243 1542 2300 est,
1563 2243 1612 2288 et
1633 2235 1785 2303 cujus
1806 2234 1961 2302 fides,

370 2323 494 2396 quia
544 2323 708 2378 Filius
753 2325 984 2396 rogavit,
1043 2341 1152 2379 non
1197 2324 1412 2379 defecit.
1457 2323 1538 2378 Ad
1577 2324 1718 2378 hanc
1766 2323 1965 2394 quippe

368 2411 669 2467 Romanam
702 2413 895 2467 urbem
934 2422 1057 2483 post
1097 2413 1414 2481 Antiochiae,
1459 2428 1616 2482 quam
1646 2411 1700 2464 in
1740 2413 1966 2467 transitu

366 2499 618 2561 visitavit,
646 2499 921 2555 fundatam
943 2502 1251 2569 ecclesiam,
1277 2511 1532 2572 tanquam
1555 2499 1623 2553 ad
1645 2501 1831 2554 mundi
1861 2502 1965 2556 do-

368 2589 568 2642 minam
592 2590 940 2660 properavit;
973 2598 1026 2644 et
1055 2591 1164 2645 illic
1209 2602 1602 2662 consequenter
1649 2591 1836 2645 Filium
1868 2592 1965 2645 Dei

367 2676 496 2743 vivi,
529 2693 689 2749 quem
718 2693 826 2732 non
870 2693 1038 2733 carne
1069 2678 1154 2732 vel
1188 2680 1471 2750 sanguine.
1508 2691 1563 2735 ut
1590 2683 1962 2752 praediximus,

368 2764 466 2820 sed
496 2781 561 2820 eo
589 2766 887 2831 revelante,
921 2766 1057 2821 sicut
1090 2767 1354 2822 veraciter
1392 2771 1668 2840 cognovit,
1704 2770 1968 2826 veraciter

366 2861 420 2909 et
447 2853 795 2924 praedicavit:
822 2871 986 2925 super
1015 2871 1176 2925 quam
1207 2856 1371 2910 etiam
1401 2857 1628 2912 solidam
1661 2859 1966 2914 confessio-

365 2941 451 2996 nis
477 2949 692 3012 petram
741 2958 892 2996 suam
924 2943 1187 2998 Dominus
1228 2945 1532 3000 Ecclesiam
1561 2947 1843 3002 fabricavit
1869 2965 1882 3012 ;
1915 2955 1968 3000 et

365 3031 484 3086 haec
513 3039 596 3085 est
625 3040 782 3101 petra
812 3031 900 3085 illa
948 3048 1111 3102 supra
1137 3048 1317 3104 quam,
1351 3042 1404 3088 ut
1438 3035 1691 3090 Salomon
1723 3037 1816 3102 ait,
1850 3051 1967 3090 ser-

269 3160 275 3166 .
363 3119 542 3191 pcntis
572 3135 679 3174 non
728 3119 996 3174 invenitur
1042 3121 1352 3192 vestigium.
1383 3123 1488 3178 Pro
1517 3125 1620 3180 hac
1651 3124 1831 3196 itaque
1861 3141 1966 3194 pu-

365 3208 582 3262 rissima
633 3205 738 3263 fide
785 3209 972 3264 beatus
1011 3210 1198 3264 Petrus
1247 3210 1434 3267 Romae
1478 3221 1738 3278 moratus,
1785 3214 1840 3267 in
1871 3214 1969 3268 hac

369 3295 626 3352 stabilivit
673 3297 993 3362 Ecclesiam,
1029 3306 1081 3352 et
1109 3297 1239 3352 sede
1287 3299 1583 3368 apostolica
1631 3301 1830 3354 diutius
1861 3317 1967 3372 gu-

369 3385 618 3452 bernata,
641 3401 742 3457 pro
767 3387 870 3441 hac
892 3384 998 3441 fide
1021 3386 1188 3442 decus
1210 3387 1402 3442 mortis
1425 3389 1718 3458 assumpsit
1743 3408 1756 3454 ;
1781 3390 1968 3460 sicque

367 3484 610 3530 sanctam
655 3475 952 3530 Romanam
1001 3475 1300 3530 Ecclesiam
1331 3477 1385 3530 in
1416 3477 1519 3531 hac
1550 3475 1655 3531 fide
1687 3477 1969 3532 fundatam

368 3563 594 3634 proprio
626 3564 892 3637 sanguine
913 3581 1037 3620 cum
1059 3565 1244 3629 Paulo,
1271 3564 1360 3636 qui
1389 3565 1456 3618 ab
1476 3566 1776 3620 Jerusalem
1795 3583 1968 3637 usque

370 3653 440 3706 ad
471 3651 740 3722 Illyricam
788 3653 1087 3723 regionem,
1120 3653 1324 3708 scilicet
1347 3653 1401 3707 in
1433 3670 1540 3724 qua
1571 3671 1712 3709 nunc
1741 3671 1839 3709 vos
1867 3657 1968 3708 ha-

372 3740 572 3802 bitatis.
599 3741 898 3813 Evangelio
942 3741 1188 3811 replevit,
1223 3742 1454 3797 Domino
1483 3743 1599 3798 Deo
1631 3744 1971 3798 consecravit

371 3837 424 3884 et
481 3829 784 3894 dedicavit;
833 3846 939 3900 qua
995 3827 1102 3884 fide
1159 3837 1305 3884 tanto
1364 3831 1504 3885 intra
1562 3831 1728 3886 breve
1758 3839 1970 3903 tempus

371 3917 604 3972 Romani
647 3927 934 3972 creverunt
965 3927 1018 3973 et
1040 3919 1358 3984 floruerunt,
1381 3929 1448 3973 .ut
1499 3921 1754 3990 praelatus
1803 3937 1970 3993 egre-

373 4005 498 4078 gius
529 4006 804 4076 apostolus
836 4023 958 4060 mox
990 4006 1045 4058 in
1075 4007 1337 4077 principio
1368 4009 1724 4078 epistolarum
1753 4025 1970 4064 suarum

371 4110 474 4164 pro
504 4111 570 4149 ea
597 4096 710 4150 Deo
759 4095 963 4167 gratias
1011 4111 1179 4166 agere
1224 4103 1276 4149 et
1327 4097 1646 4150 denuntiare
1697 4097 1972 4166 praeconia

373 4182 621 4238 videatur
649 4186 826 4248 (Rom.
863 4185 922 4253 ι).
957 4185 1108 4238 Hanc
1157 4184 1333 4254 itaque
1382 4182 1542 4238 ﬁdem
1581 4184 1774 4254 fugere
1822 4201 1970 4239 sem-

371 4288 472 4342 per
501 4280 551 4326 et
581 4273 767 4337 suade,
809 4272 1142 4336 charissima,
1176 4272 1264 4342 pio
1297 4272 1414 4343 regi
1463 4273 1609 4326 sitire
1643 4290 1656 4326 :
1691 4275 1833 4327 hanc
1865 4288 1972 4326 non

369 4360 498 4415 alibi
528 4361 797 4430 praecipue
841 4377 1088 4431 querere
1119 4360 1222 4412 nisi
1256 4361 1459 4423 Romaz,
1493 4361 1583 4414 ubi
1613 4361 1855 4430 plantata
1889 4371 1970 4415 est

1999 3083 2048 3145 Ο

2589 1816 2710 1871 quae
2739 1801 2801 1854 in
2831 1801 3137 1872 superiore.

2137 1883 2602 1940 Christianissimo
2648 1887 2766 1957 regi
2807 1887 3142 1957 apostolatus
3180 1887 3352 1943 nostri
3390 1889 3665 1944 mittentes

2066 1970 2372 2042 epistolam,
2401 1973 2626 2045 dignum
2657 1975 2910 2029 duximus
2941 1984 2996 2030 ut
3019 1985 3070 2030 et
3099 1986 3204 2032 tute
3237 1992 3451 2048 quoque
3473 1976 3664 2050 gloriae

2065 2061 2452 2126 scriberemus,
2487 2070 2539 2116 et
2596 2063 2832 2133 gemitus
2887 2079 2952 2119 ac
3005 2065 3228 2120 dolores
3285 2066 3454 2119 nostri
3483 2066 3664 2121 cordis

2066 2149 2428 2218 aperiremus,
2487 2166 2625 2221 quos
2679 2151 2896 2206 assidue
2951 2152 3189 2222 patimur
3217 2155 3574 2224 suspirantes,
3611 2162 3664 2208 et

2066 2236 2251 2290 tristes
2291 2237 2509 2308 penitus
2553 2239 2870 2294 incedentes
2911 2249 2962 2295 et
3009 2251 3228 2312 stupore
3277 2241 3442 2296 nimio
3489 2242 3666 2298 admi-

2066 2333 2266 2391 rantes,
2301 2327 2576 2396 quomodo
2626 2328 2742 2398 ipse
2775 2328 3205 2398 sapientissimus
3236 2346 3327 2384 rex
3355 2339 3407 2384 et
3439 2346 3536 2385 vos
3567 2330 3668 2401 ipsi

2067 2413 2233 2466 averti
2281 2415 2581 2483 potueritis,
2635 2424 2685 2468 et
2717 2432 2747 2469 a
2780 2426 2930 2470 recta
2979 2418 3168 2471 semita
3215 2417 3513 2483 declinare,
3557 2427 3609 2472 et
3638 2433 3669 2472 a

2069 2500 2200 2554 sede
2233 2501 2375 2554 beati
2427 2501 2568 2554 Petri
2615 2504 2988 2572 apostolorum
3033 2504 3291 2574 principis
3336 2505 3556 2560 omnino
3587 2521 3670 2560 re-

2068 2589 2302 2655 cedere;
2341 2589 2449 2652 cui,
2484 2590 2621 2644 sicut
2667 2592 3022 2661 Evangelium
3077 2591 3238 2647 refert
3269 2594 3488 2664 (Matth.
3525 2593 3668 2664 xvi),

2068 2691 2174 2729 non
2227 2692 2352 2731 caro
2398 2686 2451 2731 et
2491 2678 2733 2750 sanguis,
2769 2679 2820 2732 id
2852 2689 2935 2734 est
2978 2682 3214 2734 humana
3259 2681 3540 2752 sapientia,
3576 2681 3673 2737 sed

2069 2763 2186 2833 ipse
2214 2781 2310 2834 per
2361 2781 2420 2819 se
2470 2766 2628 2820 Pater
2659 2767 2850 2820 Filium
2903 2769 3181 2839 proprium
3230 2768 3514 2836 revelavit,
3548 2785 3674 2825 cum

2069 2851 2160 2906 alii
2207 2853 2349 2908 hunc
2396 2853 2680 2921 Joannem,
2731 2856 2822 2910 alii
2868 2856 3062 2923 Eliam,
3114 2857 3204 2912 alii
3251 2857 3541 2912 Jeremiam
3583 2865 3673 2913 aut

2069 2956 2235 2994 unum
2277 2957 2343 2995 ex
2401 2944 2681 3013 prophetis
2741 2945 3126 3000 existimarent.
3176 2945 3479 3001 Scribimus
3537 2963 3671 3020 ergo

2071 3036 2330 3100 tanquam
2382 3029 2537 3085 fratri
2593 3032 2710 3100 ejus
2768 3041 2818 3086 et
2877 3033 3196 3089 charissimo
3267 3043 3475 3090 nostro.
3533 3035 3672 3089 Nam

2070 3126 2266 3172 cuncta
2313 3135 2432 3189 qua:
2489 3119 2558 3173 ad
2608 3120 2835 3174 salutem
2874 3121 3052 3194 gentis
3081 3131 3272 3177 vestrae
3301 3137 3333 3176 a
3362 3122 3521 3178 nobis
3551 3132 3674 3179 acta

2070 3211 2216 3271 sunt,
2251 3213 2305 3260 et
2353 3215 2480 3278 quot
2524 3215 2576 3261 et
2621 3217 2856 3278 quantos
2905 3209 3118 3266 labores
3167 3226 3264 3280 pro
3319 3211 3672 3268 instructione

2071 3294 2239 3347 vestri
2271 3310 2370 3348 nos
2399 3297 2880 3366 assumpserimus,
2913 3298 3030 3369 ipse
3061 3295 3310 3369 profecto
3333 3315 3440 3354 non
3469 3301 3670 3356 nescis.

2069 3381 2138 3436 Et
2172 3383 2309 3437 bene
2356 3385 2575 3454 quidem
2624 3385 2858 3456 primum
2890 3386 2943 3440 in
2974 3386 3131 3442 nobis
3177 3388 3594 3442 delectabamini
3621 3397 3676 3444 et

2083 3471 2420 3541 spiritalibus
2469 3473 2685 3545 gaudiis
2733 3483 2783 3528 et
2811 3473 3142 3545 profectibus
3186 3475 3544 3544 fruebamini;
3577 3477 3674 3532 sed

2069 3559 2344 3613 nescimus
2408 3561 2530 3631 quis
2593 3577 2689 3616 vos
2736 3562 2804 3616 de
2875 3573 3072 3618 caetero
3130 3562 3492 3631 fascinaverit,
3553 3566 3673 3636 quis

2070 3647 2363 3718 deceperit,
2424 3649 2546 3720 quis
2603 3666 2870 3722 organum
2925 3650 3100 3706 factus
3143 3651 3368 3718 diaboli,
3418 3653 3510 3724 qui
3541 3653 3672 3707 olim

2070 3753 2171 3806 per
2226 3746 2537 3808 serpentem
2596 3739 2768 3792 Evam
2815 3739 3046 3806 seduxit,
3095 3757 3192 3794 vos
3224 3756 3257 3795 a
3289 3750 3436 3796 recto
3482 3741 3674 3797 itinere

2071 3825 2262 3880 callida
2311 3826 2562 3881 suasione
2613 3828 2912 3883 retraxerit.
2971 3828 3127 3883 Unde
3155 3844 3264 3884 non
3295 3846 3487 3900 parum
3518 3830 3675 3885 dole-

2070 3931 2192 3968 mus
2243 3931 2345 3970 nec
2387 3915 2576 3969 levxter
2622 3917 2946 3971 anxiamur:
2981 3926 3033 3971 et
3078 3917 3282 3972 idcirco
3329 3926 3398 3988 te,
3433 3919 3677 3974 virorum

2072 4003 2293 4073 Optime,
2329 4005 2693 4072 cohortamur,
2745 4005 2972 4075 loquere
2999 4006 3070 4060 ad
3100 4022 3258 4061 aures
3303 4007 3548 4076 ejusdem
3595 4008 3678 4061 di-

2072 4091 2198 4145 lecti
2229 4091 2319 4144 filii
2352 4091 2519 4144 nostri
2551 4092 2721 4162 regis,
2755 4093 2842 4146 cui
2874 4101 2926 4146 et
2955 4093 3218 4148 Dominus
3249 4094 3365 4164 ipse
3395 4095 3574 4166 potius
3607 4096 3676 4150 ad

2073 4194 2237 4232 aures
2264 4178 2690 4248 praecordiorum
2728 4179 2997 4250 loquetur,
3031 4189 3088 4235 ut
3115 4181 3342 4251 primam
3373 4181 3534 4237 fidem
3567 4199 3675 4238 non

2073 4265 2232 4323 faciat
2261 4266 2488 4332 irritam,
2521 4275 2574 4321 ut
2601 4276 2723 4321 ante
2755 4284 2814 4321 se
2845 4268 3121 4340 gradiens,
3154 4277 3302 4324 retro
3334 4287 3678 4343 nequaquam

2077 4356 2356 4426 resp'ciat,
2402 4354 2545 4410 viam
2593 4371 2700 4427 qua
2746 4355 3058 4410 ambulabat
3095 4373 3205 4412 non
3233 4358 3466 4427 deserat,
3502 4375 3675 4414 evan-

372 4457 426 4504 ει
456 4449 691 4504 τεάίοδιε
720 4465 751 4503 ει
783 4449 939 4503 ᾕρειιο
973 4449 1148 4514 Petro,
1184 4448 1272 4519 qui
1305 4449 1458 4515 hanc,
1495 4458 1550 4502 υι
1581 4466 1741 4518 supra
1782 4459 1970 4504 osten-
1999 4433 2052 4494 D
2074 4445 2309 4517 gelicam
2367 4442 2513 4516 legat
2543 4444 2845 4509 historiam,
2880 4453 2932 4498 et
2961 4445 3140 4501 videat
3167 4445 3238 4500 ibi
3269 4447 3542 4518 praecipue
3573 4447 3676 4503 soli

373 4537 571 4606 dimus,
617 4537 754 4592 sicut
803 4537 1072 4592 veraciter
1099 4537 1353 4608 cognovit
1384 4537 1650 4592 veraciter
1682 4545 1732 4592 et
1770 4538 1964 4607 praedi-

373 4625 512 4681 cavit
558 4643 572 4680 :
619 4626 873 4696 quoniam
924 4627 1060 4680 sicut
1108 4641 1249 4696 aqua
1297 4642 1572 4697 nunquam
1623 4633 1800 4696 potest
1847 4626 1972 4680 alibi

371 4721 480 4768 tam
509 4714 711 4768 munda
739 4715 826 4769 vel
856 4723 963 4768 tam
994 4715 1212 4786 limpida
1245 4715 1703 4786 quemadmodum
1736 4715 1787 4768 in
1821 4714 1967 4769 fonte

372 4803 517 4858 unde
563 4802 827 4874 originem
874 4805 1154 4874 protrahit,
1198 4803 1448 4868 inveniri,
1483 4805 1552 4857 ita
1583 4813 1633 4857 et
1664 4802 1798 4858 fides
1829 4821 1970 4857 nun-

374 4907 536 4964 quam
565 4891 786 4946 omnino
830 4892 1027 4963 poterit
1075 4893 1202 4946 alibi
1233 4901 1342 4946 tam
1387 4909 1522 4962 pura
1554 4893 1637 4946 vel
1669 4901 1774 4946 tam
1802 4893 1972 4946 nitida

373 4979 602 5052 reperiri
645 4980 784 5036 sicut
813 4981 870 5034 in
901 4981 1164 5036 Ecclesiae
1211 4989 1411 5036 nostra:
1459 4981 1688 5044 vivario,
1724 4981 1813 5034 ubi
1848 4997 1970 5035 eam

374 5083 482 5125 non
513 5077 652 5126 tecta
679 5069 1056 5140 perstillantia,
1079 5070 1276 5140 quibus
1304 5069 1536 5140 litigiosa
1564 5069 1778 5134 mulier,
1803 5069 1856 5122 id
1889 5078 1971 5122 est

375 5159 622 5215 haeretica
679 5159 936 5229 pravitas,
997 5165 1372 5228 comparatur;
1422 5158 1518 5211 sed
1575 5157 1664 5211 ille
1719 5157 1968 5228 polorum

375 5247 622 5320 claviger
669 5247 900 5302 ubertim
931 5256 983 5302 et
1031 5247 1322 5318 purissime
1371 5245 1745 5318 congregavit,
1783 5247 1874 5318 qui
1902 5263 1967 5300 ex

375 5335 496 5408 ipso
526 5335 670 5394 fonte
703 5336 828 5391 vivo
859 5337 998 5392 hanc
1026 5336 1236 5392 caelitus
1259 5335 1436 5390 hausit
1457 5342 1507 5391 et
1534 5333 1969 5404 limpidissimam

377 5423 810 5481 conservandam
840 5425 1136 5479 mandavit.
1172 5426 1318 5490 Haec,
1360 5421 1697 5491 charissima,
1731 5423 1820 5494 pio
1852 5423 1968 5496 regi

2073 4533 2232 4588 Petro
2277 4533 2548 4587 Christum
2594 4533 2691 4587 Dei
2735 4533 2840 4588 vivi
2873 4533 3068 4588 Filium
3107 4535 3430 4590 revelatum.
3462 4535 3545 4589 Ad
3576 4536 3674 4590 hu-

2065 4623 2155 4692 jus
2203 4638 2334 4694 ergo
2384 4621 2682 4676 beatissimi
2733 4623 2870 4676 Petri
2903 4623 3088 4677 sedem
3120 4623 3286 4678 alacri
3325 4633 3545 4694 pectore
3576 4640 3672 4679 rex

2072 4710 2567 4766 Christianissimus
2617 4711 2840 4774 redeat;
2875 4719 2926 4765 et
2958 4711 3095 4765 sicut
3143 4728 3356 4776 servus,
3389 4728 3513 4767 cum
3543 4711 3674 4782 quid

2072 4802 2364 4870 sumpserit
2427 4799 2668 4864 noxium,
2728 4799 3001 4853 desiderat
3058 4801 3128 4854 ad
3176 4800 3354 4855 fontes
3411 4817 3673 4872 aquarum

2073 4890 2246 4959 (Psal.
2283 4889 2445 4958 xui),
2489 4888 2560 4942 ita
2609 4888 2882 4942 desideret
2913 4895 2964 4942 et
2994 4889 3136 4943 sitiat
3181 4889 3359 4943 anima
3407 4889 3578 4961 ipsius
3605 4890 3673 4944 ad

2073 4976 2352 5032 salutifera
2401 4977 2516 5045 ejus
2556 4976 2816 5031 doctrina:
2861 4974 3082 5030 ﬂuenta.
3118 4977 3176 5030 In
3207 4994 3314 5049 q'to
3357 4978 3448 5049 pio
3479 4988 3565 5033 tua
3596 4977 3676 5033 la-

2070 5066 2220 5120 boret
2269 5082 2435 5136 Opere
2468 5082 2577 5135 prae
2607 5063 2814 5119 cunctis
2846 5064 3089 5130 solertia,
3123 5075 3177 5120 ut
3206 5083 3316 5120 non
3357 5067 3531 5122 solum
3564 5067 3678 5122 fra-

2070 5163 2208 5210 trem
2257 5153 2637 5210 charissimum
2689 5152 3012 5220 lucrifacias,
3047 5154 3144 5209 sed
3175 5163 3225 5208 et
3257 5155 3326 5209 de
3356 5156 3527 5210 salute
3556 5171 3672 5210 om-

2071 5244 2218 5298 nium
2249 5251 2490 5297 vestrum
2534 5241 2650 5311 ipse
2682 5241 2998 5297 mercedum
3041 5242 3266 5312 praemia
3293 5243 3668 5316 consequaris.

2067 5332 2212 5386 Nihil
2261 5331 2404 5386 enim
2433 5330 2606 5401 placet
2654 5329 2769 5386 Deo
2818 5330 2938 5401 plus
2969 5330 3050 5387 his
3093 5332 3184 5404 qui
3214 5333 3284 5387 ab
3323 5349 3511 5390 errore
3539 5347 3670 5388 con-

2067 5419 2202 5476 verti
2249 5419 2448 5474 faciunt
2477 5417 2744 5484 homines,
2779 5419 2864 5474 vel
2897 5419 2986 5492 qui
3033 5419 3105 5475 ad
3127 5419 3390 5489 justitiam
3422 5420 3668 5478 erudiunt

446 5573 471 5606 “
490 5577 606 5628 Haec
632 5577 836 5641 epistola
859 5577 985 5641 apud
1010 5577 1160 5630 Mansi
1185 5587 1443 5640 perperam
1465 5575 1702 5638 inscripta
1730 5577 1805 5626 est
1833 5593 1845 5623 :
1874 5573 2104 5625 Michael!
2127 5572 2340 5634 glorioso
2364 5571 2473 5634 regi
2498 5569 2786 5634 Belgarum,
2815 5574 2873 5620 ut
2889 5584 2955 5622 ea:
2977 5574 3206 5623 contemtu
3223 5573 3376 5632 patet.
