4160 6310
497 271 600 323 763

1757 269 2076 326 JOANNES
2123 267 2299 325 ΡΛΡΑ
2353 275 2488 330 νιιι.

3689 260 3795 340 ἥδε

497 392 777 461 plurimos.
835 393 902 446 Et
958 392 1082 448 ideo
1135 408 1236 462 pro
1287 401 1394 448 tam
1451 402 1639 448 sancto
1687 393 1894 459 labore,
1928 390 2177 462 beatoA
2197 391 2282 447 nis
2309 397 2670 454 contubernio
2701 409 3066 471 sequestrare,
3101 404 3163 458 in
3191 411 3458 478 promptu
3503 407 3788 474 habentes,

499 479 660 535 Petro
688 479 968 551 clavigero
996 481 1154 553 regni
1185 479 1424 537 caelestis
1441 481 1834 544 intercedente,
1858 481 2093 552 operies,

501 567 641 622 sicut
660 567 923 639 scriptum
942 577 1025 624 est
1041 570 1182 640 (Jac.
1203 571 1285 638 ιι),
1305 569 1705 626 multitudinem
1725 577 2094 640 peccatorum,

496 663 550 712 et
575 656 870 711 stabilieris
913 657 1069 729 quasi
1099 657 1224 714 οωΙί
1271 656 1670 713 ﬁrmamentum
1699 667 1752 714 et
1780 658 1899 712 dies
1930 666 2094 712 aeter-

498 743 706 799 nitatis.
747 744 855 800 Sed
885 753 938 800 et
961 761 1060 800 nos
1107 745 1326 800 interim
1357 753 1407 800 te
1437 747 1489 800 in
1519 746 1838 800 devotorum
1867 760 2096 800 numero

497 829 728 886 ﬁliorum
797 832 1138 898 habebimus,
1199 841 1252 888 et
1309 831 1744 888 confessionibus
1809 831 2093 903 apostolo-

493 935 614 974 rum
671 920 981 991 principum
1042 920 1362 976 memoriam
1419 920 1495 974 tui
1544 921 1748 990 jugiter
1805 935 2092 975 commen-

497 1007 630 1062 dare
677 1008 985 1062 nullatenus
1031 1008 1356 1064 omittemus.
1389 1009 1525 1062 Data
1561 1023 1747 1062 mense
1780 1007 1971 1079 Aprili,
2003 1007 2092 1062 in-

501 1095 736 1151 dictione
767 1112 846 1150 ιιι.

1222 1179 1362 1234 CXI.

928 1265 1236 1305 PATRMRCH
1243 1265 1318 1305 All
1355 1264 2086 1304 CONSTANTIXOPOLITANUM.

1107 1323 1288 1391 (Anno
1327 1323 1474 1389 878.)

505 1409 698 1481 Tertio
705 1410 831 1481 jam
875 1413 1212 1476 commonet,
1259 1425 1332 1464 ne
1375 1409 1681 1478 Bulgarum
1702 1411 1987 1481 regionem
2016 1408 2089 1463 ad

571 1479 876 1533 Ecclesium
899 1481 1214 1551 Romanam
1223 1481 1350 1550 jam
1366 1481 1686 1551 antiquitus
1702 1479 2089 1551 pertinentem

571 1496 876 1533 ecclesiam
899 1496 1210 1536 uomanam
1223 1496 1350 1550 jam
1366 1496 1470 1534 ant
1529 1496 1686 1534 uitus
1702 1496 2089 1551 pertinentem

567 1551 818 1620 usurpet,
847 1553 902 1604 et
932 1565 1014 1615 eo,
1048 1551 1134 1605 vel
1163 1550 1230 1605 ab
1261 1551 1382 1620 ejus
1410 1496 1785 1620 suﬁraganeis
1815 1551 1876 1604 in
1906 1565 1972 1604 ea
1998 1565 2089 1620 re-

565 1619 726 1692 gione
768 1625 1122 1692 consecratos
1168 1619 1448 1692 episcopos
1489 1619 1648 1675 intra
1693 1620 1929 1690 triginta
1969 1619 2087 1692 dies

567 1689 732 1762 illinc
762 1691 965 1762 educat
987 1712 1006 1747 :
1037 1695 1094 1745 et
1123 1689 1238 1746 nisi
1255 1689 1384 1762 post
1411 1691 1552 1746 duas
1571 1689 1792 1744 menses
1805 1691 2083 1762 paruerit,

565 1759 840 1832 Dominici
886 1763 1132 1832 corporis
1161 1765 1216 1816 et
1245 1759 1542 1830 sanguinis
1586 1759 2000 1832 communione,
2033 1763 2091 1832 et

563 1831 641 1902 si
666 1831 1110 1902 perseveraverit
1152 1832 1216 1886 in
1273 1831 1652 1894 contumacia,
1710 1831 2092 1902 patriarchali

564 1900 739 1955 etiam
771 1901 1051 1972 dignitate
1075 1903 1286 1974 privat.

563 1987 1026 2044 Reverentissimo
1042 1987 1300 2045 confratri
1340 1996 1525 2044 nostro
1583 1989 1813 2042 [anno
1863 1988 2090 2058 patriar-

495 2075 612 2130 chae
634 2076 1250 2148 Constantinopolitano.

425 2148 432 2152 ’
561 2163 813 2218 Secundo
850 2165 963 2232 jam
1021 2165 1168 2220 sedis
1224 2165 1538 2235 apostolicae
1591 2164 1781 2218 litteris
1837 2164 2089 2234 probaris

491 2251 814 2319 admonitus,
861 2261 914 2307 et
958 2268 1057 2322 per
1096 2253 1296 2307 missos
1344 2253 1462 2321 ejus
1509 2251 1906 2307 contestatoriis
1950 2267 2086 2308 con-

491 2347 685 2394 ventus
743 2340 1065 2406 hortatibus,
1134 2342 1257 2410 jure
1330 2341 1422 2394 tibi
1481 2340 2089 2410 Constantinopolitanae

489 2427 812 2493 dieeceseos,
845 2429 988 2498 quod
1017 2444 1116 2499 per
1136 2429 1380 2497 ejusdem
1412 2427 1600 2498 prima;
1620 2428 1767 2484 scdis
1795 2428 2088 2484 auctorita-

489 2523 595 2570 tem
626 2524 679 2570 et
708 2515 970 2581 favorem,
1000 2525 1273 2571 annuente
1305 2518 1440 2582 Deo,
1475 2532 1786 2587 receperas,
1821 2516 1920 2571 rite
1948 2531 2085 2572 con-

489 2611 687 2670 tentus,
721 2603 860 2659 ultra
909 2602 1144 2676 prafixos
1174 2605 1268 2658 tibi
1301 2621 1367 2659 ex
1391 2605 1692 2660 canonibus
1721 2604 1919 2658 limites
1947 2620 2086 2674 prte-

490 2692 811 2762 sumptionis
856 2693 1051 2762 pedem
1101 2708 1208 2747 non
1241 2693 1514 2757 teuderes,
1548 2707 1650 2747 nec
1687 2693 1940 2764 antiquos
1969 2701 2084 2746 ter-

488 2779 684 2834 mimos
706 2797 845 2852 quos
874 2789 1174 2851 posuerunt
1203 2789 1387 2851 patres
1416 2781 1490 2836 tui
1521 2781 1702 2852 aliqua
1729 2780 2084 2852 usurpatione

489 2867 831 2923 transferres.
866 2869 1060 2923 Nullus
1107 2877 1286 2924 autem
1317 2869 1535 2942 ignorat
1565 2869 1848 2942 regionem
1879 2869 2083 2939 Bulga-

487 2972 610 3010 rum
637 2971 670 3010 a
701 2964 904 3012 sanctae
947 2957 1222 3012 memoria:
1269 2958 1509 3012 Damaso
1551 2973 1712 3028 papa,
1745 2966 1796 3012 et
1823 2958 2084 3028 deinceps

486 3059 659 3116 usque
689 3045 758 3100 ad
786 3060 1126 3118 paganorum
1159 3045 1514 3116 irruptionem
1543 3061 1573 3100 a
1603 3045 1750 3100 sedis
1769 3045 2084 3116 apostolicae

486 3132 828 3204 praesulibus,
888 3143 1142 3205 quantum
1191 3135 1260 3188 ad
1317 3133 1702 3190 ecclesiasticae
1753 3133 2084 3204 provisnonis

485 3221 673 3276 attinet
727 3221 1096 3294 privilegium,
1170 3223 1533 3278 moderatam.
1595 3222 1901 3276 Praesertim
1958 3238 2083 3278 cum

481 3309 586 3364 hoc
614 3309 874 3364 nonnulla
905 3310 1126 3380 scripta,
1159 3311 1254 3365 sed
1285 3311 1556 3382 praecipue
1588 3310 1926 3365 diversorum
1955 3327 2080 3382 pon-

483 3397 687 3454 tificum
718 3397 1082 3453 Romanorum
1113 3415 1204 3452 res
1241 3407 1412 3469 gestae
1441 3414 1563 3470 quae
1591 3398 1644 3452 in
1667 3399 1914 3461 ,archivis
1944 3399 2082 3454 anti-

482 3485 662 3557 quitus
713 3493 916 3541 nostra:
962 3493 1311 3541 reservantur
1357 3486 1642 3556 Ecclesiae,
1691 3486 1890 3542 clarius
1938 3496 2080 3544 atte-

475 3581 703 3628 stentur.
752 3574 832 3628 De
862 3573 947 3628 his
977 3582 1159 3630 autem
1187 3591 1309 3646 quae
1337 3574 1535 3630 bellica
1564 3573 1750 3630 clades
1776 3583 1828 3630 et
1858 3575 2080 3646 gravis-

482 3661 606 3716 simi
655 3661 964 3716 hostilitatis
1018 3662 1272 3717 incursus
1327 3661 1575 3717 intulisse
1631 3671 1947 3733 noscuntur,
2005 3665 2082 3719 nil

479 3749 828 3820 praestantius
877 3750 1219 3805 sentiendum
1269 3759 1352 3805 est
1399 3767 1560 3820 quam
1591 3751 1737 3822 quod
1775 3751 2082 3808 clarissima

479 3837 746 3893 Ecclesiae
794 3838 940 3906 tuba,
993 3846 1217 3893 sanctus
1267 3838 1519 3892 videlicet
1565 3839 1674 3894 Leo
1703 3848 1905 3895 nostrae
1933 3841 2080 3895 sedis

479 3928 722 3993 antistes,
771 3928 985 3982 edocuit
1028 3935 1081 3981 et
1129 3927 1391 3993 decrevit,
1443 3944 1566 3984 cum
1616 3928 1689 3982 ait
1717 3930 1903 4002 (epist.
1939 3930 2078 3999 85):

480 4015 824 4081 Adhibenda,
873 4015 1143 4086 inquiens,
1188 4017 1396 4072 curatio
1443 4025 1545 4082 est,
1597 4024 1651 4071 ut
1700 4017 1927 4072 vulnera
1957 4034 2080 4088 qua:

479 4103 804 4158 adversione
831 4103 1143 4158 hostilitatis
1181 4103 1330 4158 illata
1360 4113 1504 4174 sunt,
1536 4104 1817 4176 religionis
1846 4105 2078 4160 maxime

479 4192 684 4246 ratione
759 4200 1034 4246 sanentur.
1111 4191 1216 4260 Qui
1291 4201 1432 4248 statu
1508 4209 1720 4262 rerum,
1782 4193 2078 4248 auxiliante

478 4280 732 4346 Domino,
765 4279 820 4334 in
849 4279 1074 4335 meliora
1103 4295 1370 4336 converso
1399 4281 1593 4336 iterum
1625 4281 1754 4337 dicit
1787 4299 1800 4336 :
1833 4277 2078 4337 Remotis

479 4368 632 4422 malis
661 4384 782 4440 quae
827 4367 1096 4422 hostilitas
1127 4369 1320 4435 intulit,
1355 4369 1648 4440 unicuique
1676 4369 1733 4424 id
1763 4371 1910 4442 quod
1938 4369 2076 4442 legi-

499 1263 571 1302 Αι)
609 1265 877 1304 ΙΟΝΑΤΙΙῙΜ

477 4456 603 4512 time
633 4433 838 4522 habuit,
872 4454 1232 4521 reformetur;
1266 4433 1521 4527 omnique
1560 4433 1737 4513 studio
1765 4433 2069 4528 procuran-
2093 4433 2147 4493 D

478 4544 606 4598 dum
637 4553 720 4598 est
776 4553 828 4598 ut
884 4543 1110 4614 recipiat
1165 4543 1537 4614 unusquisque
1595 4545 1740 4616 quod
1794 4547 2076 4616 proprium

477 4640 578 4686 est.
639 4633 706 4686 Et
761 4647 950 4688 rursus
984 4649 996 4685 :
1029 4630 1188 4700 Quod
1241 4631 1434 4686 bellica
1507 4633 1834 4688 necessitate
1889 4635 2076 4688 turba-

479 4729 589 4773 tum
619 4728 719 4788 est,
753 4720 907 4790 pacis
948 4718 1194 4774 remedio
1225 4717 1568 4775 reformatur.
1603 4721 1711 4774 Sed
1743 4721 1880 4786 haec,
1915 4739 2076 4778 reve-

480 4807 783 4862 rentissime
839 4807 1024 4870 frater,
1082 4807 1262 4861 omnia
1316 4807 1517 4862 clausis
1573 4809 1745 4863 oculis
1809 4809 2074 4882 relegisti,

478 4903 897 4968 sanctorumque
941 4897 1159 4949 Patrum
1206 4895 1422 4950 decreta
1467 4897 1726 4952 calcaneo
1789 4901 2076 4955 temerario

481 4981 831 5049 conculcasti,
863 4999 926 5038 ac
971 4981 1348 5052 multiplicium
1379 4984 1470 5038 tibi
1501 4983 1888 5041 beneﬁciorum
1930 4988 2078 5042 sedis

481 5069 797 5140 apostolicae
849 5071 1208 5140 praestitorum
1283 5071 1503 5139 oblitus,
1575 5081 1758 5128 contra
1829 5077 2078 5130 eamdem

484 5165 730 5212 sanctam
776 5158 982 5220 sedem,
1030 5157 1450 5215 benefactricem
1504 5161 1753 5218 videlicet
1805 5173 1973 5228 tuam,
2025 5173 2079 5218 et

484 5254 698 5302 erectus
727 5261 807 5312 es,
853 5246 1090 5318 priscam
1136 5247 1412 5303 dioecesim
1444 5249 1498 5304 in
1529 5251 1756 5324 regione
1797 5252 2079 5325 Bulgarica

483 5335 829 5389 constitutam
903 5334 1090 5390 illicita
1144 5338 1466 5407 pervasione
1524 5341 1852 5411 subripiens,
1913 5350 1965 5394 et
2024 5341 2078 5395 in

483 5423 712 5478 alienam
742 5439 977 5478 messem
1004 5432 1190 5480 contra
1214 5426 1426 5481 divinas
1457 5427 1610 5501 leges
1639 5429 1854 5484 mittere
1884 5428 2076 5486 falcem

484 5528 593 5567 non
623 5529 879 5569 renuens.
906 5513 1058 5570 Unde
1087 5514 1282 5570 merito
1308 5524 1433 5588 post
1461 5517 1693 5587 primam
1715 5526 1767 5572 et
1783 5519 2078 5575 secundam

485 5601 958 5658 commonitionem
989 5617 1018 5656 a
1049 5610 1248 5658 nostrae
1278 5611 1330 5657 te
1359 5605 1723 5660 debueramus
1744 5607 2080 5663 communio-

2111 3083 2162 3146 C

2195 483 2496 539 secundum
2511 485 2853 556 Apostolum,
2877 505 3101 546 omnem
3123 492 3324 548 ulcisci
3345 493 3790 562 inobedientiam

2196 568 2250 636 (Ι
2265 571 2385 626 Cor.
2411 572 2472 642 ιι)
2492 591 2506 640 ;
2527 574 2618 646 qui
2647 575 2809 630 etiam
2831 576 2961 633 dicit
2985 594 2997 632 :
3021 579 3081 634 Si
3109 581 3234 652 quis
3265 596 3382 636 non
3416 581 3600 638 obedit
3631 583 3788 639 verbo

2193 662 2386 716 nostro
2410 677 2514 732 per
2565 665 2884 735 epistolam,
2942 667 3092 722 hunc
3129 671 3344 734 notate,
3384 673 3451 724 ut
3480 686 3595 725 non
3647 686 3787 726 com-

2193 746 2554 804 misceamini
2570 767 2701 806 cum
2721 767 2781 808 eo
2793 752 2871 821 (II
2895 754 3032 808 Tim.
3052 754 3137 825 ιιι)
3161 773 3174 819 ;
3201 757 3298 812 sed
3315 757 3441 828 quia
3463 758 3608 812 sedis
3627 773 3789 828 apos-

2193 833 2368 890 tolicae
2388 837 2763 894 moderatione
2790 848 3041 908 utentes;
3091 843 3283 914 spiritu
3330 845 3566 900 lenitatis
3609 848 3788 918 potius

2194 938 2353 992 quam
2367 925 2672 980 severitatis
2687 943 2820 1000 erga
2835 921 3196 1000 corréptionis
3210 939 3316 986 tuae
3331 932 3622 1006 ﬂagramus
3633 933 3793 991 aﬁ‘ec-

2193 1015 2327 1078 tum,
2348 1027 2476 1066 ecce
2499 1013 2656 1068 tertio
2679 1016 2942 1072 canonice
2963 1033 3064 1088 per
3081 1018 3280 1074 missos
3303 1029 3352 1074 et
3371 1021 3604 1092 syllabas
3639 1038 3790 1077 eom-

2192 1112 2501 1165 monemus,
2538 1108 2590 1155 et
2621 1102 2920 1169 hortamur,
2954 1113 3006 1159 et
3051 1113 3436 1176 protestamur,
3486 1116 3546 1163 ut
3586 1110 3788 1164 nullam

2190 1187 2413 1241 omnino
2443 1204 2649 1243 moram
2679 1206 2960 1261 perpessa,
2985 1199 3236 1248 strenuos
3255 1195 3400 1250 viros
3421 1195 3475 1250 in
3504 1198 3792 1269 regionem

2189 1273 2488 1346 Bulgarum
2505 1276 2720 1347 dirigat,
2745 1281 2836 1350 qui
2852 1295 2951 1350 per
2966 1288 3133 1335 totam
3153 1281 3386 1351 patriam
3403 1293 3790 1354 peragrantes,

2189 1376 2544 1434 quoscunque
2573 1363 2686 1420 illic
2725 1367 3024 1437 repererint
3053 1369 3145 1439 qui
3173 1384 3207 1423 a
3252 1377 3304 1424 te
3332 1370 3419 1424 vel
3459 1387 3490 1424 a
3534 1383 3795 1442 subjectis

2187 1448 2285 1502 tibi
2314 1452 2747 1507 consecrationis
2775 1470 2968 1509 munus
3015 1457 3298 1528 accepisse
3348 1459 3619 1530 dicuntur,
3671 1461 3791 1517 sine

2187 1537 2380 1608 quavis
2410 1538 2664 1596 dilatione
2705 1541 2998 1598 reducant:
3024 1543 3099 1598 ita
3115 1553 3172 1598 ut
3186 1543 3325 1599 intra
3337 1546 3553 1619 triginta
3574 1548 3788 1604 dierum

2186 1625 2417 1694 spatium
2465 1627 2646 1682 nullus
2693 1629 3002 1701 episcopus,
3056 1631 3236 1688 nullus
3280 1634 3502 1690 omnino
3531 1636 3781 1704 clericus,

2114 1733 2168 1794 Β
2189 1711 2282 1783 qui
2309 1721 2416 1768 tuae
2445 1715 2816 1785 ordinationis,
2847 1717 2956 1774 imo
3003 1719 3415 1777 inordinationis
3463 1732 3606 1793 sunt,
3645 1725 3788 1781 inter

2188 1817 2380 1856 omnes
2393 1802 2688 1874 Bulgarum
2718 1804 2856 1860 fines
2885 1807 3209 1864 inveniatur.
3228 1811 3350 1864 Non
3371 1809 3514 1866 enim
3553 1813 3789 1882 patimur

2189 1903 2284 1944 eos
2315 1905 2453 1960 quos
2483 1890 2685 1947 ibidem
2714 1901 2769 1948 tu
2809 1893 2991 1950 illicite
3041 1896 3384 1968 constituisti,
3434 1915 3572 1970 quos
3618 1909 3670 1955 et
3716 1902 3788 1956 ab

2187 1977 2486 2046 apostolica
2515 1995 2638 2035 esse
2661 1981 2775 2050 jam
2809 1982 2941 2036 sede
2997 1982 3157 2052 hujus
3213 1985 3291 2040 rei
3346 1987 3520 2057 gratia
3577 1998 3790 2044 constat

2187 2067 2705 2134 excommunicatos,
2740 2085 2927 2125 errore
2959 2087 3072 2126 sum
3110 2075 3572 2143 praevaricationis
3621 2077 3785 2132 corda

2187 2169 2456 2209 novorum
2486 2156 2700 2210 Domini
2732 2157 3054 2234 famulorum
3085 2159 3305 2216 inficere
3337 2179 3350 2217 :
3375 2179 3512 2234 quos
3534 2164 3785 2220 videlicet

2187 2241 2241 2295 in
2273 2239 2378 2297 fide
2435 2233 2806 2300 instructionis
2863 2261 3026 2302 manu
3086 2233 3468 2319 plantavimus,
3531 2260 3584 2306 et
3642 2269 3784 2324 aqua

2189 2329 2439 2384 salutaris
2453 2331 2614 2386 fontis
2634 2333 3000 2390 doctrinarum
3033 2336 3350 2406 rigavimus,
3384 2348 3545 2411 atque
3592 2342 3786 2396 horum

2187 2419 2396 2473 auctori
2427 2420 2542 2474 Deo
2593 2421 2660 2474 ad
2707 2421 3100 2478 incrementum
3150 2425 3373 2496 spiritus
3421 2427 3679 2494 dandum,
3728 2438 3786 2482 ut

2188 2505 2253 2559 sit
2283 2505 2399 2576 ipse
2429 2508 2480 2560 in
2538 2510 2790 2564 omnibus
2847 2511 3137 2582 primatum
3194 2522 3408 2580 tenens,
3467 2515 3780 2572 obtulimus.

2186 2594 2354 2648 Porro
2386 2595 2429 2648 si
2463 2595 2596 2650 intra
2626 2597 2844 2669 triginta
2878 2599 3156 2655 intervalla
3183 2601 3396 2656 dierum
3426 2618 3616 2658 omnes
3647 2621 3784 2676 quos

2185 2681 2270 2735 vel
2301 2690 2376 2747 tu,
2404 2684 2490 2738 vel
2521 2685 2761 2756 episcopi
2793 2687 2868 2741 tui
2899 2703 3256 2745 consecrasse
3287 2691 3340 2744 in
3372 2691 3553 2762 aliquo
3608 2694 3782 2762 gradu

2181 2777 2437 2839 putantur
2501 2773 2780 2840 Ecclesiae,
2851 2790 2884 2829 a
2951 2777 3112 2832 totius
3174 2778 3416 2849 regionis
3479 2780 3780 2853 Bulgaricaa

2183 2858 2428 2912 terminis
2481 2875 2591 2914 non
2647 2861 2917 2930 eduxeris,
2976 2872 3030 2919 et
3083 2866 3427 2937 temetipsum
3481 2869 3551 2922 ab
3633 2870 3780 2924 omni

2181 2947 2554 3004 ecclesiastico
2585 2949 2730 3004 illius
2752 2951 2878 3020 jure
2926 2953 3228 3008 dimceseos
3275 2970 3382 3010 non
3431 2956 3777 3022 subduxeris,

2183 3035 2364 3089 tandiu
2399 3043 2587 3092 sancto
2615 3054 2940 3109 corpore-ac
2982 3042 3220 3112 pretioso
3269 3044 3532 3116 sanguine
3565 3046 3779 3100 Domini

2183 3123 2355 3177 nostri
2383 3125 2511 3178 Jesu
2542 3126 2740 3180 Christi
2769 3137 2893 3198 post
2931 3130 3069 3184 duos
3115 3147 3334 3186 menses
3376 3149 3408 3186 a
3454 3133 3540 3187 die
3589 3150 3781 3189 nume-

2184 3212 2384 3267 randos
2413 3228 2520 3284 qua
2571 3214 2727 3284 hujus
2775 3217 3020 3286 epistolae
3061 3226 3264 3274 tomum
3314 3222 3612 3292 acceperis,
3664 3232 3780 3278 esto

2182 3299 2443 3370 privatus,
2486 3302 2726 3372 quandiu
2783 3305 2868 3358 his
2925 3305 3232 3362 obstinatus
3289 3308 3521 3364 decretis
3580 3311 3780 3365 nostris

2182 3387 2404 3442 minime
2435 3389 2759 3447 obedientim
2805 3393 2947 3448 colla
2995 3395 3336 3450 submiseris.
3377 3397 3494 3451 Jam
3542 3413 3672 3452 vero
3729 3399 3772 3453 si

2182 3477 2533 3546 pertinaciter
2553 3477 2606 3532 in
2625 3480 2723 3536 hac
2743 3480 3234 3553 indisciplinatione
3261 3492 3422 3556 atque
3451 3487 3776 3556 pervasione

2180 3565 2568 3634 permanseris,
2602 3575 2655 3622 et
2685 3569 2972 3640 episcopos
3001 3580 3054 3626 et
3082 3581 3340 3644 quotquot
3388 3573 3498 3628 illic
3555 3575 3640 3629 vel
3699 3574 3779 3630 illi

2179 3652 2266 3706 vel
2293 3661 2349 3706 tu
2377 3669 2735 3711 consecrasse
2765 3657 2985 3724 videris,
3059 3658 3206 3714 foras
3235 3661 3382 3717 illinc
3410 3661 3586 3716 minus
3607 3679 3778 3733 expu-

2180 3740 2328 3808 leris,
2362 3743 2746 3814 omnipotentis
2777 3747 2874 3800 Dei
2896 3747 3102 3816 judicio
3133 3757 3183 3803 et
3224 3750 3502 3804 beatorum
3552 3759 3776 3821 aposto-

2179 3827 2354 3882 lorum
2383 3830 2687 3902 principum
2723 3834 3040 3890 auctoritate
3071 3845 3381 3909 nostraeque
3423 3839 3776 3894 mediocrita-

2181 3917 2248 3970 tis
2305 3919 2589 3985 sententia,
2645 3923 2792 3976 omni
2849 3924 3246 3994 patriarchatus
3304 3935 3422 3981 esto
3484 3927 3771 3999 dignitate,

2178 4021 2338 4076 quam
2366 4005 2546 4062 favore
2580 4018 2770 4065 nostro
2827 4027 3136 4083 receperas,
3194 4014 3402 4070 alienus
3458 4023 3510 4070 et
3565 4031 3774 4085 exsors,

2178 4092 2324 4148 nullo
2351 4095 2563 4164 penitus
2595 4098 2791 4152 summi
2834 4102 3125 4156 sacerdotii
3173 4102 3464 4176 privilegio
3508 4105 3772 4174 praeditus

2177 4181 2262 4236 vel
2292 4183 2513 4252 potitus.
2547 4186 2685 4240 Data
2717 4204 2906 4243 mense
2939 4191 3123 4260 Aprili,
3157 4190 3452 4247 indictione
3483 4207 3560 4256 x1,
3610 4193 3775 4246 missa

2177 4286 2277 4341 per
2305 4271 2529 4327 Paulum
2557 4282 2608 4328 et
2638 4275 2944 4348 Eugenium
2975 4276 3281 4350 episcopos.

2900 4402 3066 4457 CXII.

2442 4499 2514 4538 AD
2545 4502 2843 4543 EPISCOPOS
2870 4505 2940 4544 ΕΤ
2968 4507 3230 4546 cumcos
3259 4507 3505 4547 GMCOS.

2783 4580 2964 4648 (Anno
3003 4581 3152 4651 878.)

2179 4670 2444 4751 Declarat
2459 4688 2552 4751 eos
2560 4679 3080 4751 excommunicatos
3110 4678 3251 4751 quod
3277 4679 3584 4749 Bulgarum
3603 4682 3772 4751 regio-

2250 4756 2350 4819 nes
2383 4744 2712 4819 invadentes
2739 4747 2977 4803 illicitas
2994 4749 3068 4803 ibi
3087 4744 3474 4806 ordinationes
3490 4744 3778 4819 fecerint,-

2251 4811 2540 4891 dignitate
2555 4817 2738 4891 etiam
2754 4819 3198 4891 privandosmisi
3212 4821 3371 4874 intra
3394 4811 3630 4891 triginta
3661 4811 3779 4876 dies

2251 4887 2523 4964 θεείοηηὶ
2545 4887 2844 4964 Bulgarica
2877 4891 3100 4964 regione
3139 4887 3507 4964 decesserint.
3543 4891 3603 4946 Si
3646 4893 3770 4964 quis

2251 4962 2445 5033 autem
2469 4959 2768 5033 paruerit,
2833 4959 3254 5033 restituendum
3310 4963 3364 5016 ei
3396 4959 3780 5033 episc0patum

2252 5029 2508 5084 decernit
2535 5043 2698 5098 quem
2729 5029 2792 5082 in
2828 5029 3039 5086 Graecia
3073 5031 3348 5098 habebat;
3377 5029 3439 5085 et
3470 5033 3520 5086 si
3547 5029 3778 5088 nullum

2251 5103 2423 5154 antea
2469 5099 2720 5172 habebat,
2754 5105 3070 5164 vacantem,
3107 5102 3157 5157 si
3191 5103 3398 5172 dignus
3446 5106 3550 5168 est,
3599 5103 3778 5159 eidem

2251 5171 2502 5237 con/arri
2526 5170 2705 5241 jubet.

2254 5257 2518 5312 Omnibus
2554 5258 2824 5329 episc0pis
2890 5268 2943 5314 et
2999 5259 3212 5315 caeteris
3275 5259 3492 5316 clericis
3559 5262 3769 5316 Graecis

2181 5346 2446 5418 Bulgarite
2492 5347 2762 5402 dioecesos
2793 5347 3155 5412 iuvasoribus,
3187 5364 3249 5404 ac
3281 5365 3377 5419 per
3404 5349 3509 5405 hoc
3552 5366 3770 5405 excom-

2180 5435 2485 5490 municatis.
2611 5433 2614 5437 ’

2249 5523 2511 5579 Miramur
2536 5540 2633 5579 vos
2675 5533 2727 5580 et
2771 5525 3122 5581 vehementer
3167 5525 3606 5598 obstupescimus
3651 5544 3776 5583 san-

2181 5622 2388 5667 ctorum
2424 5613 2644 5667 Patrum
2707 5629 2950 5668 canones
2991 5614 3254 5669 obturatis
3288 5616 3462 5671 oculis
3489 5617 3774 5689 relegisse,
