4160 6318
352 313 457 366 765

1556 314 1911 370 EPISTOLIE
1939 316 2030 372 nr
2066 316 2411 397 DECRETA.

3532 318 3637 372 766

349 445 402 493 et
443 435 651 492 calcata
703 437 1054 506 conscientia,
1101 439 1363 495 terminos
1405 448 1642 497 aeternos
1677 457 1713 497 a
1759 440 1939 496 Patri-
1966 443 2023 502 Α
2043 441 2223 496 minus
2255 441 2605 512 imperatoria
2635 443 2916 516 dignitate,
2965 445 3264 502 secundum
3321 444 3642 517 Apostolum

350 525 451 580 bus
498 524 707 595 positos
761 525 1125 593 transtulisse,
1193 535 1248 582 et
1301 527 1358 583 in
1424 527 1658 584 alienam
1708 545 1946 584 messem

343 611 532 682 judicii
563 611 758 668 falcem
793 613 1028 683 misisse,
1069 615 1124 669 in
1171 615 1372 686 Illyrici
1420 615 1748 688 provincias,
1808 631 1946 688 quas

347 717 494 757 nunc
520 701 820 774 Bulgarum
868 703 1016 758 natio
1044 702 1256 768 retinet,
1288 703 1680 776 ingredientes,
1714 712 1767 760 et
1795 704 1946 760 ordi-

348 789 598 845 nationes
625 789 842 846 illicitas
869 798 1262 862 perpetrantes,
1297 807 1422 848 cum
1450 800 1505 848 et
1532 808 1688 850 sacra
1715 793 1950 850 concilia

349 877 450 932 sub
479 877 610 932 sede
639 877 786 933 beati
807 879 948 934 Petri
965 879 1339 950 apostolorum
1365 879 1648 952 principis,
1681 881 1777 936 has
1816 881 1947 936 olim

351 964 662 1036 provincias
692 965 950 1037 deguisse
979 973 1229 1037 patenter
1257 967 1500 1035 innuant,
1534 976 1588 1026 et
1624 984 1802 1040 rerum
1827 985 1950 1040 ges-

349 1060 568 1107 taruma
597 1061 785 1109 sancto
803 1055 1036 1109 Damaso
1047 1070 1186 1125 papa
1198 1055 1508 1126 conscripta
1534 1037 1822 1112 manifeste
1833 1037 1948 1112 _de-

350 1141 616 1208 nuntient.
641 1141 707 1195 Et
729 1148 868 1196 statu
889 1157 1196 1208 causarum,
1211 1142 1327 1198 Deo
1338 1143 1648 1206 auxiliante.
1676 1143 1736 1198 'in
1752 1143 1949 1200 melius

347 1229 464 1298 jam
484 1229 696 1299 pridem
727 1245 996 1285 converso
1026 1229 1188 1286 sedes
1218 1231 1516 1301 apostolica
1545 1231 1613 1286 sit
1639 1231 1708 1286 ab
1722 1231 1818 1305 _eis
1859 1232 1950 1304 qui

351 1317 492 1372 hanc
555 1317 800 1372 habitant
869 1317 1156 1390 regionem
1219 1318 1519 1392 recognita,
1576 1319 1839 1390 requisita
1896 1329 1950 1375 et

349 1404 534 1459 multis
563 1404 816 1476 precibus
843 1403 1065 1460 invitata
1107 1423 1121 1460 :
1165 1421 1374 1479 nosque
1404 1405 1532 1462 illuc
1570 1407 1857 1479 episcopos
1895 1415 1951 1464 et

353 1492 627 1548 inferioris
673 1493 883 1548 ordinis
951 1494 1268 1550 sacerdotes
1314 1510 1439 1551 cum
1483 1496 1772 1566 praeceptis
1802 1495 1950 1552 sedis

351 1580 664 1652 apostolicae
689 1581 1018 1648 miserimus,
1053 1591 1106 1638 et
1132 1583 1330 1638 multos
1361 1582 1577 1638 labores
1608 1599 1709 1654 pro
1738 1585 1948 1639 instru-

355 1669 535 1724 ctione
563 1669 707 1723 illius
729 1669 975 1742 regionis
994 1669 1404 1740 arripuerimus.
1429 1671 1569 1726 Nam
1599 1671 1712 1726 etsi
1731 1671 1948 1744 quidam

2047 529 2140 602 qui
2151 529 2226 584 ait
2251 547 2264 584 :
2295 531 2670 586 ,Emulamini
2685 531 3034 590 charismata
3053 534 3290 591 meliora
3303 534 3355 606 (Ι
3369 535 3489 592 Cor.
3513 531 3637 602 xu),

2046 619 2304 684 contenti,
2335 618 2494 674 etiam
2521 619 2845 690 angelorum
2875 621 3006 676 estis
3035 622 3396 676 ministerium
3429 619 3639 687 imitati,

2045 705 2175 760 dum
2195 722 2386 778 pacem
2415 706 2470 761 in
2501 713 2640 762 terra
2671 707 2827 763 bonae
2853 708 3144 764 voluntatis
3173 709 3486 764 hominibus
3541 725 3641 763 ex-

2045 794 2264 864 optatis,
2298 801 2353 850 et
2381 795 2568 850 beatos
2597 811 2698 865 per
2725 795 2782 850 id
2809 811 2873 852 ac
2901 797 3098 852 caelum
3128 813 3226 852 vos
3275 797 3490 852 visuros
3519 795 3641 851 luce

2046 881 2248 938 clarius
2283 883 2686 938 demonstratis.
2721 884 2959 956 Utraque
2991 884 3262 956 siquidem
3305 884 3531 956 epistola
3553 899 3646 938 ve-

2047 979 2161 1026 stro
2191 969 2480 1046 pontiﬁcio
2497 980 2686 1027 nostro
2717 972 2884 1027 missa
2914 973 3071 1043 hujus
3097 989 3196 1029 vos
3222 972 3458 1046 flagrare
3489 973 3640 1038 desis

2047 1059 2198 1114 derio
2227 1067 2472 1130 patenter
2500 1059 2755 1128 insinuat,
2787 1068 2842 1116 et
2871 1061 3013 1116 hanc
3057 1077 3156 1116 vos
3201 1060 3272 1116 ad
3309 1069 3507 1116 statum
3533 1060 3646 1116 Ec-

2047 1147 2248 1212 clesiae,
2308 1148 2452 1204 unde
2506 1163 2800 1219 pravorum
2848 1147 3192 1206 dissensione
3255 1149 3478 1220 repulsa
3541 1155 3645 1213 est,

2047 1235 2317 1290 inhianter
2355 1235 2492 1291 velle
2535 1236 2820 1302 reducere,
2871 1236 3070 1293 indicio
3125 1235 3362 1292 evidenti
3406 1237 3640 1292 demon-

2049 1327 2202 1378 Strat.
2235 1325 2280 1378 Α
2309 1324 2425 1378 Deo
2456 1323 2657 1396 quippe
2687 1333 3001 1394 provectum
3037 1325 3329 1396 imperium
3377 1334 3639 1392 vestrum,

2049 1411 2192 1483 quod
2223 1427 2288 1466 eo
2319 1419 2560 1477 auctore,
2585 1411 2787 1480 justitia
2817 1420 2870 1467 et
2897 1412 3182 1484 triumphis
3213 1413 3438 1479 ornatis,
3469 1413 3650 1467 minus

2049 1498 2304 1554 nimirum
2345 1499 2586 1554 validum
2616 1500 2904 1572 minusque
2947 1500 3251 1574 gloriosum
3280 1500 3502 1572 putatis,
3544 1499 3650 1554 nisi

2049 1587 2212 1641 etiam
2239 1601 2453 1642 summa
2481 1587 2846 1645 condecorare
2874 1605 3008 1660 pace
3037 1605 3134 1644 seu
3169 1587 3466 1645 concordia
3495 1595 3646 1644 sata-

2049 1674 2214 1748 gatis.
2251 1676 2366 1730 Nos
2423 1683 2623 1742 autem,
2665 1676 3038 1744 dilectissime,
3083 1676 3364 1732 audientes
3421 1675 3477 1730 in
3506 1675 3649 1732 Con-

353 1765 588 1813 vestrum
633 1757 967 1812 clandestina
1011 1757 1140 1814 illuc
1185 1767 1333 1813 sorte
1369 1767 1656 1825 venerunt,
1707 1767 1832 1830 apte
1877 1760 1948 1815 de
1979 1789 2032 1849 Β
2053 1763 2585 1835 stantinOpolitanam
2657 1763 2956 1820 Ecclesiam
3044 1765 3402 1820 dissensionis
3473 1763 3647 1820 adhuc

348 1845 457 1900 illis
499 1844 681 1900 dicere
709 1860 1000 1916 possumus
1029 1845 1161 1901 illud
1180 1845 1394 1901 Domini
1410 1847 1608 1904 dictum
1631 1863 1950 1904 asseveran-

351 1941 436 1989 tes
468 1951 480 1986 :
517 1933 722 1991 Omnes
752 1935 848 2006 qui
877 1937 1012 1990 ante
1033 1951 1121 1990 me
1139 1939 1438 2002 venerunt,
1455 1937 1615 2007 fures
1633 1938 1877 2008 fuerunt
1894 1941 1953 1994 et

354 2022 605 2079 latrones
626 2022 810 2092 (Joan.
833 2024 916 2092 ι).
941 2023 1063 2092 Ipse
1079 2023 1279 2094 quippe
1295 2023 1560 2079 Dominus
1587 2040 1690 2096 per
1707 2026 1951 2096 prophe-

349 2117 460 2165 tam
489 2109 616 2166 dicit
646 2127 660 2164 :
706 2111 1006 2167 Veniebant
1024 2115 1078 2167 et
1098 2127 1192 2184 ego
1221 2128 1336 2168 non
1354 2114 1652 2168 mittebam
1671 2129 1780 2170 eos.
1813 2114 1952 2169 Nam

356 2197 572 2271 quidam
627 2206 810 2254 autem
884 2199 1116 2254 ambitus
1181 2209 1234 2255 et
1309 2201 1548 2256 avaritiae
1603 2216 1768 2256 causa
1823 2201 1953 2258 illuc

356 2285 629 2342 accessuri
690 2285 918 2356 profecti
981 2295 1126 2354 sunt,
1185 2302 1295 2343 non
1337 2295 1536 2343 autem
1593 2289 1789 2357 vocati,
1850 2304 1954 2346 nec

351 2374 603 2440 invocati,
653 2373 780 2430 licet
807 2391 908 2430 nec
967 2375 1046 2430 sic
1104 2375 1160 2430 in
1218 2383 1452 2431 vestram
1521 2392 1620 2432 vos
1672 2377 1954 2433 dioecesim

357 2463 428 2518 ad
454 2461 693 2534 aliquam
720 2462 1132 2533 dispositionem
1163 2462 1463 2519 faciendam
1493 2464 1718 2520 introire
1753 2481 1954 2521 conve-

353 2550 511 2605 nerit.
561 2549 702 2620 Quia
741 2550 904 2621 igitur
941 2558 1134 2607 contra
1192 2567 1378 2608 sacras
1425 2567 1524 2608 vos
1584 2552 1955 2624 multipliciter

354 2637 536 2711 egisse
593 2637 778 2710 regula
833 2639 1316 2710 deprehendimus,
1360 2641 1952 2698 excommunicavimus

353 2743 472 2791 vos,
519 2735 572 2781 et
629 2727 760 2782 estis
823 2727 1296 2783 excommunicati.
1344 2726 1603 2801 Quisquis
1660 2737 1843 2784 autem
1887 2745 1953 2786 ex

353 2814 508 2870 vobis
555 2813 696 2868 intra
736 2813 954 2885 triginta
1005 2815 1218 2870 dierum
1261 2815 1494 2886 spatium
1531 2817 1765 2888 cognitae
1794 2818 1954 2887 hujus

359 2901 675 2972 apostolica:
706 2902 1022 2968 sanctionis,
1052 2903 1200 2958 omni
1251 2903 1552 2976 Bulgaricae
1597 2905 1812 2978 regioni
1845 2921 1953 2961 non

353 2992 576 3056 cedens,
609 2990 664 3044 in
695 3007 762 3046 ea
807 2991 1100 3062 quamlibet
1147 2991 1544 3047 ordinationem
1601 2993 1690 3048 vel
1728 2993 1956 3066 disposi-

352 3078 556 3134 tionem
586 3087 799 3149 patrare
837 3079 980 3133 ultra
1022 3079 1342 3149 praedictum
1393 3080 1628 3151 spatium
1679 3081 1952 3138 obstinate

353 3167 780 3238 praesumpserit,
817 3175 1130 3222 sanctorum
1160 3169 1374 3222 Patrum
1405 3170 1723 3225 auctoritate
1753 3169 1955 3225 nostri-
1973 3139 2022 3203 Ο

355 3272 465 3327 que
491 3255 679 3323 judicii
737 3255 1005 3310 sententia
1034 3255 1260 3327 proprio
1294 3265 1444 3312 caret
1483 3256 1680 3324 officio,
1714 3273 1822 3313 non
1852 3257 1958 3312 nisi

354 3343 683 3414 resipiscens
701 3360 918 3415 pugnum
937 3360 1216 3412 evasurus,
1242 3353 1332 3399 aut
1350 3345 1560 3400 veniam
1591 3345 1773 3417 aliquo
1791 3345 1956 3401 modo

356 3441 690 3502 speraturus.
726 3433 783 3488 Si
805 3433 925 3504 quis
955 3440 1137 3488 autem
1168 3440 1407 3488 vestrum
1429 3433 1707 3490 humiliter
1733 3450 1796 3490 ac
1817 3434 1958 3490 obe-

353 3520 570 3576 dientur
625 3521 711 3576 his
774 3521 1082 3576 salubribus
1155 3521 1374 3576 monitis
1459 3523 1662 3577 nostris
1731 3539 1954 3594 parens,

355 3609 660 3681 Bulgaricae
689 3609 868 3665 locum
889 3610 1104 3665 dederit
1124 3609 1368 3678 dimcesi,
1391 3610 1605 3666 noverit
1635 3627 1738 3666 nos
1765 3611 1958 3668 decre-

356 3698 502 3752 visse
534 3697 636 3752 sibi
665 3701 1038 3768 episcopatum
1075 3697 1282 3752 restitui
1309 3715 1470 3770 quem
1499 3715 1620 3754 eum
1650 3699 1704 3753 in
1732 3699 1959 3772 regione

359 3785 677 3841 Graecorum
705 3786 856 3856 prius
874 3785 1131 3840 habuisse
1149 3787 1447 3842 constiterit
1471 3803 1484 3840 :
1505 3802 1673 3858 porro
1685 3796 1738 3842 et
1756 3787 1802 3842 si
1823 3803 1962 3842 nun-

357 3891 515 3943 quam
545 3873 750 3940 habuit,
782 3883 1066 3930 vacantem
1095 3875 1172 3928 illi
1204 3874 1366 3929 tribui
1387 3875 1462 3940 ;si
1479 3883 1662 3930 tamen
1693 3875 1817 3930 talis
1836 3892 1959 3948 per-

355 3979 484 4015 snna
501 3964 566 4015 sit
585 3964 667 4015 cui
687 3964 832 4015 nulla
853 3966 901 4014 in
924 3965 1020 4014 llﬂt‘
1045 3963 1235 4034 regula
1255 3965 1472 4018 Patrum
1505 3965 1682 4020 valeat
1709 3964 1954 4020 obviare.

429 4051 596 4112 ζλῇκςῖι
633 4067 728 4128 pg;
778 4053 1001 4112 [uitulum
1050 4059 1099 4104 et
1130 4053 1789 4125 Eugenium.episcopos.
1827 4057 1958 4107 Data

362 4147 450 4201 die
482 4161 576 4201 xw
609 4150 813 4201 mensis
845 4149 1065 4217 Aprilis.
1105 4148 1393 4200 indictione
1431 4164 1504 4198 \l.
1749 4155 1754 4158 ’

1073 4279 1263 4335 CXIII.

736 4384 807 4422 AD
868 4383 1124 4422 BASILIUM
1161 4381 1578 4422 IMPERATOREM.

1007 4475 1187 4544 (Anno
1218 4473 1367 4543 878.)

363 4585 522 4639 Dolet
544 4580 1494 4654 ConstantinopolitamEcclesium
1522 4577 1830 4654 schismate
1859 4579 1961 4634 act--

543 4655 650 4710 huc
685 4651 977 4720 laborare;
1007 4669 1116 4725 qua
1146 4651 1212 4707 de
1242 4667 1302 4706 re
1336 4652 1542 4720 legatos
1573 4651 1776 4704 mittit.

363 4762 508 4813 Missa
531 4775 620 4826 per
641 4761 914 4824 Eugenium
931 4763 982 4812 et
1005 4759 1204 4812 Paulum
1227 4758 1661 4810 reverendissimos
1685 4757 1957 4822 episcopos.

439 4861 800 4917 Dilectissimo
856 4861 1015 4915 nobis
1058 4867 1110 4915 et
1165 4857 1517 4914 desiderabili
1574 4857 1683 4912 filio
1740 4858 1962 4912 Basmo

367 4949 823 5005 Christianissimo
847 4958 902 5004 et
931 4948 1373 5021 tranquillissimo
1403 4947 1742 5018 imperatori.

440 5048 771 5104 Benedictus
817 5049 962 5102 Deus
1007 5051 1064 5101 et
1113 5048 1288 5100 Pater
1331 5045 1560 5100 Domini
1613 5043 1797 5098 nostri
1834 5044 1967 5098 Jesu

375 5135 604 5200 Christi,
637 5139 810 5191 Pater
839 5134 1362 5190 misericordiarum
1391 5137 1448 5188 et
1466 5134 1610 5188 Deus
1635 5131 1808 5188 totius
1829 5147 1966 5186 con-

368 5223 793 5294 solationis,qui
807 5223 1062 5278 misertus
1097 5230 1150 5276 et
1179 5221 1492 5276 consolatus
1522 5228 1720 5274 estnos
1749 5219 1804 5273 in
1823 5233 1968 5289 pm-

368 5313 504 5366 senti
535 5309 735 5368 saeculo
764 5327 1000 5383 nequam
1039 5309 1140 5382 (III
1161 5311 1281 5366 Cor.
1308 5309 1372 5382 i);
1403 5308 1628 5364 visitans
1645 5314 1698 5362 et
1720 5307 1969 5377 redemp-

369 5401 571 5456 tionem
590 5399 791 5455 faciens
809 5407 915 5454 tam
928 5399 1074 5470 pium
1098 5407 1316 5470 tamque
1339 5397 1638 5468 benignum
1653 5395 1870 5466 imperii
1887 5411 1974 5450 ve-

370 5489 468 5543 stri
497 5504 666 5545 cornu
698 5489 886 5544 salutis
914 5487 1178 5558 erigendo
1221 5487 1275 5540 in
1323 5485 1487 5540 domo
1519 5483 1691 5539 David
1717 5484 1851 5554 (Luc
1887 5485 1970 5553 ii),

371 5577 568 5631 Christi
601 5577 851 5632 videlicet
879 5576 1029 5648 pueri
1060 5575 1162 5631 sui.
1195 5575 1306 5630 Vos
1333 5573 1498 5639 enim,
1523 5572 1599 5628 ﬁli
1631 5571 1971 5637 charissime,

2051 1851 2313 1908 scandala
2366 1851 2644 1922 ﬂuctuare,
2687 1852 3083 1925 nonnullosque
3139 1852 3384 1926 religiosi
3429 1851 3647 1906 habitus

2052 1939 2200 1994 viros
2226 1940 2330 1995 hac
2359 1940 2590 2012 illacque
2619 1941 2896 2012 dispersos
2923 1949 3082 2013 atque
3113 1940 3354 2010 dejectos
3407 1938 3648 2011 ignomi-

2051 2027 2204 2083 niose
2221 2028 2461 2094 tractari,
2494 2029 2687 2084 merito
2716 2029 3125 2100 ingemiscimus
3157 2037 3212 2083 et
3255 2028 3422 2083 multa
3451 2027 3652 2083 maesti-

2053 2116 2126 2170 tia
2153 2115 2478 2188 fatigamur;
2504 2117 2776 2188 praecipue
2806 2133 2997 2188 pacem
3041 2116 3305 2172 sentimus
3334 2117 3443 2171 illic
3472 2115 3652 2172 conti-

2052 2192 2158 2258 nua
2186 2204 2531 2260 contentione
2587 2205 2874 2273 turbatam,
2935 2222 3095 2277 quam
3126 2220 3228 2276 per
3271 2204 3474 2260 multos
3505 2203 3652 2258 sedis

2052 2293 2367 2364 apostolicae
2403 2291 2620 2348 labores
2642 2293 2756 2362 jam
2804 2293 3165 2349 credebamus
3207 2291 3528 2348 aediﬁcatam
3555 2309 3570 2359 ;
3601 2299 3652 2346 et

2053 2388 2297 2436 sacratos
2327 2381 2596 2452 quosdam
2612 2381 2857 2437 diversas
2874 2381 3101 2451 injurias
3128 2380 3416 2436 didicimus
3433 2395 3648 2450 passos,

2053 2485 2191 2541 quos
2208 2470 2279 2524 ab
2299 2469 2447 2524 omni
2474 2470 2844 2540 oppressionis
2875 2470 3023 2525 fasce
3051 2469 3400 2540 sperabamus
3416 2477 3649 2538 ereptos.

2051 2557 2338 2612 Portamus
2369 2558 2568 2629 quippe
2597 2559 2840 2612 omnium
2869 2573 3036 2613 onera
3064 2557 3154 2630 qui
3183 2563 3502 2630 gravantur,
3537 2556 3647 2610 imo

2051 2653 2233 2717 portat
2279 2647 2394 2701 haec
2432 2646 2487 2700 in
2531 2646 2688 2702 nobis
2717 2653 2926 2702 amator
2967 2653 3150 2702 vester
3205 2646 3396 2700 beatus
3454 2645 3648 2699 Petrus

2054 2733 2330 2805 apostolus
2363 2735 2454 2806 qui
2484 2751 2584 2790 nos
2614 2735 2668 2788 in
2698 2735 2952 2790 omnibus
2985 2733 3367 2790 sollicitudinis
3397 2747 3508 2788 suae
3529 2747 3655 2803 pro-

2053 2817 2188 2891 tegit
2217 2833 2281 2874 ac
2309 2825 2492 2873 tuetur
2530 2819 2782 2874 haeredes
2813 2835 2826 2872 :
2860 2817 2959 2872 sed
3015 2817 3145 2890 quia
3192 2825 3244 2871 et
3296 2815 3657 2888 professionis

2053 2909 2255 2957 nostrae
2319 2901 2499 2957 officio
2551 2917 2676 2958 cum
2729 2900 2966 2957 Ieremia
3019 2899 3370 2956 nihilominus
3407 2899 3654 2956 dicitur:

2053 2987 2192 3041 Ecce
2221 2987 2495 3042 constitui
2527 2989 2582 3040 te
2603 2985 2762 3042 hodie
2781 3000 2952 3058 super
2977 2988 3172 3056 gentes
3191 2988 3245 3040 et
3271 2999 3440 3055 super
3457 2998 3651 3054 regna,

2053 3078 2121 3130 ut
2159 3075 2366 3130 evellas
2405 3077 2462 3129 et
2517 3075 2800 3142 destruas,
2856 3076 2915 3129 et
2959 3072 3269 3145 disperdas,
3317 3075 3374 3126 et
3412 3071 3652 3144 dissipes

2053 3167 2111 3218 et
2136 3163 2365 3234 plantas
2395 3163 2529 3229 (Jer.
2563 3161 2624 3232 ι),
2658 3169 2710 3216 et
2737 3161 2898 3216 etiam
2927 3169 3104 3215 vestra
3134 3160 3308 3230 pietas
3339 3159 3409 3214 ab
3437 3166 3647 3230 aposto-

2054 3249 2166 3304 latu
2195 3258 2383 3304 nostro
2413 3265 2514 3321 pro
2528 3250 2631 3304 hoc
2651 3249 2770 3320 ipso
2787 3265 3054 3320 personas
3072 3247 3326 3319 postulat.
3345 3248 3489 3302 Ecce
3511 3255 3654 3302 stre-

2054 3353 2192 3394 nuos
2223 3355 2252 3392 e
2281 3337 2450 3392 latere
2479 3345 2666 3393 nostro
2696 3337 2845 3392 viros
2874 3335 3178 3408 dirigimus,
3215 3336 3306 3408 qui
3333 3336 3377 3390 si
3409 3350 3516 3408 qua
3543 3333 3655 3389 illic

2053 3425 2195 3482 inter
2222 3427 2340 3482 hac
2364 3425 2613 3499 diligenti
2642 3425 2820 3481 studio
2847 3425 3280 3496 deprehendant,
3313 3433 3366 3480 et
3394 3424 3478 3478 his
3500 3422 3653 3478 radi-

2056 3515 2213 3579 citus,
2267 3515 2569 3570 secundum
2619 3513 2832 3570 Domini
2873 3514 3208 3580 mandatum,
3255 3513 3478 3581 evulsis,
3523 3512 3656 3566 des-

2058 3603 2272 3668 tructis,
2305 3603 2568 3675 dispersis
2593 3611 2647 3658 et
2675 3602 2974 3674 dissipatis,
3009 3616 3202 3674 pacem
3232 3609 3285 3657 et
3311 3600 3572 3656 unitatem
3602 3606 3656 3654 et

2058 3692 2376 3748 charitatem
2404 3700 2458 3747 et
2477 3698 2848 3764 congruenter
2876 3688 3146 3747 aediﬁcent
3203 3688 3364 3744 simul
3393 3697 3446 3744 et
3503 3687 3659 3760 plan-

2059 3788 2192 3836 tent.
2225 3781 2366 3836 Nam
2387 3781 2662 3852 quomodo
2689 3779 2892 3834 habere
2923 3785 3175 3850 poterunt
3203 3779 3540 3848 charitatem,
3569 3775 3660 3850 qui

2059 3869 2305 3925 dividunt
2334 3868 2595 3924 unitatem
2628 3869 2658 3924 ?
2686 3885 2787 3924 nos
2815 3876 2992 3922 autem
3021 3883 3124 3939 pro
3143 3867 3358 3922 Christo
3382 3866 3654 3939 legatione

2059 3958 2248 4030 procul
2297 3957 2461 4013 dubio
2490 3957 2783 4028 fungimur,
2817 3973 2939 4012 cum
2968 3956 3090 4028 paci
3119 3955 3382 4012 Ecclesia:
3425 3954 3662 4010 studium

2061 4046 2374 4103 impendere
2431 4061 2805 4115 procuramus.
2864 4044 3005 4111 Quia
3060 4061 3192 4098 vero
3245 4046 3360 4103 Deo
3399 4043 3662 4096 amabiles

2218 4177 2227 4186 .
2283 4149 2399 4202 ;uos
2441 4134 2758 4185 nominatim
2791 4132 2980 4183 litteris
3022 4132 3292 4200 expetitis,
3341 4131 3658 4200 quibusdam

2180 4262 2184 4270 .
2236 4226 2424 4278 modis
2458 4225 2738 4291 impedit!»
2773 4219 3044 4275 destinare
3077 4212 3381 4290 nequimus,
3418 4219 3664 4271 misimus

2069 4316 2294 4368 Paulum
2325 4322 2376 4368 et
2432 4311 2738 4383 Eugenium
2789 4310 3163 4364 sanctissimos
3220 4318 3274 4362 et
3335 4307 3666 4362 reverendos

2069 4402 2376 4473 episcopos,
2411 4397 3104 4471 dilectosquemonsiliaros
3151 4403 3389 4461 nostros,
3433 4409 3666 4466 quorum

1992 4491 2224 4556 Dnobis
2263 4498 2316 4546 et
2343 4488 2481 4544 fides
2521 4489 2748 4560 probata
2802 4495 2856 4544 et
2911 4486 3136 4544 scientia
3192 4483 3483 4540 manifesta
3540 4489 3623 4536 est
3639 4487 3660 4536 ':

2071 4581 2270 4652 quibus
2298 4578 2506 4650 scripto
2562 4577 2814 4632 dedimus
2843 4577 2896 4631 in
2951 4573 3223 4630 mandatis
3277 4580 3354 4640 ut,
3414 4569 3669 4626 omnibus

2059 4668 2435 4724 simultatibus
2491 4666 2680 4738 sopitis
2733 4674 2894 4738 atque
2953 4663 3178 4728 sedatis,
3213 4677 3334 4734 quae
3363 4661 3431 4715 ad
3475 4673 3666 4730 pacem

2059 4767 2203 4824 sunt,
2242 4765 2557 4813 sanctorum
2587 4754 2848 4826 magistra
2878 4753 3072 4826 regula
3093 4752 3330 4816 Patrum,
3365 4755 3476 4804 toto
3500 4763 3667 4804 cona-

2063 4847 2210 4903 mine
2239 4853 2576 4910 construant,
2619 4851 2674 4899 et
2725 4842 2871 4898 omni
2888 4839 3234 4898 contentione
3263 4837 3494 4904 sublata,
3519 4834 3672 4905 justi-

2067 4936 2152 4990 tia:
2187 4935 2442 4998 tribuant,
2477 4934 2612 4999 Deo,
2669 4931 2922 5002 propitio,
2955 4929 3208 5000 palmam,
3264 4927 3372 4981 hoc
3411 4925 3670 4980 duntaxat

2071 5025 2138 5080 ad
2176 5023 2391 5078 laudem
2425 5021 2524 5077 Dei
2539 5028 2784 5094 agentes,
2816 5027 2869 5074 et
2913 5017 2981 5072 ad
3011 5014 3409 5088 praeconiorum
3453 5022 3671 5069 vestro-

2069 5129 2186 5168 rum
2211 5111 2500 5179 cumulum,
2530 5109 2671 5165 sicut
2699 5123 2799 5162 vos
2826 5121 2994 5180 agere
3022 5105 3091 5160 de
3121 5104 3209 5159 die
3231 5104 3288 5158 in
3318 5103 3462 5159 diem
3486 5102 3667 5168 decet,

2069 5201 2351 5256 addentes.
2385 5200 2768 5254 Verumtamen
2799 5196 3054 5268 ignorare
3082 5193 3230 5264 pium
3257 5191 3546 5263 imperium
3575 5205 3673 5244 ve-

2074 5297 2244 5344 strum
2300 5287 2554 5342 nolumus
2605 5301 2707 5340 nos
2777 5281 3092 5354 apostolicae
3147 5279 3296 5336 sedis
3339 5279 3674 5351 praecepisse

2071 5377 2291 5450 legatis,
2323 5383 2379 5430 ut
2411 5389 2576 5430 causa
2607 5379 2810 5428 tantum
2839 5369 3163 5426 visitationis
3197 5367 3497 5442 gloriosum
3529 5367 3674 5434 ejus-

2073 5465 2200 5520 dem
2255 5462 2553 5536 provinciae
2605 5469 2630 5497 ⁸
2672 5459 2976 5532 principem
3030 5458 3247 5521 adeant,
3282 5463 3336 5512 et
3363 5455 3433 5510 de
3490 5459 3668 5523 optata

2143 5573 2166 5604 ⁸
2192 5574 2334 5624 Forte
2357 5571 2570 5636 loquitur
2591 5569 2652 5622 de
2677 5582 2792 5634 rege
2829 5569 3168 5631 Bulgarorum.
