4160 6338
469 271 573 323 76:7

1755 265 2060 326 JOANNE
2092 265 2285 324 WE
2321 267 2462 323 VIII:

3663 275 3770 326 766

461 389 730 456 mia
746 389 804 446 ei.
823 370 1212 460 apostolorum,
1233 398 1300 454 uti
1320 389 1606 455 condecet,
1628 387 2070 460 unanimitate
2091 387 2472 460 Αᾳωφιω
2492 389 2852 464 μωρία-ι
2871 391 3515 464 sequentum»,
3535 401 3669 464 post
3687 393 3766 452 fe-

460 478 902 552 perselutationis
930 478 1166 544 edicam.
1201 478 1716 551 Ideoqusrogamus
1745 486 1804 535 ut
1821 477 1969 534 aditu
1987 477 2070 537 eis

460 567 828 622 annitentibus
859 567 1018 622 vobis
1058 582 1344 631 concesso,
1392 567 1556 622 talem
1585 566 1690 621 illis
1743 566 2066 620 industrium

461 656 638 710 virum
669 641 843 728 [deest
873 655 1098 710 tradetis
1129 659 1231 710 aut
1265 655 1397 726 quid
1425 653 1636 726 simile]
1660 653 1750 725 qui
1780 669 1877 710 eos
1892 669 2067 724 usque

462 742 530 797 ad
563 743 878 812 praedictum
910 742 1212 812 principem
1243 743 1422 797 salvos
1452 743 1612 796 ducat
1642 749 1803 812 atque
1817 741 2061 806 reducat,

460 829 604 886 facta
630 829 684 884 in
736 829 954 900 scriptis
998 831 1067 886 de
1112 846 1178 885 ea
1229 829 1450 884 minime
1496 829 1694 884 iterum
1749 829 2067 898 usurpanda

461 917 822 989 professione.
885 918 1150 988 Optamus
1208 933 1304 974 vos
1353 933 1456 988 per
1518 918 1714 972 multos
1780 931 1956 972 annos
2011 917 2066 972 in

464 1006 678 1062 Christo
707 1007 846 1061 bene
877 1005 1082 1070 valere,
1115 1014 1166 1061 et
1192 1006 1261 1060 de
1293 1005 1536 1060 barbaris
1557 1005 1766 1078 jugiter
1817 1004 2067 1060 hostibus

464 1093 822 1164 triumphare,
881 1093 1176 1163 spiritualis
1203 1101 1256 1146 et
1283 1092 1667 1148 desiderabilis
1697 1100 1753 1148 et
1809 1091 2068 1146 Christia-

465 1181 691 1238 nissime
719 1181 814 1236 filii
845 1197 1062 1252 semper
1088 1185 1357 1252 Auguste.
1397 1182 1530 1235 Data
1559 1181 1856 1236 indictione
1885 1195 1960 1234 x1.

1175 1285 1363 1340 CXIV.

1109 1389 1184 1428 AD
1213 1388 1463 1429 EUMDBH.

1089 1463 1270 1530 (Anno
1301 1463 1451 1532 878.)

545 1553 614 1608 Ut
643 1552 847 1622 legatis
873 1567 908 1605 α
936 1567 995 1605 se
1025 1552 1217 1606 missis
1246 1550 1414 1622 ﬁdem
1447 1550 1726 1615 adhibeat,
1764 1553 1824 1604 ct
1850 1564 2010 1622 opem

891 1624 1154 1677 Romana;
1189 1621 1452 1676 Ecclesia:
1465 1623 1638 1691 ferat.

2165 475 2296 535 licia.
2317 493 2544 535 cursum
2570 479 2754 550 operis
2783 478 2925 535 inter
2953 479 3276 552 angelorum
3303 473 3778 552 emtum'pcradisi

2167 567 2503 636 susceperint
2533 567 2756 637 praemia
2799 567 2924 624 vitae
2955 569 3261 640 perrennis,
3295 569 3536 624 ﬂendum
3561 569 3763 627 nihilo-

2163 653 2342 710 minus
2370 656 2628 710 convenit
2655 657 2804 728 quod
2845 665 3050 711 tantum
3071 658 3375 726 adjutorem
3397 659 3768 714 Ecclesiarum

2166 741 2386 798 Domini
2412 741 2734 798 diﬁ’usarum
2762 743 2818 797 in
2845 744 2981 798 orbe
3009 745 3300 815 prasentia
3320 747 3611 816 corporali,
3638 748 3764 813 heu,

2166 830 2306 899 proh
2359 829 2553 886 dolori
2599 831 2962 888 amiserimus.
3016 833 3316 888 Praesertim
3371 849 3497 889 cum
3554 835 3661 890 hoc
3707 835 3764 890 in

2167 926 2414 988 tempore
2451 928 2638 974 sancta
2683 919 2926 975 Romana
2970 920 3238 986 Ecclesia,
3283 929 3454 976 mater
3497 922 3761 989 omnium,

2169 1022 2292 1076 qua:
2319 993 2456 1062 mea;
2511 1006 2870 1066 mediocritati
2929 1008 3220 1064 commissa
3249 1015 3351 1077 est,
3407 1009 3536 1064 Iesu
3583 1011 3770 1066 aeterni

2168 1093 2524 1164 dispositione
2551 1094 2783 1158 consilii,
2816 1094 2872 1149 in
2914 1111 3024 1167 quo
3068 1103 3128 1150 ut
3173 1111 3298 1152 cum
3341 1097 3604 1167 Apostolo
3632 1113 3771 1168 pace

2170 1198 2619 1253 quorumcunque
2647 1183 2898 1251 dixerim,
2931 1181 3068 1238 ﬁnes
3091 1184 3412 1240 seculorum
3433 1185 3776 1240 devenerunt

2169 1270 2220 1338 (Ι
2241 1271 2360 1326 Cor.
2395 1269 2478 1338 x),
2511 1269 2566 1324 in
2589 1278 2668 1326 tot
2684 1271 3154 1340 persecutionibus
3169 1279 3333 1342 atque
3351 1273 3774 1329 adversitatibus

2169 1357 2262 1413 diu
2304 1357 2578 1421 lacessita,
2631 1357 3053 1414 domesticorum
3096 1358 3526 1415 debacchatione
3569 1359 3772 1434 fatige-

2169 1436 2276 1506 tur,
2310 1449 2368 1495 ut
2412 1457 2582 1513 cogar
2609 1458 2734 1498 cum
2766 1442 3032 1512 PrOpheta
3078 1458 3374 1514 erumpens
3425 1445 3768 1500 exclamare:

2179 1531 2310 1584 ch‘
2351 1531 2413 1584 in
2449 1531 2826 1586 altitudinem
2853 1533 3050 1598 maris,
3085 1535 3141 1586 et
3173 1535 3474 1604 tempestas
3503 1533 3776 1590 demersit

2170 1635 2260 1673 me
2283 1618 2458 1688 (Psal.
2481 1619 2642 1688 thx)
2665 1636 2680 1677 :
2703 1627 2752 1672 et
2770 1634 2961 1674 rursus
2985 1635 2998 1674 :
3033 1620 3288 1684 Domine,
3319 1621 3496 1676 libera
3515 1622 3776 1678 animum

535 1708 748 1765 Dilecto
776 1707 888 1764 ﬁlio
920 1724 1136 1780 semper
1159 1709 1215 1762 in
1267 1708 1501 1763 Domino
1521 1706 1874 1778 triumphanti
1904 1707 2068 1762 BASt-
2089 1736 2146 1796 Β
2173 1722 2360 1796 meum
2387 1724 2424 1762 a
2455 1707 2618 1796 labiis
2651 1707 2865 1796 iniquis
2886 1711 2944 1762 et
2969 1725 3006 1764 (ι
3027 1709 3221 1779 lingua
3243 1708 3434 1764 dolosa
3451 1707 3628 1779 (Psal.
3650 1710 3766 1782 cx).

475 1812 566 1860 1,ιο
593 1797 840 1867 piissimo
869 1796 1184 1868 imperatori
1219 1799 1483 1868 Augusto.

541 1885 773 1948 Scimus,
827 1885 1155 1940 venerabilis
1193 1885 1510 1954 imperator,
1544 1883 1748 1940 scimus
1783 1891 1837 1938 et
1885 1881 2068 1938 omni-

465 1974 631 2030 modo
668 1974 920 2031 novimus
983 1989 1081 2031 vos
1135 1972 1424 2042 prudentia
1468 1971 1699 2042 pollere,
1756 1971 2070 2042 aequitatem

462 2061 714 2134 diligere,
761 2061 1017 2132 pietatem
1047 2061 1330 2126 extollere,
1380 2059 1714 2116 directiones
1728 2060 1975 2130 plantare
2019 2067 2071 2114 et

468 2149 602 2205 vitia
630 2149 881 2206 evellere.
915 2149 1128 2206 Scimus
1159 2157 1212 2203 et
1241 2147 1448 2220 liquido
1478 2147 1752 2204 credimus
1797 2163 1897 2203 vos
1938 2162 2072 2204 san-

467 2245 568 2294 cta:
599 2238 860 2294 Romanae
887 2237 1147 2297 Ecclesiae
1163 2237 1414 2308 vigorem
1428 2245 1478 2291 et
1491 2237 1662 2292 decus
1677 2235 1818 2292 velle
1846 2251 2068 2306 augere,

468 2324 845 2384 tribulationes
873 2341 1118 2398 gemere,
1165 2324 1448 2397 angustias
1501 2323 1709 2388 dolere,
1744 2331 1797 2378 et
1840 2323 2076 2380 necessi-

470 2422 610 2472 tates
637 2413 729 2484 pio
756 2413 968 2480 intuitu,
1001 2422 1264 2485 quantum
1285 2413 1354 2467 ad
1383 2429 1483 2468 vos
1502 2413 1758 2482 pertinet,
1791 2427 2070 2468 amovere.

469 2501 640 2571 Hujus
670 2502 749 2557 rei
781 2503 983 2574 gratia,
1017 2503 1308 2558 maximam
1340 2501 1408 2556 de
1438 2500 1593 2556 vobis
1633 2499 1889 2556 fiduciam
1919 2516 2078 2556 assu-

469 2597 700 2656 mentes,
733 2590 996 2662 quidquid
1026 2590 1276 2646 eamdem
1305 2597 1551 2646 sanctam
1581 2597 1808 2644 matrem
1838 2597 2074 2644 vestram

467 2679 768 2736 Romanam
809 2678 1110 2734 Ecclesium
1136 2679 1336 2748 oppido
1365 2676 1553 2749 aﬁligit
1585 2685 1638 2732 et
1667 2677 1892 2742 lacerat,
1916 2677 2073 2732 vobis

466 2767 731 2840 singulari
785 2766 1020 2838 quadam
1077 2783 1173 2836 spe
1225 2766 1612 2822 committimus
1641 2766 1968 2825 audiendum
2023 2776 2078 2822 et

466 2856 872 2928 corrigendum.
925 2855 1127 2912 Tamen
1155 2870 1223 2909 ne
1273 2869 1387 2918 vos,
1437 2870 1574 2925 quos
1613 2863 1949 2910 secretorum
1979 2869 2076 2909 no-

471 2954 708 3000 strorum
738 2943 990 2999 conscios
1018 2958 1140 2998 esse
1171 2943 1440 3013 cupimus,
1476 2943 1643 2998 lateat
1673 2943 1817 3013 quod
1839 2943 1924 2996 his
1955 2941 2077 2998 die-

471 3033 573 3088 bus
601 3039 791 3087 contra
819 3031 920 3086 Dei
947 3031 1277 3086 voluntatem
1326 3039 1625 3102 contraque
1656 3030 1885 3086 salutem
1912 3031 2076 3086 totius

471 3120 796 3178 Christianas
822 3117 970 3186 ﬁdei,
1003 3136 1068 3175 ac
1111 3128 1301 3175 contra
1351 3119 1695 3190 privilegium
1728 3129 1932 3174 sanctas
1960 3121 2058 3176 Ro-

469 3225 648 3265 mana
677 3198 959 3274 Ecclesiae,
994 3224 1089 3262 seu
1147 3217 1336 3263 contra
1365 3224 1576 3262 morem
1609 3209 1796 3280 reique
1825 3208 1975 3279 publi
1995 3224 2074 3264 ca:

470 3305 666 3352 statum
697 3297 885 3354 Romae
912 3304 1192 3367 peractum
1223 3304 1324 3360 est,
1359 3295 1444 3350 his
1459 3295 1644 3350 missis
1673 3295 1874 3350 nostris
1905 3297 2075 3351 Paulo

469 3395 522 3441 et
551 3385 800 3456 Eugenio
833 3385 1105 3455 episcopis
1133 3385 1466 3442 verbotenus
1494 3385 1650 3440 vobis
1679 3385 1913 3441 dicenda
1933 3400 2081 3440 com-

461 3473 728 3530 misimus.
811 3472 944 3542 Quae
960 3489 1058 3528 vos
1085 3473 1159 3528 ita
1174 3473 1403 3529 credere
1433 3474 1790 3544 deprecamur
1819 3488 1883 3529 ac
1914 3473 2077 3528 sinos

466 3563 750 3619 vobiscum
791 3562 1116 3633 loquamur,
1150 3569 1202 3616 et
1259 3563 1567 3627 credentes,
1629 3562 1678 3616 si
1735 3561 1895 3618 nobis
1935 3561 2078 3618 ferre

467 3666 650 3720 opem,
681 3650 766 3706 vel
800 3650 1036 3721 aliquam
1076 3651 1506 3706 consolationem
1555 3650 1795 3710 valeatis.
1830 3658 1883 3706 et
1911 3651 2076 3706 veluti

468 3739 702 3793 dilectus
735 3737 877 3792 filius
909 3738 1227 3792 reverendae
1269 3739 1429 3794 matri
1483 3738 1705 3803 assolet,
1764 3739 2076 3794 omnimodo

470 3825 769 3883 conferatis
799 3826 1168 3896 deposcimus.
1202 3826 1482 3881 Habebitis
1509 3827 1652 3881 enim
1683 3843 1783 3896 pro
1831 3827 1916 3881 his
1945 3843 2076 3881 san-

471 3922 592 3972 ctos
619 3913 898 3984 apostolos
923 3915 1217 3982 adjutores,
1249 3923 1299 3969 et
1329 3931 1429 3970 nos
1461 3915 1811 3986 possidebitis
1833 3915 2080 3970 devOtio-

2175 1793 2287 1850 Sed
2315 1810 2432 1858 vcs,
2467 1792 2542 1850 fili
2570 1794 2938 1863 charisssime,
2969 1796 3160 1852 hortor
3195 1811 3261 1852 ac
3302 1811 3506 1852 moneo
3544 1806 3774 1867 paterno

2172 1881 2375 1938 amoris
2404 1880 2619 1948 affectu,
2662 1883 2782 1951 ejus
2819 1883 3016 1940 imitari
3044 1885 3100 1938 in
3143 1883 3516 1940 Ecclesiarum
3562 1885 3774 1940 exalta-

2171 1968 2320 2026 tione
2349 1970 2581 2043 vestigia
2609 1971 2734 2028 vitae
2761 1971 3039 2042 spiritalis,
3101 1973 3256 2042 cujus
3281 1971 3432 2027 ﬂoris
3451 1973 3654 2029 decore.
3669 1989 3771 2028 na-

2171 2066 2259 2112 tus
2286 2057 2442 2130 regia
2471 2059 2744 2131 dignitate
2766 2059 2972 2117 existis.
2998 2060 3238 2116 Primum
3259 2068 3319 2115 ut
3345 2060 3498 2131 pacis
3513 2061 3772 2116 unitatem

2173 2146 2558 2218 vinculumque
2590 2147 2868 2204 charitatis
2900 2163 3022 2204 cum
3053 2147 3312 2203 fratribus
3342 2149 3558 2214 vestris,
3603 2149 3770 2204 nitui-

2175 2251 2298 2291 rum
2328 2235 2586 2290 Ludovici
2618 2235 2768 2306 regis
2795 2236 3170 2304 Bajoariorum
3199 2235 3345 2302 filiis,
3377 2253 3610 2308 cunque
3639 2238 3776 2292 tide—

2173 2321 2319 2378 libus
2364 2323 2688 2378 Christianis
2715 2331 2928 2392 tenens,
2973 2325 3194 2380 demum
3219 2332 3412 2380 contra
3455 2325 3776 2380 insanientis

2175 2411 2406 2479 rabiem,
2439 2419 2600 2483 atque
2630 2421 2912 2482 tyrannos,
2948 2421 3174 2482 paterno
3201 2422 3536 2484 provocatus
3583 2429 3772 2470 exem-

2173 2499 2285 2569 plo,
2319 2500 2567 2555 virtutem
2597 2499 2832 2564 roboris,
2867 2501 3068 2555 Christi
3096 2501 3432 2567 auctoritate,
3483 2501 3536 2556 in
3584 2501 3774 2558 defen-

2176 2588 2388 2644 sionem
2417 2589 2606 2644 matris
2643 2597 2860 2653 vestrte,
2905 2605 2940 2644 a
2985 2605 3095 2660 qua
3115 2597 3170 2645 et
3214 2598 3398 2651 potum
3427 2590 3773 2660 praedicatio-

2175 2677 2262 2734 nis
2289 2677 2344 2730 in
2371 2677 2612 2747 proavis,
2644 2685 2697 2733 et
2717 2677 2942 2731 infulam
2971 2677 3188 2748 imperii
3222 2677 3534 2748 accepistis,
3572 2679 3774 2736 medul-

2176 2765 2304 2821 litus
2324 2765 2662 2836 viriliterque
2691 2764 2973 2822 effundere
3009 2765 3253 2822 valeatis.
3285 2764 3444 2836 Quia,
3477 2766 3624 2838 quod
3669 2767 3776 2824 dici

2178 2854 2296 2910 sine
2326 2853 2692 2926 lacrymarum
2735 2854 2910 2909 imbre
2959 2854 3107 2910 nullo
3155 2855 3320 2910 modo
3349 2862 3544 2926 potest,
3578 2855 3781 2926 prodiit

2181 2941 2237 2996 in
2262 2943 2366 2998 hoc
2394 2950 2641 3012 tempore
2669 2942 2813 3012 apud
2843 2957 2943 2997 nos
2967 2958 3034 2998 ex
3064 2957 3251 2998 massa
3277 2942 3489 3014 peccati
3520 2943 3676 2998 radix
3707 2959 3774 3000 ac

2181 3030 2354 3086 fomes
2383 3030 2734 3102 nequissima
2776 3030 3099 3101 perditionis
3145 3031 3483 3096 Lambertus,
3516 3031 3773 3088 Widonis

2178 3119 2452 3190 quondam
2494 3119 2772 3188 Spoletani
2809 3119 2946 3175 dicis
2993 3121 3302 3174 horrendus
3332 3117 3494 3184 filius,
3541 3119 3779 3176 fatemur

2175 3207 2484 3262 membrum
2513 3207 2856 3272 Antichristi,
2905 3207 2998 3278 qui
3027 3209 3351 3264 adversatur
3396 3217 3449 3264 et
3505 3208 3778 3266 extollitur

2177 3295 2497 3366 derogando
2525 3297 2792 3352 adversus
2817 3304 2996 3353 ortum
3053 3297 3258 3368 regalis
3301 3296 3600 3369 progeniei,
3635 3305 3690 3352 et
3716 3314 3776 3354 se

2177 3384 2346 3454 turpis
2410 3383 2546 3442 lucri
2624 3384 2880 3454 cupidum
2965 3383 3304 3440 clandestina
3358 3386 3776 3454 machinatione,

2173 3473 2479 3542 rapacitatis
2519 3473 2736 3534 ardoe,
2787 3489 2932 3529 nunc
2980 3474 3086 3528 huc
3117 3482 3280 3545 atque
3325 3473 3453 3529 illuc
3496 3475 3769 3548 tergiver-

2179 3561 2372 3626 sando,
2414 3577 2537 3618 cum
2584 3563 2796 3617 moecha
2817 3577 3010 3617 sorore
3051 3562 3289 3629 Botilde,
3342 3578 3576 3634 cumque
3623 3577 3773 3619 com-

2179 3649 2323 3720 plice
2347 3665 2449 3706 suo
2507 3649 2673 3706 inﬁdo
2703 3650 3002 3722 Adelgerto
3030 3651 3369 3718 marchione,
3421 3651 3530 3706 imo
3583 3651 3772 3722 pati-ite

2179 3738 2456 3808 praedone,
2507 3739 2576 3793 ad
2633 3737 2829 3805 facem,
2860 3747 2914 3792 ut
2945 3754 3075 3794 vera
3131 3737 3276 3793 fama
3330 3739 3539 3805 volitat,
3600 3739 3775 3810 impu-

2179 3827 2385 3890 denter,
2420 3827 2565 3898 quod
2595 3828 2742 3882 Deus
2770 3834 2990 3895 avertat,
3025 3828 3318 3882 sustollere
3345 3828 3573 3884 Romani
3599 3831 3777 3899 impe-

2180 3915 2280 3980 rii;
2315 3923 2368 3969 et
2407 3933 2566 3972 nunc.
2601 3925 2783 3983 utpote
2836 3916 3164 3969 abominatio
3209 3917 3566 3969 desolationis
3614 3926 3777 3985 atque

471 4019 562 4056 res
592 4011 805 4055 vestros
849 4003 992 4070 apud
1035 4003 1320 4056 Dominum
1381 4020 1599 4072 semper
1658 4004 2074 4058 intercessores.
2181 4004 2502 4071 perditionis
2663 4035 2675 4046 ε
2805 4013 2892 4056 μνη
2960 4005 3156 4080 scorpii
3205 4012 3258 4066 βε
3309 4005 3514 4082 εςρέιίίς
3571 4013 3766 4078 suram,

471 4093 603 4150 Dalii
637 4106 691 4142 IV
723 4091 997 4144 Kalendas
1035 4093 1200 4144 llartii
1236 4091 1299 4161 If.
1335 4093 1476 4156 Man,
1521 4096 1582 4146 ut
1614 4098 1840 4146 constat
1876 4109 1947 4144 cr
1987 4109 2077 4151 £2.1-
2174 4092 2396 4149 c'int‘fuit
2440 4092 2492 4150 di
2607 4135 2616 4143 -
2803 4117 3004 4168 πρημιρ
3054 4117 3283 4169 nit-quam
3336 4118 3462 4153 suos
3513 4102 3780 4171 disperdit

468 4179 822 4251 ;...~n'o.~.'mi.q,
859 4181 1151 4234 indtftinne
1185 4198 1262 4237 xx.
1353 4184 1362 4190 ’
1963 4217 1968 4221 ·
2054 4196 2070 4212 ⁸

2172 4187 2461 4254 pinu-times
2510 4203 2724 4240 omnem
2776 4187 3066 4244 terminum
3097 4188 3268 4244 sancti
3311 4188 3452 4243 Petri
3509 4205 3576 4244 ac
3624 4188 3773 4244 Pauli

1182 4289 1346 4344 cxv.
2171 4281 2538 4344 protectorum
2569 4282 2895 4340 vestrorum,
2930 4275 3019 4328 ubi
3049 4284 3100 4330 et
3147 4292 3250 4346 pro
3308 4293 3415 4348 qua
3465 4293 3524 4332 re
3581 4292 3772 4332 omnes

799 4387 874 4428 ω
911 4390 1232 4430 ιυυονιοωι
1271 4387 1489 4430 unum
1523 4391 1732 4432 nam.
2172 4377 2313 4431 pene
2330 4361 2500 4417 nostri
2515 4361 2704 4418 fideles
2720 4361 2774 4416 in
2791 4371 3169 4434 paupertatem
3197 4360 3264 4420 ac
3285 4365 3662 4420 necessitatem
3683 4382 3768 4421 re-

1089 4464 1270 4532 (Αηηο
1301 4464 1450 4531 878,)
2101 4449 2154 4513 D
2186 4448 2331 4504 dacti
2361 4449 2630 4516 videntur,
2665 4451 3130 4523 sacramentisque
3154 4460 3212 4506 ut
3242 4452 3346 4507 sibi
3367 4453 3698 4524 conspirent,
3731 4463 3783 4509 et

465 4533 731 4608 Deplorat
759 4537 1010 4608 mortem
1063 4535 1247 4608 Caroli
1287 4535 1648 4608 imperatoris
1672 4538 1860 4606 patris
1907 4540 2070 4608 ejus;

537 4605 806 4678 hortatur
831 4606 896 4658 ut
911 4619 1109 4678 pacein
1133 4604 1334 4678 habent
1351 4621 1481 4678 cum
1501 4604 1720 4675 regibus
1742 4604 2073 4678 consangui-

535 4673 658 4748 neis
681 4674 819 4748 suis.
861 4673 1480 4748 efEchesigeinimicos
1513 4673 1904 4748 persequatur,
1931 4673 2070 4748 pra:-

534 4746 698 4814 cipue
737 4744 1091 4798 Lambertum
1131 4745 1348 4806 durem,
1374 4744 1536 4815 cujus
1559 4744 1716 4800 diras
1743 4744 2067 4815 infestatio-

534 4828 634 4867 ηδε
659 4817 1100 4886 commemorat;
1137 4815 1377 4886 denique
1411 4816 1474 4869 in
1513 4816 1756 4872 Galliam
1787 4833 1845 4871 se.
1871 4823 2068 4874 ventu-

536 4899 686 4944 rum,
712 4883 894 4955 ibique
914 4885 1190 4957 synodum
1213 4883 1632 4942 celebraturum
1664 4889 1966 4958 signiﬁcat,

537 4967 826 5026 Lunovxco
863 4972 1107 5044 glorioso
1146 4973 1284 5044 regi,
1317 4971 1428 5030 lilio
1471 4974 1612 5032 divae
1660 4978 1936 5033 memoriae
1965 4979 2067 5036 Ca-

465 5056 568 5114 roli
596 5058 643 5112 ll
675 5058 1012 5128 imperatoris
1051 5059 1300 5132 Augusti.

537 5143 753 5214 Quanto
783 5146 979 5202 deinde
996 5163 1184 5207 amore
1204 5149 1510 5209 dilectionis
1539 5168 1640 5223 pro
1667 5162 1938 5211 tantorum
1962 5157 2066 5212 bo-

462 5248 660 5292 norum
690 5233 1059 5304 virtutibus,et
1078 5253 1178 5306 pro
1199 5238 1584 5310 omnipotentis
1614 5243 1712 5298 Dei
1743 5245 2067 5315 quotidianis

462 5329 766 5401 genitorem
789 5341 1024 5388 vestrum
1041 5333 1388 5392 dilexerimus
1403 5339 1656 5405 cultibus,
1681 5341 1888 5402 horum.
1912 5343 2067 5397 Chri-

463 5425 547 5473 sto
568 5419 913 5475 conscientiee
928 5431 1127 5477 nostra
1147 5432 1302 5490 teste,
1325 5425 1530 5497 absque
1545 5427 1906 5500 lacrymarum
1931 5429 2062 5487 eﬂ’u-

462 5505 616 5561 sione
662 5506 928 5564 factorum
971 5510 1249 5573 reminisci
1293 5514 1600 5578 nullatenus
1632 5533 1944 5587 possumus.
1993 5522 2063 5576 Et

2171 4553 2241 4592 ne
2270 4539 2340 4594 ad
2375 4547 2622 4594 nostram
2651 4548 2934 4594 occurrant
2956 4541 3278 4610 jussioncm,
3311 4541 3489 4596 omnis
3517 4542 3776 4598 territorii

2173 4636 2483 4682 sanctorum
2522 4628 2890 4698 apostolorum
2942 4628 3190 4683 homines
3251 4629 3624 4702 constringere
3665 4647 3776 4686 non

2171 4715 2370 4771 omisit.
2391 4717 2547 4772 Nunc
2575 4717 2739 4772 etiam
2769 4717 3061 4772 Tarentum
3080 4717 3350 4790 legatione
3367 4719 3575 4774 directa
3600 4735 3775 4793 paga-

2170 4804 2276 4869 nis,
2323 4805 2574 4876 donaque
2621 4806 3012 4876 transmittens,
3069 4814 3232 4878 atque
3263 4807 3330 4862 ab
3367 4807 3446 4863 eis
3475 4808 3770 4878 accipiens,

2172 4893 2490 4964 suppliciter
2519 4895 2840 4964 deprecatus
2861 4903 2962 4963 est,
3002 4902 3060 4950 ut
3089 4895 3212 4962 sxbi,
3245 4912 3371 4951 cum
3409 4894 3774 4968 signiﬁcatum

2171 4980 2379 5050 fuisset,
2414 4981 2699 5054 phalanga:
2727 4986 2998 5056 Agarente
3025 4983 3092 5037 ad
3122 4984 3417 5055 perniciem
3477 4985 3770 5040 Christiani

2171 5070 2356 5140 populi
2385 5071 2709 5142 quantocius
2737 5071 2987 5126 deferant
3016 5073 3229 5128 auxilia.
3255 5072 3502 5141 Qualiter
3532 5073 3770 5144 denique

2170 5157 2358 5214 fraude
2388 5160 2660 5231 nequitia.
2696 5168 2747 5215 et
2777 5177 2877 5230 per
2907 5160 3220 5230 perjurium,
3254 5161 3309 5219 in
3339 5161 3460 5218 sinu
3503 5161 3769 5224 Ecclesiae

2170 5256 2370 5304 nostra:
2400 5263 2499 5303 nos
2529 5249 2823 5320 deceperit,
2867 5249 3170 5319 urbemque
3217 5265 3428 5306 sacram
3482 5249 3763 5317 invaserit,

2172 5337 2258 5393 hic
2275 5352 2335 5400 ea
2383 5337 2508 5400 ideo
2539 5337 2916 5408 prsetereundo
2955 5338 3198 5402 silemus,
3232 5338 3358 5408 quia
3397 5337 3453 5392 in
3500 5338 3606 5392 alio
3633 5355 3770 5409 opu-

2169 5425 2319 5484 sculo
2364 5426 2431 5481 ad
2515 5427 2754 5494 omnium
2826 5426 3262 5494 Christianorum
3315 5427 3582 5495 notitiam.
3627 5444 3766 5499 Quos

2166 5521 2221 5578 id
2249 5521 2397 5578 circo
2425 5521 2785 5582 anathematis
2816 5521 3046 5580 vinculis
3076 5521 3480 5589 innodavimus,
3513 5521 3774 5582 nonanus
