4160 6334
321 285 424 340 769

1524 280 1879 338 EPISTOLIE
1912 275 2007 334 ΕΤ
2043 274 2392 335 DECRETA.

3540 270 3645 330 7'70

313 407 630 479 conscripta
648 414 952 462 teneamus.
977 406 1081 462 Pro
1109 420 1218 477 qua
1248 421 1330 472 re,
1364 404 1582 460 domine
1609 403 1685 459 ﬁli
1713 403 1918 460 charis-
1936 401 1992 464 Α
2021 401 2150 459 etiis
2169 402 2562 473 cornprobatur
2590 403 2773 472 (Prov.
2806 400 2985 471 xvn);
3016 408 3069 456 et
3107 401 3245 457 bene
3276 399 3435 456 nobis
3457 397 3643 454 ﬁliatio

320 495 478 561 sime,
512 502 702 551 contra
730 506 875 549 nova
903 501 958 549 et
1002 492 1245 549 inaudita
1286 494 1343 548 in
1389 492 1710 549 Christianis
1757 491 1920 559 mala,

317 599 520 639 novum
542 583 657 651 jam
686 582 866 637 fessus
895 590 948 637 et
976 581 1235 654 fatigatus
1282 581 1599 638 certaminis
1655 580 1923 643 laborem,

317 672 530 727 navalis
560 671 767 728 scilicet
794 671 1044 742 periculi,
1074 671 1381 742 ﬂuctusque
1406 670 1596 735 maris,
1643 683 1927 723 assumere

324 760 666 827 desiderans,
716 775 806 814 me
852 760 1015 814 tantis
1052 758 1312 830 periculis
1359 756 1515 829 [edit.
1574 760 1727 813 Rom.
1797 757 1930 827 legit

327 861 611 903 assumere
639 848 741 903 iter
762 848 832 903 de
860 846 1273 902 transmetantis
1301 845 1581 916 periculis,
1603 842 1730 917 etc.]
1752 844 1821 899 ad
1833 858 1931 898 vos

333 936 603 991 veniendo
630 950 733 1006 pro
762 935 1134 991 Ecclesiarum
1163 942 1477 990 sanctarum
1498 933 1739 988 omnium
1788 932 1932 985 libe-

326 1024 558 1091 ratione,
582 1025 737 1092 juxta
766 1023 1107 1094 Apostolum,
1134 1039 1244 1077 non
1272 1021 1480 1078 faciens
1501 1021 1741 1077 animam
1756 1034 1934 1074 meam

334 1111 718 1183 pretiosiorem
766 1126 931 1182 quam
977 1128 1085 1167 me.
1135 1112 1205 1166 Et
1240 1126 1389 1175 ecce,
1439 1114 1702 1181 quantum
1732 1109 1800 1164 ad
1828 1106 1937 1163 mei

337 1200 623 1255 ministerii
652 1199 902 1272 regimen
932 1206 1161 1270 spectat,
1191 1214 1303 1254 non
1344 1213 1541 1254 recuso
1589 1213 1692 1268 pro
1737 1195 1939 1253 Christi

338 1288 557 1344 Domini
585 1288 788 1354 ovium,
820 1303 924 1358 ope
952 1288 1090 1357 ejus,
1125 1287 1447 1342 liberatione
1462 1285 1623 1351 mori,
1646 1285 1941 1340 detrimen-

334 1384 558 1448 tumque
600 1375 849 1431 sufferre.
902 1376 1031 1441 Vos,
1064 1390 1249 1448 quaeso
1279 1375 1497 1443 obnixe,
1536 1388 1655 1439 vos,
1691 1372 1765 1427 ﬁli
1806 1374 1939 1428 cha-

342 1464 579 1533 rissime,
595 1463 865 1535 lacrymas
882 1478 1037 1519 meas
1053 1464 1395 1535 arduumque
1414 1463 1664 1518 laborem
1685 1461 1939 1533 aspicite;

341 1561 396 1607 et
425 1553 497 1608 ad
558 1551 934 1608 defensionem
978 1560 1182 1608 sanctae
1213 1551 1407 1606 matris
1454 1559 1653 1606 vestra;
1708 1558 1947 1605 vestrum

345 1641 590 1696 animum
604 1639 957 1712 ﬁdeliumque
972 1648 1278 1695 vestrorum
1298 1638 1679 1695 adhortatione
1695 1638 1949 1694 continua

2027 490 2329 561 ad0ptionis
2376 497 2572 544 vestrae
2601 488 2890 558 spiritualis
2920 488 3101 545 favere
3142 489 3359 557 valebit,
3393 488 3440 542 si
3493 484 3642 559 pacis

2033 594 2087 640 et
2133 584 2502 640 unanimitatis
2558 599 2682 639 cum
2730 583 2982 639 fratribus
3010 584 3226 648 vestris,
3279 583 3494 639 Christo
3522 582 3642 653 opi-

2028 672 2154 739 ﬁce,
2182 673 2527 729 concorditer
2545 680 2731 727 tenere
2777 672 3021 727 consulte
3051 672 3299 742 satagitis
3327 671 3639 736 vinculum;

2037 761 2162 833 quia
2228 761 2283 814 in
2329 769 2514 816 vestra
2543 776 2700 831 pace,
2733 759 2963 815 fatemur
3008 760 3173 814 totius
3219 759 3508 814 Christiani
3535 774 3641 829 po-

2034 849 2148 920 puli
2179 850 2326 903 salus
2372 848 2655 913 consistit;
2690 864 2795 919 qua
2825 849 3045 903 demum
3092 847 3436 911 necessitate,
3472 862 3646 917 quave

2035 936 2242 1009 fatigati
2307 936 2589 1009 angustia,
2669 936 2855 990 relicta
2916 936 3047 989 sede
3123 935 3348 1005 propria
3425 941 3648 1005 aposto-

2037 1024 2128 1079 lici
2189 1024 2464 1091 culminis,
2532 1022 2798 1094 compulsi
2845 1039 3032 1078 sumus
3094 1023 3377 1078 Franciam
3424 1030 3659 1093 petere,‘

2038 1127 2247 1184 vosque
2302 1120 2532 1183 paterno
2590 1110 2786 1167 aﬂ'ectu
2843 1112 3166 1182 deposcere,
3224 1120 3490 1181 quatenus
3543 1125 3651 1165 una

2041 1201 2328 1257 nobiscum
2374 1199 2531 1271 positi
2561 1201 2629 1255 de
2656 1199 2929 1256 communi
2976 1199 3280 1254 salvatione
3311 1206 3514 1255 sanctae
3545 1199 3653 1254 Ro-

2049 1304 2223 1343 mana
2254 1288 2517 1345 Ecclesia:
2553 1297 2606 1343 et
2663 1287 2973 1358 reipublicae
3018 1295 3155 1342 statu
3194 1295 3565 1351 tractaremus,
3597 1284 3654 1340 in

2044 1376 2386 1448 paucissimis
2415 1391 2558 1431 nunc
2587 1374 2956 1446 patefecimus,
2991 1375 3113 1448 quia
3148 1375 3225 1429 'in
3256 1375 3360 1429 alio
3391 1372 3654 1445 opusculo

2050 1465 2285 1537 qualiter
2310 1464 2516 1519 nefarie
2544 1465 2611 1518 sit
2643 1473 2925 1534 peractum
2973 1463 3041 1517 ad
3093 1463 3331 1517 omnium
3388 1461 3650 1516 Christia-

2049 1568 2244 1607 norum
2278 1552 2521 1608 notitiam
2550 1560 2864 1607 reservatur
2917 1551 3323 1621 conscriptum;
3357 1551 3500 1622 quod
3529 1549 3652 1606 luce

2047 1640 2246 1696 clarius
2297 1639 2596 1696 advertitis.
2650 1639 2969 1694 Lambertus
3029 1638 3347 1710 Spoletanus
3412 1636 3653 1710 perfidus

335 1736 679 1800 praeparate,
743 1736 797 1783 et
851 1743 1069 1784 mecum
1117 1727 1445 1783 unanimiter
1492 1726 1635 1797 lupis
1658 1726 1946 1796 rapacibus
1974 1728 2464 1811 Bdux,'Widouis
2504 1728 2779 1800 quondam
2825 1727 2989 1797 stirps
3015 1768 3029 1796 ,
3085 1726 3408 1798 perditionis
3473 1724 3653 1794 filius,

338 1816 560 1872 baculos
580 1816 983 1887 redargutionis
1000 1816 1214 1871 studete
1232 1823 1421 1870 tenere
1444 1833 1458 1880 ;
1479 1822 1766 1885 quatenus,
1797 1814 1936 1869 duce

340 1904 617 1977 Unigeniti
672 1904 869 1978 gratia,
939 1912 1063 1976 post
1133 1903 1299 1976 longa
1365 1912 1671 1973 temporum
1741 1902 1936 1973 spatia,

342 1999 730 2062 cooperatores
762 1990 939 2047 effecti
995 1991 1164 2046 nostri
1214 1990 1548 2055 certaminis,
1579 1990 1649 2045 de
1702 2006 1942 2060 purpura

343 2079 565 2145 terreni,
626 2079 842 2150 imperii
880 2079 947 2133 ad
977 2093 1238 2135 coronam
1266 2079 1457 2134 venire
1484 2078 1710 2134 valeatis
1740 2094 1942 2147 perpe-

344 2176 510 2223 tuam.
584 2168 653 2222 Et
725 2167 986 2237 epistolas
1056 2166 1319 2238 reliquas,
1383 2183 1517 2238 quas
1583 2164 1946 2222 confratribus

343 2256 558 2324 vestris,
591 2256 989 2311 Carolomanno
1018 2255 1287 2322 videlicet,
1333 2263 1387 2309 et
1434 2254 1728 2322 Ludovico,
1787 2261 1946 2325 atque

346 2344 543 2399 Carolo
567 2343 785 2412 juniori,
828 2343 1118 2416 diligimus
1162 2358 1264 2414 pro
1312 2343 1500 2397 talium
1546 2342 1942 2407 adhortatione,

346 2444 656 2502 precamur,
690 2430 878 2502 gloria:
905 2440 1103 2486 vestrae
1118 2431 1443 2495 decentiam,
1462 2430 1683 2486 easdem
1706 2429 1811 2483 illis
1832 2429 1949 2484 sine

349 2530 502 2575 mora
532 2519 804 2574 destinare
838 2518 1157 2590 dignemini,
1192 2519 1552 2590 omnibusque
1576 2517 1950 2573 reverentissi-

350 2607 455 2662 mis
502 2607 952 2678 archiepisc0pis,
1005 2616 1057 2662 et
1118 2606 1267 2663 clero
1323 2607 1484 2662 totius
1539 2606 1747 2662 ordinis
1795 2606 1953 2678 regni

352 2695 539 2761 veStri,
571 2705 794 2767 paterna
848 2704 974 2767 peto
1014 2695 1393 2751 adhortatione
1431 2693 1723 2766 significari
1753 2694 1952 2765 praeci-

352 2785 483 2855 pile,
519 2784 793 2855 quoniam.
815 2784 1045 2839 Domino
1062 2784 1380 2851 miserante,
1404 2783 1547 2854 apud
1568 2799 1665 2838 vos
1687 2782 1954 2854 synodum

357 2872 679 2927 celebraturi
711 2887 897 2927 sumus
927 2872 1137 2927 cunctis
1166 2871 1382 2942 populis
1412 2872 1492 2926 Ch
1512 2871 1753 2925 ristianis
1789 2886 1957 2941 perne

352 2959 670 3015 cessariam.
686 2958 1033 3031 Quaecunque
1061 2974 1226 3015 nosse
1242 2975 1340 3015 vos
1354 2959 1622 3030 cupimus,
1646 2974 1778 3013 sane
1796 2958 1957 3014 dein-

352 3060 484 3118 ceps
541 3058 727 3103 sumus
782 3049 948 3104 acturi
992 3047 1062 3103 de
1125 3046 1360 3118 negotiis
1424 3047 1830 3104 ecclesiasticis.
1881 3047 1956 3102 Te

355 3151 589 3207 quoque,
625 3135 946 3191 charissime
977 3133 1072 3201 ﬁli,
1125 3135 1444 3190 auctoritate
1494 3135 1667 3191 sancti
1724 3133 1956 3207 Spiritus

357 3224 458 3279 Dei
487 3224 683 3291 nostri,
715 3224 783 3278 ad
813 3223 1001 3280 vicem
1032 3223 1297 3296 genitoris
1355 3223 1521 3279 vestri
1569 3223 1755 3278 domni
1787 3222 1965 3278 Caroli

355 3313 607 3383 perpetui
636 3313 989 3383 imperatoris
1032 3312 1281 3383 Augusti.
1332 3327 1362 3366 a
1420 3312 1646 3367 secretis
1696 3311 1965 3367 constituo

359 3412 541 3456 meum
572 3401 956 3466 consiliarium,
994 3401 1105 3471 qui,
1140 3409 1195 3455 ut
1224 3400 1331 3456 dici
1357 3399 1579 3465 assolet,
1611 3414 1740 3471 pars
1770 3399 1967 3455 animm

361 3505 500 3545 meae
529 3489 642 3555 fuit,
689 3497 741 3544 et
784 3506 1012 3561 quaeque
1060 3489 1273 3561 agenda
1303 3496 1446 3554 sunt,
1481 3503 1619 3558 coge
1676 3487 1965 3559 adunaque

362 3576 649 3633 consilium
680 3595 693 3631 :
726 3578 853 3649 quia
881 3577 937 3632 in
982 3577 1127 3633 fonte
1185 3577 1261 3632 tui
1291 3578 1474 3633 cordis
1511 3577 1747 3648 primum
1796 3576 1965 3631 intin-

360 3665 574 3737 gendus
604 3665 862 3735 calamus,
895 3666 1094 3722 deinde
1121 3680 1315 3721 manus
1346 3673 1535 3720 nostra
1558 3663 1813 3721 formabit
1842 3666 1966 3720 cha-

366 3754 591 3811 racteris
620 3755 825 3826 apices.

1077 3824 1267 3881 CXVI.

532 3911 605 3951 Αι)
632 3910 950 3952 ιυῡονιοωι
980 3910 1361 4037 ἳῖοΑΜὲῗὲῖῗ
1393 3910 1555 3951 REGIS
1582 3909 1788 3950 FILIUI.

1061 3982 1168 4021 uno
1310 4008 1322 4020 .

1061 3982 1168 4021 uno
1201 3982 1322 4021 διδ.

384 4054 741 4126 Hortaturad
761 4055 1099 4126 servandam
1118 4069 1316 4126 pacem
1329 4068 1457 4109 cum
1472 4054 1824 4126 patruelibus
1846 4055 1967 4120 ;in-

438 4125 663 4182 vehitur
691 4126 755 4180 in
772 4124 1135 4196 Lambertuni
1150 4125 1518 4196 Sproletanum
1538 4124 1737 4196 ducem
1760 4140 1773 4176 :
1809 4128 1968 4195 rogat

450 4197 723 4269 episcOpis
752 4195 1033 4267 signiﬁcet
1062 4199 1129 4250 ut
1157 4195 1228 4249 ad
1256 4195 1528 4266 synodum
1573 4195 1864 4249 accedant.

442 4282 725 4339 Luoovtco
745 4282 1115 4351 Bajoariorum
1149 4282 1298 4355 regis
1328 4280 1457 4337 tilio.

444 4370 711 4442 Scriptum
743 4371 886 4425 enim
917 4386 1047 4426 vero
1075 4370 1132 4425 in
1169 4370 1423 4425 Salomon
1475 4369 1707 4441 legimus
1742 4387 1755 4423 :
1788 4370 1966 4425 Filius

373 4460 599 4531 sapiens
619 4444 872 4527 laetiﬁcat
887 4463 1133 4532 patrem,
1161 4462 1217 4513 et
1238 4462 1324 4513 est
1347 4458 1635 4531 gaudium
1654 4460 1860 4513 matris
1882 4473 2003 4531 quae
2027 4449 2079 4509 D

372 4548 711 4619 genuiteum
731 4548 913 4614 (Prov.
950 4550 1050 4617 x);
1085 4555 1435 4619 quapropter,
1470 4545 1724 4617 quoniam
1763 4554 1833 4610 te,
1868 4545 1976 4600 Lu-

376 4633 571 4690 dovico
621 4633 732 4690 ﬁlio
775 4635 972 4702 Caroli,
1034 4634 1307 4691 Ludovico
1357 4632 1468 4689 ﬁlio
1504 4633 1760 4689 Ludovici
1810 4633 1976 4706 regis,

376 4723 689 4777 aeternitatis
727 4722 1066 4794 prescientiie
1096 4740 1209 4780 sum
1231 4723 1458 4779 consilio
1471 4722 1814 4794 omnipotens
1834 4724 1980 4777 Deus

378 4826 446 4866 ex
476 4826 663 4885 regum
693 4812 1190 4885 imperatorumque
1238 4821 1319 4867 est
1367 4813 1622 4885 dignatus
1675 4811 1979 4882 producere

379 4900 658 4973 prosapia,
688 4908 741 4955 et
770 4909 896 4957 tunc
926 4900 1078 4956 illum
1104 4902 1266 4972 plene
1312 4899 1592 4956 laetificare
1633 4900 1977 4968 contenditis,

380 4987 429 5042 si
458 4996 653 5044 vestrae
680 4989 837 5043 matri
857 4990 1083 5061 ejusque
1102 4987 1462 5044 immaculata:
1482 5004 1698 5059 sponsae
1719 4988 1981 5044 adversus

384 5076 753 5132 insidiantium
827 5075 963 5132 ictus
1028 5085 1187 5150 atque
1266 5077 1410 5131 illius
1480 5076 1813 5132 laceratores
1871 5084 1982 5131 tota

385 5165 582 5220 virtute
611 5165 951 5231 concurritis,
982 5181 1144 5222 omne
1173 5180 1390 5238 quoque
1420 5165 1547 5219 nixu
1597 5181 1748 5220 more
1778 5181 1980 5236 paren—

387 5260 498 5308 tum
528 5268 933 5326 pravorumque
979 5262 1283 5331 vestrorum
1332 5252 1515 5308 auxilii
1554 5252 1982 5308 consolationem

388 5341 665 5415 conferre,
689 5350 871 5414 spreta
889 5356 1241 5415 personarum
1262 5341 1578 5413 acceptione
1599 5342 1978 5413 quarumlibet,

387 5430 713 5507 quantocius
761 5430 1044 5495 festinatis.
1098 5428 1271 5509 sancti
1307 5429 1540 5501 Spiritus
1585 5444 1685 5501 per
1732 5429 1982 5488 Salomo-

387 5534 515 5574 nem
540 5519 723 5575 verbis
749 5520 1075 5575 testantibus
1107 5535 1119 5572 :
1155 5520 1424 5575 Frater'et
1437 5517 1657 5574 amicus
1698 5519 1762 5571 in
1796 5533 1982 5591 angu-

1985 3098 2032 3163 C

2044 1832 2103 1886 in
2133 1824 2392 1887 quantam
2416 1815 2732 1886 superbiam
2778 1831 2879 1886 pro
2909 1814 3223 1886 cupiditate,
3254 1822 3313 1869 ut
3354 1813 3494 1869 fama
3523 1829 3656 1869 vera

2044 1919 2106 1959 se
2131 1905 2312 1970 habet,
2344 1903 2573 1960 Romani
2602 1903 2819 1974 imperii
2851 1904 3130 1973 eruperit,
3163 1902 3218 1957 in
3248 1903 3455 1964 nostris
3483 1902 3659 1956 tribu-

2042 1992 2338 2058 lationibus
2369 2000 2529 2064 atque
2569 1991 2835 2063 angustiis
2865 1991 3052 2062 procul
3110 1990 3275 2046 dubio
3317 1990 3664 2063 cognoscetis

2046 2081 2116 2136 ad
2175 2080 2457 2151 liquidum.
2493 2081 2720 2136 Romam
2777 2080 3046 2151 siquidem
3096 2078 3431 2134 clandestina
3470 2077 3658 2133 fraude

2045 2169 2305 2224 devotum
2339 2169 2524 2229 venire
2555 2183 2615 2223 se
2645 2168 2928 2231 simulans,
2960 2185 2990 2221 a
3021 2167 3179 2221 nobis
3208 2167 3356 2222 velut
3384 2165 3527 2220 ﬁlius
3555 2179 3658 2236 pa-

2047 2258 2129 2314 cis
2163 2257 2399 2331 benigne
2444 2265 2760 2326 susceptus:
2794 2256 2925 2327 quid
2971 2255 3225 2310 virulenti
3253 2254 3465 2310 consilii
3495 2255 3662 2309 corde

2049 2346 2290 2418 gestiens
2322 2344 2386 2417 [f.
2421 2344 2656 2418 gereret]
2686 2344 2740 2398 in
2758 2343 3049 2399 crastinum
3092 2344 3368 2414 sequentis
3389 2343 3495 2397 diei
3526 2342 3665 2397 dilu-

2050 2433 2233 2490 culum
2275 2432 2667 2488 demonstravit
2700 2448 2711 2487 :
2746 2448 2868 2486 nam
2898 2432 3169 2501 deputatis
3200 2431 3535 2496 custodibus,
3570 2445 3659 2485 ve-

2052 2539 2171 2577 rum
2224 2522 2387 2577 etiam
2446 2520 2798 2588 satellitibus,
2839 2520 2906 2573 ad
2953 2528 3162 2590 portam
3208 2518 3368 2573 Urbis
3409 2534 3531 2589 quae
3590 2518 3661 2573 ad

2050 2609 2196 2665 beati
2228 2604 2363 2664 Petri
2419 2608 2790 2679 apostolorum
2820 2594 3095 2677 principis
3152 2606 3402 2661 euntibus
3456 2605 3647 2676 pandit

2053 2697 2174 2766 iter,
2209 2696 2417 2751 nullum
2448 2703 2757 2750 nostrorum
2801 2692 3040 2748 ﬁdelium
3084 2695 3148 2747 ad
3196 2709 3296 2748 nos
3337 2692 3531 2766 egredi
3571 2708 3666 2763 pa-

2054 2785 2215 2848 tiens,
2249 2785 2404 2840 cibos
2436 2782 2745 2838 deferentes
2775 2797 3058 2847 coercens,
3081 2782 3276 2836 asserit
3305 2781 3660 2841 Caroloman-

2057 2889 2185 2928 num
2207 2889 2397 2946 regem
2434 2872 2537 2927 sibi
2608 2871 2735 2925 talia
2772 2870 3046 2925 horrenda
3102 2868 3285 2925 facere
3312 2868 3664 2939 praecepisse.

2061 2960 2217 3030 Quod
2246 2960 2452 3016 idcirco
2483 2975 2592 3014 non
2640 2974 2935 3030 possumus
2982 2958 3230 3021 credere,
3275 2958 3535 3029 quoniam
3600 2972 3668 3013 ex

2061 3057 2243 3104 vestra
2270 3048 2537 3120 progenie
2555 3047 2735 3102 nullus
2757 3047 3027 3102 cervicem
3050 3048 3285 3116 superbe
3304 3054 3495 3100 contra
3524 3045 3667 3101 hanc

2064 3137 2257 3193 extulit
2305 3137 2514 3201 sedem,
2549 3136 2646 3189 sed
2688 3143 2909 3205 propter
2952 3135 3127 3189 Deum
3167 3133 3482 3204 suppliciter
3529 3132 3669 3188 colla

2066 3224 2336 3279 submisit.
2360 3225 2494 3287 Nos,
2535 3220 2612 3276 ﬁli
2642 3222 2983 3285 charissima,
3017 3238 3118 3293 pro
3175 3221 3393 3276 Domini
3423 3219 3676 3275 Ecclesia

2066 3321 2119 3367 et
2147 3314 2263 3381 ejus
2285 3312 2480 3366 ovibus
2508 3311 2743 3365 animam
2772 3325 2975 3381 ponere
3014 3309 3314 3380 cupientes,
3356 3324 3486 3364 ecce
3516 3308 3674 3364 mari-

2066 3417 2166 3456 nos
2198 3401 2396 3456 ﬂuctus
2425 3400 2705 3471 undasque
2735 3399 2866 3453 salis
2895 3398 2962 3453 ad
2993 3414 3089 3453 vos
3120 3397 3388 3453 veniendo
3417 3413 3516 3468 per
3543 3394 3677 3451 diﬁi-

2067 3490 2173 3545 cile
2193 3490 2296 3543 iter
2327 3487 3137 3558 assumpsimus,vobiscumqne
3164 3485 3322 3540 simul
3346 3484 3532 3557 positi,
3564 3486 3676 3541 Do-

2072 3578 2223 3632 mino
2258 3577 2594 3645 miserante,
2671 3575 2973 3630 universale
3059 3576 3327 3646 synodum
3391 3574 3674 3630 celebrare

2081 3666 2426 3736 disponimus
2456 3665 2619 3721 totius
2649 3673 2849 3720 sanctae
2877 3663 3138 3719 Ecclesia:
3162 3706 3174 3729 ,
3216 3663 3371 3719 vobis
3402 3663 3674 3718 obsecun-

2066 3754 2344 3818 dantibus,
2404 3761 2721 3824 provectum
2752 3762 2805 3808 et
2864 3752 3241 3807 exultationem
3271 3751 3391 3807 lbco
3433 3766 3675 3823 percon-

2072 3856 2213 3915 gruo
2249 3858 2307 3898 sa
2319 3846 2570 3915 tegemus
2597 3840 3070 3914 peragere.Quod,
3095 3855 3299 3912 quaeso,
3319 3839 3479 3914 regni
3506 3840 3677 3895 vestri

2070 3931 2326 3987 omnibus
2360 3930 2787 4001 archiepisc0pis
2814 3929 3265 4001 coepiscopisque
3295 3928 3494 3984 nostris
3523 3927 3678 3984 inno-

2066 4030 2280 4076 tescere
2307 4018 2626 4092 dignemini,
2657 4018 2989 4090 eosdemque
3019 4019 3177 4073 nobis
3197 4019 3392 4073 adesse
3424 4016 3677 4072 continua

2066 4108 2375 4162 maturitate
2406 4107 2708 4163 accelerare
2733 4115 2967 4162 monete.
3000 4107 3137 4160 Data
3174 4111 3242 4161 ut
3266 4122 3458 4177 supra.

2790 4202 3005 4256 CXVII.

2468 4304 2539 4345 AD
2571 4304 3023 4345 CABOLOMANNUM
3053 4304 3261 4344 REGEM.

2705 4365 2884 4429 (Anno
2914 4361 3065 4432 878.)

2473 4450 2736 4522 Ejusdem
2762 4466 2906 4523 pene
2941 4451 3285 4522 argumenti.

2148 4546 2357 4601 Dilecto
2387 4544 2499 4602 filio
2521 4549 2942 4602 Canonouaxxo
2972 4547 3217 4619 glorioso
3250 4545 3390 4619 regi.

2151 4634 2367 4704 Quanta
2395 4636 2630 4707 denique
2661 4635 2981 4691 exultatione
3012 4635 3320 4706 sponsioan
3336 4640 3528 4688 vestrae
3559 4647 3685 4686 san-

2079 4732 2219 4779 ctam
2248 4724 2547 4780 Romanam
2579 4725 2901 4791 Ecclesiam,
2924 4724 3178 4778 videlicet
3194 4731 3419 4777 matrem
3443 4729 3686 4777 vestram

2080 4814 2432 4885 omniumque
2487 4812 2950 4881 Christianorum,
2983 4828 3103 4884 quae
3132 4827 3230 4866 vos
3290 4819 3340 4865 et
3388 4810 3526 4865 lacte
3570 4826 3685 4866 sum

2081 4902 2476 4973 praedicationis
2507 4902 2575 4956 ab
2608 4901 2864 4956 uberibus
2895 4910 2947 4955 et
2969 4900 3037 4954 ad
3066 4899 3364 4971 imperialia
3402 4915 3433 4953 a
3463 4898 3685 4970 proavis

2082 5000 2292 5061 sceptra
2321 4990 2586 5062 sanguine
2616 5005 2807 5060 regum
2839 4989 3167 5043 excellenter
3203 4988 3473 5059 produxit,
3508 4988 3689 5044 suble-

2080 5095 2208 5135 vare
2237 5079 2455 5143 curetis,
2489 5086 2541 5133 et
2568 5077 2845 5149 epistolari
2896 5085 3064 5143 textu,
3112 5084 3165 5130 et
3214 5078 3557 5132 internuntiis
3587 5094 3688 5132 nu-

2080 5184 2182 5239 per
2210 5169 2277 5223 ad
2305 5183 2407 5222 nos
2435 5166 2655 5221 directis
2677 5164 3075 5221 reminiscimur
3092 5165 3339 5237 plcnitcr,
3374 5165 3687 5238 fontemque

2085 5255 2314 5312 ubertim
2346 5254 2527 5310 cordis
2558 5254 2722 5309 vestri
2752 5254 2908 5309 solita
2943 5254 3144 5325 pietate
3174 5264 3459 5326 parentum
3488 5264 3690 5311 vestro-

2082 5361 2205 5416 rum
2230 5345 2376 5401 circa
2431 5342 2817 5415 omnipotentis
2848 5343 2949 5398 Dei
2978 5342 3297 5400 famulatum
3346 5345 3692 5400 miseratione

2083 5432 2364 5489 abundare
2395 5427 2697 5503 reperimus
2722 5449 2736 5486 :
2770 5440 3007 5487 vestrum
3037 5448 3256 5504 quoque
3285 5433 3353 5488 ad
3378 5432 3690 5504 pradictam

2084 5529 2304 5576 matrem
2336 5529 2593 5588 vestram,
2625 5519 2702 5573 uti
2732 5520 2909 5593 gleria
2958 5520 3209 5576 culminis
3237 5521 3405 5577 vestri
3453 5530 3688 5591 spopon-
