4160 6318
568 228 664 279 771

1851 223 2147 278 JOANNIS
2187 223 2381 280 PAPAE
2421 225 2559 279 VIII.

3755 227 3854 280 7‘72

561 347 715 415 derit,
750 353 895 401 tanto
919 346 1130 401 avidius
1158 345 1478 416 enixiusque
1515 345 1824 416 quotidiana
1871 345 2151 416 praestola-
2181 347 2236 406 A
2256 347 2481 404 nitatem
2511 355 2746 403 vestram
2775 347 3117 419 quantocius,
3148 347 3296 402 omni
3325 361 3481 402 mora
3528 347 3849 417 postposita,

561 433 705 489 tione
733 433 1025 490 adventum
1045 432 1497 504 exspectavimus,
1522 440 1722 504 quanto
1743 447 1843 502 pro
1859 439 2154 504 augmento

559 521 828 578 mercedis
857 530 1056 578 vestra
1099 537 1200 577 nos
1249 530 1600 592 nostramque
1638 519 1947 576 Ecclesium
1969 520 2024 574 in
2077 527 2154 576 tot

560 610 975 666 adversantibus
1005 610 1366 675 laborantem,
1398 624 1564 679 super
1585 623 1774 663 omnes
1795 608 2154 679 imperatores

557 707 716 769 atque
746 713 911 770 reges
939 697 1032 768 qui
1063 705 1187 752 ante
1217 713 1315 752 vos
1345 694 1562 751 fuerunt
1591 696 1826 750 exaltare
1872 711 1937 750 ac
1979 694 2152 749 beati-

559 785 726 840 ficare
757 785 1073 840 omnimodo
1101 783 1442 856 promisistis.
1479 783 1607 848 Sed,
1641 784 1746 837 heu
1776 783 1915 853 proh
1946 782 2103 837 dolor
2139 780 2152 835 !

560 873 708 928 fesso
739 873 869 927 mihi
898 888 1234 945 paganorum
1265 870 1643 942 persecutione
1673 885 1740 925 ac
1769 870 1974 941 gladio,
1996 878 2158 941 atque

518 991 526 1001 -
560 960 857 1017 exactionis
887 960 951 1032 [Γ.
985 960 1284 1024 exactione,
1317 957 1522 1030 Hann]
1561 974 1757 1014 census
1800 957 2158 1030 vigintiquin-

563 1065 667 1120 que
709 1048 935 1104 millium
989 1048 1046 1102 in
1103 1055 1333 1118 argento
1389 1062 1774 1102 mancusorum
1833 1045 2156 1109 annualiter,

559 1137 670 1192 imo
699 1137 973 1208 praedictae
1018 1144 1214 1190 vestrae
1263 1133 1424 1188 matri
1471 1134 1688 1188 additus
1746 1133 1925 1190 civilis
1972 1149 2159 1189 mucro

561 1225 830 1298 angustiae
857 1231 957 1292 est,
992 1223 1084 1294 qui
1113 1239 1252 1292 pene
1281 1239 1383 1277 nos
1407 1221 1648 1276 funditus
1677 1221 2020 1292 peremisset,
2053 1221 2159 1276 nisi

561 1313 737 1368 subita
761 1311 1102 1367 miseratione
1121 1309 1265 1365 illius
1287 1311 1592 1366 solaremur
1629 1309 1847 1378 auxilio,
1909 1309 2001 1380 qui
2034 1307 2162 1365 fide-

557 1401 702 1456 libus
732 1401 993 1472 pollicens
1023 1399 1195 1471 inquit
1229 1415 1242 1454 :
1267 1401 1406 1455 Ecce
1423 1415 1515 1470 ego
1537 1399 1813 1455 vobiscum
1835 1415 1960 1454 sum
1977 1399 2166 1454 omni-

559 1490 659 1545 bus
677 1489 868 1544 diebus
888 1503 1062 1560 usque
1083 1487 1154 1542 ad
1171 1488 1716 1564 consummationem
1728 1487 1924 1542 saeculi
1937 1485 2158 1557 (Matth.

557 1580 784 1646 xxvut).
807 1576 1070 1631 Exierunt
1101 1576 1322 1647 quidam
1353 1592 1419 1629 ex
1450 1575 1624 1638 nobis,
1658 1575 1756 1629 sed
1783 1591 1892 1628 non
1946 1573 2162 1628 fuerunt

2255 449 2544 491 occurrere
2586 435 2962 502 admonemus,
3009 450 3134 491 cum
3169 434 3380 491 cunctis
3419 435 3758 505 coepiscopis
3787 449 3850 490 ac

2255 519 2616 596 suﬁ‘raganeis
2644 521 2864 588 vestris,
2898 521 3139 593 exceptis
3168 522 3252 576 his
3275 537 3414 594 quos
3440 521 3585 578 sacri
3615 537 3851 577 canones

2256 627 2358 682 pro
2387 611 2750 666 incommodis
2771 610 2951 666 causis
2991 618 3139 666 stare
3167 611 3467 682 patiuntur.
3503 609 3774 679 Quoniam
3804 609 3856 664 in

2255 713 2339 764 ea,
2374 699 2591 754 Christo
2622 705 2969 770 coeperante,
3003 698 3246 754 omnium
3273 697 3647 754 Ecclesiarum
3677 713 3860 768 spera-

2256 802 2378 842 mus
2406 786 2544 858 erigi
2591 794 2788 841 statum
2827 794 2989 858 atque
3041 785 3305 859 vigorem.
3354 786 3470 842 Hoc
3514 785 3710 840 iterum
3751 785 3853 840 ite-

2256 890 2487 946 rumque
2534 889 2842 940 monemus,
2893 875 3170 930 hortamur
3215 889 3580 946 expressaque
3627 873 3856 928 manda-

2257 977 2401 1032 mus,
2431 969 2489 1018 ut
2517 961 2664 1018 nulla
2693 961 2850 1018 vobis
2881 976 3038 1018 mora
3067 961 3381 1032 nullumque
3411 970 3626 1033 tempus
3655 976 3857 1032 praepe-

2259 1049 2390 1118 diat,
2429 1051 2608 1107 donec
2651 1049 2813 1105 nobis
2864 1059 3107 1106 vestrum
3157 1050 3449 1106 adventum
3474 1049 3530 1104 in
3576 1048 3860 1120 praesentia

2259 1137 2582 1210 prebeatis;
2615 1136 2642 1173 δ
2673 1138 2728 1193 id
2757 1145 2838 1194 est
2868 1137 3144 1194 Lamberti
3171 1137 3362 1208 perﬁdi
3384 1135 3690 1207 Spoletanis
3709 1136 3859 1192 ducis

2258 1226 2516 1282 Widonis
2548 1225 2660 1295 filii,
2697 1225 2924 1298 ejusque
2953 1225 3236 1297 complicis
3267 1225 3549 1281 Adelberti
3584 1225 3856 1280 marchio-

2259 1313 2365 1380 nis,
2400 1313 2512 1379 vel,
2543 1322 2598 1368 ut
2625 1313 2840 1379 melius,
2895 1315 3082 1385 patrita
3131 1313 3446 1385 proditoris,
3506 1312 3599 1384 qui
3643 1311 3858 1368 clande-

2261 1403 2404 1458 stina
2433 1401 2626 1458 fraude
2653 1401 2880 1472 pacifice
2909 1401 3098 1457 venire
3145 1418 3204 1456 se
3236 1401 3515 1466 simulans,
3551 1400 3604 1454 in
3636 1400 3761 1456 dolo
3789 1399 3858 1455 ad

2259 1499 2474 1562 portam
2513 1490 2668 1546 urbis
2715 1489 2972 1545 custodes
3001 1489 3287 1560 deputans,
3321 1504 3640 1560 sacramque
3669 1488 3856 1543 civita-

2261 1587 2370 1633 tem
2401 1587 2660 1649 tyrannus
2688 1577 2906 1644 invasit,
2937 1592 3148 1648 nosque
3201 1593 3323 1634 cum
3380 1575 3632 1632 fidelibus
3659 1575 3858 1630 nostris

557 1681 622 1720 ex
650 1665 829 1730 nobis,
860 1661 1180 1754 confitemur
1207 1679 1385 1734 neque
1415 1679 1481 1718 ex
1513 1663 1670 1717 nobis
1713 1661 1881 1734 [forte
1929 1663 2156 1727 melius,
2187 1666 2397 1754 Bintra
2445 1665 2740 1722 ecclesiam
2786 1664 2932 1722 beati
2989 1665 3134 1720 Petri
3179 1664 3551 1736 apostolorum
3607 1663 3859 1736 principis

555 1770 753 1825 neque,
786 1769 851 1808 ex
879 1752 1056 1821 vobis,
1092 1751 1320 1824 Hann],
1353 1755 1446 1823 qui
1469 1759 1616 1806 tanta
1637 1751 1938 1806 Romanam
1960 1750 2152 1806 Eccle-

559 1842 692 1896 siam
725 1841 1176 1896 dehonestatione
1207 1841 1509 1910 urbemque
1542 1855 1780 1904 sacram,
1813 1855 1915 1894 nos
1937 1853 2156 1909 quoque

561 1929 925 2001 fatigaverunt
949 1936 1108 2000 atque
1137 1935 1550 1999 oppresserunt,
1602 1935 1660 1982 ut
1715 1926 1889 1982 simile
1945 1941 2047 1981 nec
2104 1925 2159 1980 in

562 2017 886 2072 Christianis
914 2017 1135 2089 regibus
1167 2015 1369 2072 factum
1399 2015 1670 2070 reminisci
1700 2015 1810 2070 ullo
1840 2014 2004 2069 modo
2023 2029 2157 2085 pos-

559 2106 648 2160 sit.
683 2105 1029 2160 Lambertum
1068 2103 1264 2170 fateor,
1325 2112 1487 2174 atque
1542 2103 1900 2159 Adelbertum
1954 2103 2159 2158 electos

562 2193 926 2260 marchiones,
951 2193 1044 2264 qui
1065 2191 1248 2247 hostili
1276 2208 1442 2247 manu
1469 2192 1788 2263 occultaque
1807 2190 1998 2246 fraude
2019 2205 2158 2262 qua-

561 2281 685 2337 liter
714 2297 814 2337 uos
862 2279 1114 2348 affecere,
1174 2279 1427 2336 culminis
1483 2280 1650 2335 vestri
1705 2279 1938 2352 gloriam
1991 2278 2158 2334 latere

561 2369 709 2424 nulla
737 2369 908 2440 potuit
936 2369 1163 2434 ratione,
1199 2367 1346 2440 quod
1375 2368 1446 2423 ad
1476 2368 1716 2424 omnium
1748 2377 1989 2422 vestrum
2011 2365 2156 2420 noti-

561 2459 688 2513 tiam
719 2458 772 2512 in
803 2473 903 2513 suo
933 2457 1194 2528 scriptum
1227 2464 1442 2511 tenetur
1469 2455 1752 2527 opusculo.
1785 2455 1957 2510 Nobis
1979 2455 2156 2510 enim-

559 2561 687 2602 vero
715 2545 785 2600 ad
816 2562 913 2601 vos
945 2545 1088 2600 inter
1117 2553 1318 2600 caetera
1362 2544 1505 2599 mala
1531 2543 1634 2598 iter
1679 2543 1922 2598 clausere
1970 2542 2158 2598 venire

561 2633 939 2705 cupientibus;
969 2648 1081 2704 qua
1113 2633 1440 2688 necessitate
1470 2632 1756 2703 compulsi,
1791 2629 2001 2695 navale,
2035 2629 2156 2684 ani-

561 2738 705 2777 mam
733 2738 848 2792 prae
875 2721 1124 2776 manibus
1153 2721 1436 2788 habentes,
1468 2720 1862 2791 assumpsimus
1883 2718 2156 2774 laboriose

561 2809 886 2880 periculum,
916 2817 968 2864 et
1019 2809 1372 2865 commodum
1425 2807 1678 2862 duximus
1725 2807 2006 2862 Franciam
2055 2806 2154 2868 ire,

560 2907 907 2969 vestramque
936 2896 1232 2952 fraternam
1262 2911 1582 2968 compagem
1613 2896 1666 2950 in
1714 2895 1863 2966 pacis
1907 2904 1959 2950 et
2015 2910 2155 2950 una-

559 2987 818 3043 nimitatis
845 2987 1118 3044 vinculum
1149 2986 1508 3054 consolidare,
1548 2995 1744 3042 vestra:
1773 2985 1962 3040 matris
2011 2999 2156 3055 saepe

561 3077 720 3132 dicta:
749 3076 1124 3132 liberationem
1143 3083 1346 3132 sanctae
1361 3075 1618 3131 Romana:
1661 3073 1922 3130 Ecclesiae
1962 3089 2159 3129 neces-

564 3165 711 3220 sario
745 3180 1013 3236 quaerere.
1051 3163 1162 3218 Vos
1191 3163 1459 3235 siquidem
1490 3162 1615 3218 illuc
1632 3178 1934 3234 omnesque
1953 3170 2164 3218 vestro-

563 3270 684 3309 rum
717 3269 1013 3325 regnorum
1044 3252 1331 3323 episcopos
1360 3252 1430 3306 ad
1461 3251 1726 3324 synodum
1774 3250 2159 3306 celebrandam

561 3341 748 3396 venire
778 3343 1077 3404 hortamur.
1113 3341 1248 3396 Data
1278 3340 1346 3395 de
1395 3339 1608 3395 civitate
1647 3339 1944 3407 Genuensi,
1979 3346 2032 3394 et
2077 3338 2160 3394 di-

561 3437 710 3486 recta
742 3428 932 3502 gloriae
961 3437 1158 3485 vestrae
1185 3444 1286 3499 per
1314 3430 1640 3499 Anspertum
1697 3427 2159 3483 Mediolanensem

560 3517 888 3575 confratrem
917 3526 971 3573 et
998 3515 1384 3588 coepiscopum
1429 3525 1695 3572 nostrum.

628 3609 955 3663 Praesentem
985 3606 1378 3678 [praesentium]
1410 3605 1636 3661 latorem
1665 3605 1882 3660 Petrum
1925 3603 2160 3660 cardinis

561 3695 810 3751 ecclesiae
828 3703 1027 3750 nostrae
1046 3694 1428 3765 presbyterum
1445 3693 1636 3766 gloriae
1649 3701 1842 3748 vestrae
1863 3693 2160 3764 plurimum

560 3783 1028 3849 commendamus,
1087 3798 1320 3854 eumque
1379 3782 1450 3836 ad
1507 3797 1607 3836 nos
1663 3797 1975 3852 quaesumus
2033 3795 2159 3836 cum

559 3872 753 3926 vestris
775 3871 959 3926 missis
979 3879 1140 3942 atque
1163 3869 1514 3940 opitulatione
1535 3869 1853 3924 festinanter
1881 3867 2152 3923 remittite.

1239 3967 1480 4022 CXVIII.

560 4073 632 4112 AD
701 4071 1034 4112 ANSPBIITUI
1099 4071 1574 4111 ABCIIIEPISCOPUM
1660 4068 2152 4110 ΜεοιοιΑΝεΝεευ.

1163 4147 1344 4215 (Anno
1400 4146 1550 4213 878.)

564 4235 742 4290 Monet
767 4239 834 4290 ut
853 4233 1198 4307 quantocius_
1232 4233 1306 4288 ad
1341 4233 1617 4307 synodum
1640 4235 1703 4307 in
1744 4231 2156 4307 GalAliam_cum

636 4302 1012 4376 suffraganeis
1030 4305 1262 4360 accedat
1283 4323 1300 4376 ς
1323 4302 1583 4376 queritur
1621 4303 1688 4358 de
1715 4303 1956 4375 perﬁdia
1987 4302 2154 4356 Lam-

632 4375 775 4432 ber’ti
793 4375 1086 4447 Spoletani
1101 4375 1344 4430 comitis;

631 4466 930 4518 Axspna'ro
961 4462 1261 4517 venerabili
1282 4461 1695 4532 archiepiscopo
1743 4457 2155 4514 Mediolanensi.

631 4553 736 4606 Pro
766 4550 1066 4606 innumeris
1094 4549 1258 4621 igitur
1286 4556 1338 4602 et
1391 4547 1781 4619 multiplicibus
1837 4545 2157 4618 oppressio-

557 4656 686 4694 num
715 4638 982 4712 angustiis
1011 4638 1176 4693 totius
1205 4644 1409 4691 sanctae
1435 4635 1700 4692 Ecclesiae
1731 4634 1786 4688 in
1805 4635 1942 4690 orbe
1979 4642 2158 4688 terra-

559 4744 677 4782 rum
705 4726 935 4792 diﬂ'usae,
968 4727 1238 4798 synodum
1267 4723 1650 4792 universalem,
1705 4722 1920 4778 Christo
1974 4722 2158 4793 opitu-

557 4815 722 4881 laute,
783 4815 839 4869 in
893 4814 1118 4870 Francia
1172 4812 1324 4884 (quia
1380 4811 1436 4865 in
1522 4811 1693 4876 Italia,
1779 4810 2160 4882 persecutione

560 4903 830 4958 malorum
861 4911 1148 4976 grassante
1179 4901 1226 4971 ⁸)
1258 4901 1472 4955 Petrum
1502 4900 1878 4972 presbyterum
1923 4899 2159 4955 cardinis

561 4991 753 5056 nostri,
789 5007 950 5062 quem
979 4991 1049 5046 ad
1087 4989 1546 5045 Carolomannum
1602 5005 1793 5062 regem
1848 4988 2149 5062 dirigimus.

559 5078 876 5134 fraternitati
907 5087 1104 5134 vestrae
1159 5077 1451 5148 plurimum
1509 5077 1956 5134 commendamus
2013 5078 2164 5146 (mt-

561 5168 707 5222 nime
734 5167 1031 5238 potuimus)
1062 5181 1250 5221 sumus
1279 5166 1626 5236 celebraturi,
1665 5166 1734 5222 ad
1778 5182 1938 5238 quam
1972 5164 2160 5220 frater-

677 5277 789 5326 Htrc
818 5274 964 5324 verba
993 5287 1090 5326 non
1116 5275 1366 5326 cohtrrcnt
1387 5275 1722 5339 sequentibus.

630 5367 651 5394 ι)
683 5343 740 5392 Ut
761 5355 959 5392 causam
981 5343 1249 5392 communis
1278 5343 1432 5392 hostis
1458 5357 1556 5394 una
1579 5356 1760 5394 mecum
1773 5341 2028 5405 judicelis.
2049 5341 2162 5390 llaac

561 5411 640 5460 vel
665 5410 710 5460 al
733 5423 760 5459 τι
789 5409 1063 5472 liujusmodt
1089 5409 1238 5460 verba
1253 5409 1332 5460 hic
1344 5409 1514 5460 deesse
1535 5410 1780 5460 videntur.
1805 5409 1873 5458 De
1895 5407 2158 5458 Lamberto

561 5483 608 5527 et
639 5475 898 5527 Adelbcrto
925 5475 1159 5537 Aimoin.,
1185 5475 1221 5525 l.
1250 5488 1298 5532 ν,
1325 5490 1371 5524 c.
1399 5477 1460 5524 37
1474 5512 1487 5524 .

2263 1753 2504 1810 inaudito
2556 1761 2718 1826 atque
2773 1753 3048 1809 horrende
3111 1760 3390 1809 coarctare
3459 1752 3602 1808 inter
3667 1758 3857 1807 caetera

2260 1842 2402 1898 mala
2421 1851 2462 1897 ο.
2497 1841 2636 1898 Data
2664 1845 2730 1898 ut
2749 1858 2925 1915 supra
2946 1839 2992 1895 ά.

2951 1929 3146 1985 CXIX.

2633 2033 2706 2072 AD
2724 2032 3132 2074 ΑΝαιςιΒειιοΑιι
3147 2031 3458 2073 AUGUS'I‘AI.

2859 2106 3042 2177 (Anno
3090 2105 3242 2176 878.)

2265 2198 2331 2252 Ut
2356 2195 2420 2250 in
2439 2197 2706 2252 Romana:
2717 2193 2981 2250 Ecclesiae
2990 2192 3098 2262 ﬁde
3112 2196 3430 2266 perseveret
3449 2213 3468 2260 ;
3492 2195 3855 2264 praesentium

2719 2268 2958 2322 latorem
2988 2263 3363 2320 cominendat.

2300 2353 2680 2409 Dilectissimae
2694 2353 2818 2409 filiae
2834 2354 3229 2408 ANGBLBEBGE
3239 2350 3570 2422 imperatrici
3580 2355 3854 2424 Augusta.

2331 2441 2762 2498 Reminiscentes
2789 2440 3032 2496 omnium
3061 2440 3331 2494 bonorum
3359 2447 3685 2502 vestrorum,
3719 2453 3859 2510 quo-

2258 2529 2388 2585 tidie
2434 2529 2550 2585 Deo
2605 2537 2791 2585 nostro
2821 2527 3118 2600 gratiarum
3149 2527 3394 2583 actiones
3424 2525 3732 2592 referimus,
3762 2525 3853 2598 qui

2259 2625 2504 2673 vestrum
2549 2617 2790 2673 animum
2829 2624 2980 2672 tanta
3036 2614 3398 2671 sollicitudine
3440 2614 3588 2671 circa
3621 2613 3859 2670 devotio-

2259 2721 2386 2762 nem
2413 2705 2484 2762 ab
2512 2706 2739 2762 exordio
2769 2713 2974 2761 sancta
3004 2705 3260 2760 Romanas
3297 2701 3560 2759 Ecclesia
3601 2698 3862 2773 spirituali

2258 2793 2491 2850 flamma
2518 2793 2802 2850 adustione
2831 2793 3090 2864 perussit.
3125 2791 3232 2847 Sed
3261 2805 3424 2856 nunc,
3457 2789 3568 2845 filia
3595 2805 3718 2845 mea
3740 2791 3862 2846 cha-

2259 2881 2474 2939 rissima
2520 2889 2574 2938 et
2619 2881 2676 2936 in
2715 2881 2932 2937 Christo
2962 2881 3176 2945 devota,
3208 2894 3412 2951 quaeso,
3465 2878 3608 2934 vires
3635 2877 3860 2933 sollicita

2258 2969 2462 3043 ingenii
2510 2968 2826 3038 acutissimi,
2871 2977 2924 3024 et
2978 2969 3035 3024 in
3078 2969 3185 3024 hoc
3224 2967 3585 3038 inopportuno
3613 2973 3861 3036 tempore

2191 3039 2240 3104 Ο
2263 3039 2688 3114 solita-bonitate
2716 3073 3001 3121 concurre,
3053 3064 3321 3128 quatenus
3378 3062 3614 3125 ereptum
3659 3054 3861 3109 bonum

2260 3162 2436 3220 usque
2465 3145 2537 3202 ad
2565 3145 3092 3203 consummationem
3109 3143 3292 3216 operis
3319 3143 3644 3214 perductum
3667 3140 3861 3198 aeterni

2261 3235 2604 3292 retributoris
2631 3233 2856 3306 praemia
2881 3233 3124 3304 recipere
3153 3231 3400 3288 valeatis.
3433 3231 3686 3286 Latorem
3713 3245 3856 3302 quo-

2262 3339 2368 3396 que
2397 3323 2744 3396 praesentium
2784 3323 3006 3378 Petrum
3052 3319 3289 3376 cardinis
3339 3319 3513 3375 nostri
3567 3318 3860 3391 presbyte-

2261 3427 2401 3479 rum,
2433 3427 2620 3484 quaeso
2668 3411 2724 3466 in
2759 3409 3010 3466 omnibus
3041 3409 3243 3464 habeas
3272 3405 3730 3470 commendatum,
3765 3421 3858 3460 ve-

2259 3508 2478 3572 stroque
2508 3499 2737 3556 consilio
2795 3497 3219 3570 prudentissimo
3247 3496 3352 3552 iter
3379 3495 3525 3550 illius
3553 3494 3714 3552 solita
3739 3493 3858 3564 pie-

2257 3596 2370 3643 tate
2415 3587 2710 3658 disponite,
2761 3593 3050 3658 quatenus,
3101 3585 3218 3641 Deo
3245 3585 3405 3650 duce,
3433 3583 3503 3638 ad
3529 3597 3630 3638 nos
3684 3581 3861 3653 possit

2259 3675 2438 3733 redire
2457 3675 2764 3732 incolumis.
2788 3675 2925 3731 Data
2939 3678 3004 3730 ut
3023 3689 3220 3746 supra.

2997 3761 3167 3817 CXX.

2381 3866 2739 3908 Ριιινιιεϐιυι
2763 3866 2871 3905 Ριιο
2898 3863 3258 3975 ῗὲΝΑΒἸξῚΙὲίς
3283 3861 3564 3904 τοιΝυτιις
3575 3862 3686 3902 NSI.

2971 3936 3080 3975 nno
3218 3961 3232 3974 .

2971 3936 3080 3975 nno
3109 3936 3232 3974 δἸδ.

2261 3994 2684 4062 Conﬁrmantur
2697 3993 2841 4048 bona
2855 3919 3405 4048 θὲἒὲηἳῖηἷῖιῗὲιενίο
3415 3989 3556 4045 olim
3574 4002 3854 4046 concessa.

2328 4085 2486 4136 Anno
2515 4080 2816 4136 Dominicaa
2833 4077 3218 4136 incarnationis
3237 4080 3361 4144 878,
3377 4075 3669 4132 indictione
3689 4073 3860 4130 unde-

2257 4170 2418 4234 cima,
2431 4177 2700 4240 regnante
2720 4167 2969 4238 piissimo
2987 4175 3150 4238 atque
3169 4163 3572 4238 gloriosissimo
3585 4177 3718 4234 rege
3746 4161 3862 4216 Lu-

2256 4257 2472 4325 dovico,
2497 4256 2678 4313 Caroli
2690 4254 2802 4312 ﬁlio
2823 4253 3157 4311 serenissimi
3171 4252 3423 4332 Augusti,
3448 4251 3736 4306 auxiliante
3757 4250 3864 4305 Do-

2259 4347 2408 4402 mino
2419 4354 2628 4415 nostro,
2653 4345 2710 4400 in
2730 4345 2992 4400 honorem
3013 4341 3258 4413 ejusdem
3279 4340 3380 4396 Dei
3395 4338 3676 4396 etDomini
3688 4337 3865 4393 nostri

2260 4395 2403 4402 ...-_-
2419 4395 2628 4415 _-----,
2653 4395 2710 4400 __
2730 4395 2991 4400 _-_-____
3020 4395 3255 4413 ,νη-νη
3281 4395 3303 4396 ί
3340 4395 3377 4396 η
3524 4395 3531 4396 ,

2175 4395 2230 4454 D
2259 4434 2391 4492 Jesu
2411 4435 2630 4491 Christi.
2652 4433 2775 4506 Ego
2789 4433 3028 4488 Joannes
3047 4431 3356 4502 episcopus,
3373 4444 3562 4484 servus
3579 4440 3860 4482 servorum

2259 4523 2380 4590 Dei,
2412 4533 2576 4596 atque
2605 4522 2898 4594 praedictus
2913 4518 3056 4575 filius
3076 4527 3261 4574 noster
3271 4517 3543 4590 gloriosus
3572 4530 3669 4571 rex
3693 4514 3864 4569 Ludo-

2257 4612 2432 4678 vicus,
2456 4610 2843 4668 constituimus
2887 4616 3211 4666 conventum
3246 4604 3644 4662 venerabilium
3683 4601 3862 4658 archi-

2260 4699 2642 4771 episcoporum
2662 4713 2878 4755 necnon
2903 4705 2960 4754 et
2981 4695 3280 4768 praesulum
3291 4693 3458 4750 totius
3479 4691 3639 4765 regni
3659 4691 3857 4746 Trecas

2260 4787 2500 4853 civitate,
2559 4801 2667 4858 quo
2723 4784 2962 4842 interfuit
3017 4787 3348 4838 memoratus
3395 4793 3491 4835 rex
3519 4778 3797 4850 piissimus
3839 4793 3853 4829 :

2259 4890 2436 4947 eoque
2482 4882 2725 4947 peracto,
2773 4881 3026 4946 precatus
3064 4879 3147 4928 est
3193 4886 3294 4925 nos
3341 4883 3466 4924 cum
3500 4864 3625 4922 ﬁliis
3655 4874 3709 4922 et
3748 4865 3862 4920 fra-

2259 4963 2434 5020 tribus
2461 4963 2665 5020 nostris
2703 4961 2973 5034 episcopis
2995 4960 3110 5030 jam
3139 4958 3316 5014 dictus
3369 4956 3644 5030 gloriosus
3690 4955 3864 5025 impe-

2261 5061 2348 5107 tor
2377 5061 2434 5108 ut
2481 5052 2798 5108 Tornutium
2839 5048 3248 5115 monasterium,
3291 5045 3439 5118 quod
3467 5043 3748 5100 fundatum
3781 5049 3865 5098 est

2260 5140 2593 5196 incomitatu
2639 5139 2989 5196 Cabilonensi
3019 5151 3186 5207 super
3242 5133 3560 5206 Sagonnam
3608 5131 3858 5196 ﬂuvium,

2351 5250 2373 5278 ο
2395 5247 2595 5300 Videtur
2611 5249 2692 5300 hic
2713 5247 2878 5307 deese,
2903 5251 3104 5298 conatus
3126 5247 3216 5294 est.

2354 5335 2456 5384 dln
2502 5333 2710 5385 editione
2757 5333 2971 5384 Romana
3017 5331 3066 5380 in
3146 5327 3386 5393 principio
3451 5325 3599 5386 hujus
3646 5322 3863 5392 epistola:

2265 5401 2340 5452 sic
2365 5400 2582 5464 legitur:
2634 5401 2711 5450 Ad
2743 5399 3163 5464 archiepiscopum
3221 5396 3282 5446 de
3323 5393 3636 5464 Mediolano;
3677 5393 3744 5442 ad
3779 5403 3868 5453 pa-

2261 5460 2521 5518 triarciiam
2541 5469 2601 5517 de
2627 5465 2900 5516 Foro-Julii
2929 5477 2942 5526 ;
2968 5466 3033 5514 ad
3055 5463 3289 5514 Joannem
3320 5463 3383 5512 de
3407 5460 3578 5522 Papia.
