4160 6332
338 254 444 309 773

1499 247 1855 305 EPISTOLzE
1891 249 1982 303 ET
2020 248 2381 306 DECRETA.

3542 250 3646 304 77L

350 375 446 430 ubi
464 382 673 446 martyr
700 370 900 428 Christi
930 372 1252 428 Valerianus
1274 387 1503 445 corpore
1534 371 1782 444 quiescit,
1806 371 1952 443 quod
1981 372 2038 434 Α
2057 370 2111 426 in
2143 368 2334 444 regum
2365 373 2628 444 reperitur
2656 373 2964 443 praceptis.
2999 371 3056 427 Si
3105 373 3227 444 quis
3269 379 3451 427 autem
3490 379 3658 427 teme-

358 461 565 517 dudum
610 469 766 532 pater
821 460 939 530 ejus
1023 459 1253 516 Carolus
1311 460 1625 532 imperator,
1682 459 1770 515 vel
1843 459 1962 531 ipse

358 550 707 624 postmodum
768 563 871 619 per
934 549 1331 620 praeceptorum
1375 549 1575 605 seriem
1601 591 1616 615 ,
1680 547 1963 604 monachis

361 646 568 695 sanctae
617 637 717 693 Dei
750 637 1031 710 genitricis
1096 639 1298 705 Mariae,
1360 637 1642 708 sanctique
1690 636 1966 691 Philiberti

360 726 546 798 inclyti
577 724 930 792 confessoris,
962 726 1324 797 prmsentibus
1355 734 1409 781 et
1436 725 1651 795 futuris,
1684 725 1753 780 ob
1782 723 1963 778 vitan-

362 816 492 870 dam
536 813 1026 869 Marcomannicam
1057 814 1402 869 severitatem
1446 814 1808 878 contulerant,
1841 829 1965 868 cum

361 903 616 958 omnibus
698 903 860 956 rebus
919 901 990 957 ab
1067 902 1246 973 ipsum
1313 902 1493 957 locum
1555 900 1961 972 aspicientibus,

360 989 651 1062 privilegio
676 997 875 1045 nostrm
906 990 1241 1045 auctoritatis
1268 989 1771 1045 corroboraremus.
1804 988 1966 1057 Cujus

360 1078 611 1149 piissimo
639 1078 894 1134 mandato
923 1094 989 1133 eo
1022 1077 1278 1133 libentius
1307 1077 1591 1143 cessimus,
1649 1093 1755 1149 quo
1802 1077 1966 1132 etiam

365 1183 468 1222 nos
499 1166 734 1238 idipsum
761 1175 1078 1237 precutaros
1104 1165 1490 1238 perspeximus
1519 1166 1770 1237 amplius.
1797 1165 1967 1238 Igitur

363 1254 654 1326 privilegio
675 1262 875 1309 nostrae
897 1253 1236 1310 auctoritatis
1257 1253 1646 1310 conﬁrmamus
1664 1255 1742 1309 eis
1758 1253 1961 1320 omnia,

367 1343 826 1415 quemadmodum
854 1342 910 1397 in
940 1342 1227 1413 praeceptis
1250 1342 1773 1414 gloriosissimorum
1795 1342 1968 1411 impe-

373 1439 613 1487 ratorum
643 1439 769 1485 sunt
815 1431 1037 1496 inserta,
1084 1431 1139 1485 id
1174 1438 1257 1486 est
1310 1430 1630 1502 praedictum
1685 1431 1884 1495 locum,
1916 1438 1970 1485 et

369 1531 561 1574 omnes
591 1533 681 1573 res
720 1518 771 1574 ei
799 1518 1130 1588 adjacentes,
1161 1535 1285 1574 cum
1336 1519 1485 1574 omni
1533 1518 1887 1573 libertate.Et
1913 1517 1970 1573 in

368 1607 625 1662 comitatu
668 1606 940 1662 Arvenico
992 1607 1188 1662 cellam
1222 1608 1284 1661 S.
1322 1606 1584 1673 Portiani,
1623 1623 1747 1662 cum
1787 1605 1968 1662 omni-

368 1696 471 1749 bus
487 1694 843 1766 appendiciis.
864 1695 921 1749 In
934 1711 1076 1766 pago
1089 1711 1306 1766 quoque
1326 1694 1672 1761 Sanctonico,
1687 1694 1970 1749 Asinarias

369 1783 657 1840 cumiomni
687 1798 783 1838 sua
810 1783 1140 1856 integritate.
1174 1785 1243 1839 Et
1271 1784 1326 1838 in
1352 1782 1678 1838 Pictaviensi
1697 1783 1970 1839 territorio

371 1871 559 1927 cellam
592 1871 648 1927 S.
672 1871 969 1940 Prudentii,
1029 1888 1151 1927 cum
1200 1871 1452 1926 omnibus
1485 1872 1652 1926 rebus
1679 1871 1973 1940 adjacenti-

370 1959 494 2014 bus.
527 1960 599 2014 Et
627 1960 683 2013 in
712 1974 856 2032 pago
886 1959 1294 2031 Andegavensi,
1330 1959 1631 2014 Cunaldum
1674 1976 1797 2016 cum
1825 1960 1973 2014 omni

375 2048 706 2120 integritate.
757 2049 819 2102 ln
848 2063 993 2119 pago
1050 2063 1180 2103 vero
1211 2048 1599 2114 Cenomanico,
1651 2047 1976 2103 Bussiolium

376 2151 502 2191 cum
530 2136 783 2191 omnibus
834 2135 1191 2207 appendiciis.
1224 2137 1292 2191 Et
1314 2151 1460 2207 pago
1489 2135 1750 2202 Vallaico,
1781 2135 1976 2191 cellam

375 2240 498 2295 quae
551 2231 776 2279 vocatur
824 2223 1111 2290 Godditus,
1172 2239 1296 2280 cum
1370 2224 1624 2280 omnibus
1686 2225 1849 2279 rebus
1904 2224 1975 2279 ad

377 2328 437 2368 se
472 2311 883 2382 pertinentibus.
947 2313 1134 2383 Itaque
1182 2312 1238 2367 in
1275 2319 1464 2383 partes
1518 2312 1867 2385 Burgundim,
1919 2312 1972 2366 in

375 2416 519 2473 pago
549 2399 918 2473 Lugdunensi,
950 2401 1222 2457 Bisiacum
1252 2400 1435 2455 villam
1464 2416 1587 2456 cum
1617 2400 1872 2457 ecclesia.
1906 2402 1976 2455 Et

377 2489 432 2543 in
456 2504 600 2561 pago
634 2488 1040 2556 Matisconensi,
1093 2488 1290 2544 cellam
1324 2489 1380 2542 S.
1413 2488 1664 2554 Romani,
1716 2496 1771 2543 et
1807 2487 1974 2544 Olca-

378 2576 581 2632 siacum
609 2575 796 2631 villam
816 2592 942 2632 cum
970 2576 1202 2632 ecclesia
1233 2584 1286 2631 et
1327 2575 1580 2630 omnibus
1610 2576 1971 2647 appendiciis.

380 2665 580 2719 Verum
609 2664 735 2735 quia
764 2664 836 2719 ob
874 2664 1148 2719 vitandam
1185 2664 1620 2735 persecutionem
1675 2664 1974 2719 Nortman-

381 2767 594 2816 norum,
656 2751 870 2807 Geiloni
925 2751 1128 2822 inclyto
1164 2752 1363 2819 abbati,
1404 2752 1792 2823 monachisque
1839 2768 1979 2823 prae-

379 2840 622 2895 sentibus
652 2847 702 2895 et
731 2838 945 2907 futuris,
974 2840 1298 2911 praedictum
1327 2840 1507 2897 locum
1538 2841 1811 2913 gloriosus
1860 2856 1972 2908 rex,

381 2944 554 2983 necne
582 2936 739 2999 pater
768 2929 885 2998 ejus
913 2928 1274 2995 contulerant,
1328 2936 1382 2983 et
1429 2928 1774 3001 pontiﬁcialis
1829 2928 1976 2985 calli-

382 3016 520 3070 ditas
547 3016 710 3071 nimis
746 3017 997 3071 eumdem
1042 3016 1223 3073 locum
1252 3017 1561 3088 subegerat,
1595 3017 1882 3089 postulavit
1910 3016 1978 3072 is-

381 3104 509 3160 dem
554 3120 651 3160 rex
701 3113 760 3159 ut
812 3112 918 3159 tam
977 3104 1133 3178 larga
1182 3106 1551 3177 eleemosyna,
1612 3105 1866 3161 immunis
1899 3113 1978 3160 at-

381 3209 487 3264 que
514 3193 685 3248 libera
723 3193 1016 3249 haberetur
1063 3194 1130 3248 ab
1189 3194 1336 3250 omni
1384 3192 1683 3265 pontiﬁcali
1711 3194 1985 3265 potentia,-

383 3289 567 3337 nostra
615 3290 886 3337 annuente
944 3282 1249 3338 clementia.
1298 3283 1463 3352 Cujus
1511 3283 1861 3354 petitionibus
1902 3282 1984 3337 fa-r

326 3370 341 3382 ‘
385 3386 518 3425 vens
545 3370 721 3426 omnis
751 3371 1077 3442 episcopalis
1117 3378 1432 3437 conventus,
1467 3371 1741 3444 abnegare
1789 3371 1981 3443 nequi-

382 3458 561 3514 vimus
589 3460 735 3532 quod
766 3468 873 3514 tam
904 3459 992 3530 pie
1023 3460 1335 3531 postulabat
1365 3459 1661 3531 imperator
1702 3459 1981 3531 gloriosis-

384 3546 573 3602 simus.
624 3550 954 3604 Auctoritate
982 3564 1116 3621 ergo
1154 3564 1320 3620 quam
1360 3548 1414 3602 in
1445 3548 1660 3604 Christo
1688 3548 1817 3603 Jesu
1866 3549 1981 3603 Do-

383 3636 533 3691 mino
562 3644 750 3692 nostro
788 3652 999 3692 summo
1031 3637 1310 3692 sacerdote
1355 3636 1412 3690 in
1458 3637 1518 3691 B.
1566 3637 1726 3692 Petro
1763 3636 1982 3707 accepi-

385 3740 526 3792 mus,
578 3724 895 3796 praedictum
931 3725 1326 3781 monasterium
1356 3741 1478 3780 cum
1509 3725 1760 3780 omnibus
1788 3724 1985 3779 habitis

387 3819 441 3867 et
468 3812 756 3879 habituris,
789 3812 1004 3868 Geiloni
1050 3813 1351 3869 venerabili
1385 3812 1565 3868 abbati
1595 3821 1794 3869 sanctae
1816 3809 1986 3884 'geni-

385 3900 530 3956 tricis
560 3900 679 3966 Dei,
732 3908 785 3956 et
814 3918 976 3972 supra
1029 3902 1187 3958 dictis
1244 3902 1448 3958 sanctis
1498 3901 1798 3974 futurisque
1864 3910 1989 3973 post

390 4006 514 4045 eum
562 3989 848 4045 abbatibus
876 3991 944 4045 ad
976 3991 1341 4046 monasticum
1372 3991 1624 4047 ordinem
1672 3990 1822 4056 inibi,
1871 3992 1988 4046 Deo

389 4077 692 4148 adjuvante,
723 4078 1081 4134 excolendum
1110 4079 1448 4151 delegamus,
1483 4087 1534 4134 et
1559 4079 1877 4152 delegantes
1895 4079 1988 4148 ju-

389 4166 550 4221 bente
578 4165 690 4221 ﬁlio
722 4174 910 4222 nostro
938 4167 1183 4238 piissimo
1215 4183 1368 4240 rege,
1402 4167 1784 4223 inviolabiliter
1811 4174 1864 4222 et
1909 4167 1991 4221 in-

391 4254 766 4325 separabiliter
800 4255 917 4311 sine
954 4255 1306 4311 distractione
1349 4264 1438 4310 aut
1485 4255 1857 4311 immutatione
1905 4255 1991 4310 vel

394 4342 630 4414 qualibet
689 4343 1046 4399 minoratione
1114 4343 1503 4415 perpetualiter
1581 4343 1988 4399 conﬁrmamus.

2064 461 2210 515 raria
2250 461 2676 532 praesumptione
2717 475 2970 532 caecaque
3022 459 3331 531 cupiditate,
3382 460 3530 531 quod
3559 459 3658 515 Dei

2064 557 2118 603 et
2144 556 2326 605 nostra
2355 549 2673 606 auctoritate
2703 546 3001 613 ﬁrmamus,
3037 548 3090 602 in
3137 547 3321 619 aliquo
3358 546 3659 620 infringere

2063 639 2489 709 praesumpserit,
2524 645 2721 692 aeterna
2764 654 2822 691 se
2846 637 2982 691 sciat
3009 636 3355 691 damnatione
3396 636 3658 691 mulctan-

2064 727 2215 793 dum,
2267 734 2320 782 et
2358 742 2483 782 cum
2515 726 2735 781 diabolo
2761 734 2814 779 et
2848 724 3059 795 angelis
3106 725 3228 793 ejus
3274 732 3536 795 perpetuo
3585 723 3662 778 in-

2066 815 2261 870 cendio
2315 814 2674 870 cremandum
2724 830 2738 866 :
2786 828 2818 867 a
2860 811 3138 867 liminibus
3194 828 3411 883 quoque
3458 819 3662 867 sanctae

2064 902 2165 957 Dei
2194 902 2458 971 Ecclesia:
2485 901 2747 956 habeatur
2776 900 3032 969 extorris,
3065 916 3349 971 quousque
3378 900 3446 953 ab
3474 898 3662 955 illicita

2064 968 2486 1061 presumptione
2537 989 2883 1060 resipiscens,
2937 988 3215 1060 condigna
3262 987 3577 1058 poenitentia
3607 994 3660 1041 et

2065 1077 2444 1137 emendatione
2489 1077 2624 1131 iram
2684 1075 3068 1146 omnipotentis
3125 1076 3223 1130 Dei
3285 1074 3662 1146 quam;incur-

2067 1182 2184 1220 rere
2216 1181 2326 1220 non
2383 1165 2557 1220 timuit
2601 1164 2820 1235 placare
2875 1171 3146 1235 procuret,
3208 1164 3409 1217 Harum
3482 1162 3665 1233 itaque

2067 1254 2405 1310 sanctionum
2426 1253 2890 1308 evidentissimam
2905 1250 3396 1320 conﬁrmationem,
3418 1251 3666 1305 manibus

2068 1358 2347 1397 sacrorum
2360 1341 2708 1412 prasentium
2718 1339 3031 1411 pontiﬁcum
3045 1339 3348 1405 subnotavi,
3364 1338 3666 1394 absentium

2068 1447 2283 1502 quoque
2342 1430 2798 1486 consacerdotum
2843 1444 2946 1485 nec
2975 1429 3153 1483 minus
3191 1428 3404 1483 idoneis
3444 1426 3668 1498 stipula-

2069 1518 2324 1587 tionibus,
2339 1535 2439 1590 per
2455 1518 2727 1573 Christum
2744 1517 2863 1572 etin
2884 1517 3096 1572 Christo
3107 1515 3284 1571 fulciri
3300 1515 3662 1587 postulamus,

2141 1607 2465 1663 Hincmarus
2494 1606 2829 1662 Rhemorum
2872 1596 3165 1676 episcopus
3212 1604 3268 1659 in
3322 1603 3521 1658 Christi
3566 1619 3663 1658 no-

1993 1722 2046 1781 B
2068 1695 2215 1751 mine
2244 1695 2516 1750 roboravi.

2140 1783 2446 1856 Ansegisus
2475 1782 2765 1853 episcopus
2795 1780 3147 1838 Senonensis.

2144 1870 2380 1927 Ottulfus
2397 1871 2705 1941 episcopus.
2722 1870 3058 1925 Gissibertus
3074 1868 3385 1940 episcopus.
3405 1869 3666 1924 Hildihal-

2072 1960 2174 2015 dus
2204 1959 2512 2030 episcOpus.
2533 1959 2706 2013 Berno
2719 1959 3028 2029 episcopus.
3064 1957 3332 2012 Geraldus
3353 1957 3662 2029 episcopus.

2074 2048 2397 2103 Hincmarus
2428 2047 2719 2118 episcopus
2746 2046 3140 2102 Laudunensis.
3199 2045 3496 2101 Edenulfus
3525 2045 3668 2116 epis-

2074 2152 2262 2207 copus.
2277 2137 2514 2191 Joannes
2530 2135 2840 2206 episcopus.
2860 2133 3191 2206 Raganulfus
3208 2133 3517 2204 episcopus.
3533 2133 3673 2188 Ada-

2074 2222 2257 2278 lardus
2270 2223 2989 2295 archiepiscopus.Alericus
3010 2222 3480 2294 episcopus.Abbo
3500 2222 3666 2292 episc.

2074 2312 2392 2385 Agilmarus
2421 2311 2663 2383 episcop.
2706 2311 3024 2383 Ingilwinus
3054 2311 3363 2382 episcopus.
3404 2309 3670 2366 Acfredus

2075 2399 2382 2472 episcopus.

2147 2490 2344 2544 Datum
2375 2504 2436 2542 tu
2465 2488 2740 2544 Kalendas
2786 2487 2925 2552 Maii,
2968 2504 3069 2558 per
3098 2503 3317 2542 manum
3362 2484 3669 2541 Christifori

2074 2575 2370 2646 primicerii
2402 2585 2604 2632 sancta:
2635 2591 2861 2630 summae
2908 2576 3057 2631 sedis
3109 2574 3440 2646 apostolica,
3491 2573 3668 2644 impe-

2077 2672 2230 2720 rante
2259 2664 2504 2735 piissimo
2534 2664 2826 2720 Ludovico.

2765 2788 2961 2843 CXXI.

2452 2891 2522 2930 AD
2555 2890 2964 2931 ANGELBERGAM
3005 2891 3316 2932 ΑυαυετΑκ.

2432 3007 2458 3032 ,
2701 2966 2881 3034 (Anno
2915 2964 3064 3034 878.)

2008 3072 2057 3135 ρ
2083 3055 2366 3111 Arelatem
2399 3070 2456 3108 se
2490 3055 2707 3135 uenisse
2737 3054 3051 3135 signiﬁcat,
3074 3054 3257 3135 illique
3292 3053 3485 3135 omnia
3508 3067 3672 3135 pros-

2150 3142 2286 3197 pera
2326 3126 2630 3197 repperisse;
2672 3122 2943 3197 hortatur
2987 3128 3054 3179 ut
3098 3122 3360 3180 Rdmana:
3413 3122 3676 3177 Eeelesiw

2153 3194 2461 3252 commodis
2485 3195 2815 3267 prospiciat.

2152 3282 2531 3339 Dilectissimae
2539 3281 2663 3338 ﬁliae
2674 3283 2890 3338 domnae
2905 3284 3300 3337 ANGELBERGA:
3320 3281 3673 3353 imperatrici,

2080 3372 2188 3443 piae
2229 3370 2511 3426 memoriae
2552 3370 2738 3426 domni
2770 3370 3031 3427 Ludovici
3059 3370 3398 3427 invictissimi
3436 3371 3676 3442 impera-

2083 3461 2213 3516 toris
2243 3459 2462 3531 conjugi
2493 3459 2858 3515 serenissima:
2886 3461 3164 3532 Augustae.

2155 3549 2288 3604 Cum
2318 3564 2451 3621 erga
2481 3549 2736 3603 Romanae
2784 3547 3047 3604 Ecclesiae
3088 3547 3371 3620 privilegia
3416 3548 3683 3603 immenso

2084 3637 2243 3703 velle,
2276 3636 2544 3691 immenso
2583 3644 2635 3690 et
2664 3652 2832 3706 opere
2862 3636 3031 3691 decus
3055 3636 3270 3708 imperii
3300 3621 3464 3692 vestri
3494 3637 3682 3693 decer-

2087 3734 2222 3792 tare,
2257 3733 2309 3781 et
2339 3725 2409 3780 ad
2456 3723 2754 3796 perfectum
2811 3724 3010 3781 ducere
3067 3741 3285 3796 semper
3330 3724 3686 3780 adhaurimus

2087 3813 2151 3886 [Γ.
2203 3813 2583 3882 amaverimus,
2643 3817 2747 3869 aut
2791 3812 3247 3886 anhelaverimus]
3309 3822 3361 3869 et
3417 3829 3683 3869 amemus.

2087 3902 2299 3958 Christo
2322 3901 2557 3968 favente,
2576 3909 2842 3973 perpetuo
2857 3902 3289 3973 magnitudinem
3307 3910 3471 3957 tanta:
3492 3910 3685 3957 vestrae

2089 3990 2393 4047 devotionis
2450 3989 2589 4047 scire
2639 3990 2887 4060 cupimus
2939 4008 2952 4043 :
2995 3991 3140 4046 Ecce
3198 3990 3472 4046 Arelatem
3529 3988 3686 4063 regni

2090 4078 2410 4135 deliciarum
2456 4087 2756 4133 vestrarum
2814 4077 2933 4131 sani
2984 4078 3319 4144 intravimus,
3355 4093 3568 4131 summo
3590 4092 3686 4131 ar-

2093 4166 2235 4220 bitro
2279 4165 2645 4236 permittente,
2678 4181 2778 4235 per
2831 4165 3278 4221 intercessionem
3317 4164 3686 4236 apostolorum

2091 4253 2395 4325 principum
2435 4272 2448 4320 ;
2482 4252 2702 4323 illicque
2760 4254 3027 4308 Bosonem
3070 4252 3372 4324 principem
3421 4268 3687 4324 generum

2094 4350 2334 4398 vestrum
2368 4357 2710 4398 communem
2744 4349 2795 4396 et
2823 4339 2989 4396 ﬁliam
3028 4342 3286 4396 domnam
3313 4343 3687 4411 llermengar-

392 4431 914 4487 Anathematizamus
959 4431 1125 4503 igitur
1171 4431 1489 4487 auctoritate
1547 4432 1605 4485 B.
1664 4431 1804 4485 Petri
1848 4446 1986 4503 apo—
2015 4424 2068 4484 D
2091 4429 2635 4502 dam‘alloquentes,
2667 4430 2847 4485 omnia
2901 4446 3165 4503 prospera
3212 4438 3265 4485 et
3295 4429 3500 4503 jugiter
3536 4428 3688 4483 desi-

395 4518 519 4574 stoli
550 4527 602 4574 et
633 4528 840 4586 nostra,
873 4527 929 4574 ut
972 4535 1135 4575 nemo
1177 4520 1474 4575 antistitum
1522 4519 1876 4592 praesentium
1905 4518 1992 4575 vel

395 4606 717 4674 futurorum,
764 4608 942 4665 locum
988 4608 1139 4664 adire
1182 4616 1498 4680 prasumat,
1549 4607 1789 4681 qualibet
1834 4623 1993 4664 occa-

396 4694 548 4752 sione
597 4696 1187 4764 excommunicationis,
1225 4698 1313 4753 vel
1343 4696 1714 4763 absolutionis,
1763 4712 1861 4752 seu
1910 4712 1996 4751 sa-

394 4800 506 4840 crae
533 4785 903 4855 ordinationis,
936 4786 1041 4840 nisi
1088 4786 1157 4841 ab
1202 4786 1394 4842 abbate
1442 4786 1531 4842 vel
1576 4785 1857 4842 monachis
1889 4785 1995 4842 loci

396 4871 647 4928 ﬁdelibus
678 4872 841 4929 fuerit
870 4873 1141 4929 invitatus.
1171 4873 1308 4944 Quia
1338 4874 1596 4944 iniustum
1627 4875 1989 4945 decernimus,

397 4968 455 5016 ut
482 4962 726 5035 glOriosa
769 4964 958 5018 mundi
1004 4963 1219 5036 regina,
1277 4980 1399 5036 quae
1445 4964 1679 5019 exaltata
1709 4973 1791 5019 est
1830 4980 1994 5034 super

397 5051 598 5105 choros
627 5051 970 5125 angelorum,
1022 5052 1274 5107 humanis
1323 5051 1582 5106 subdatur
1610 5052 1987 5122 potestatibus.

396 5138 666 5194 Caeterum
697 5141 765 5195 ab
793 5140 940 5195 omni
970 5141 1216 5196 saeculari
1243 5140 1483 5211 potentia
1521 5140 1701 5196 locum
1732 5141 1988 5196 decerni-

399 5242 522 5281 mus
553 5243 676 5283 esse
722 5228 952 5284 liberum
995 5237 1049 5283 et
1105 5229 1383 5300 quietum:
1416 5236 1469 5284 et
1497 5236 1555 5283 ut
1589 5236 1749 5299 caput
1789 5230 1991 5284 habea-

399 5324 486 5370 tur
513 5317 754 5371 omnium
785 5334 907 5390 quae
941 5316 1277 5390 praescriptis
1307 5317 1513 5374 sanctis
1544 5316 1632 5373 vel
1659 5316 1782 5375 loco
1810 5318 1995 5375 oblata

400 5413 525 5460 sunt
552 5420 617 5461 ac
644 5406 902 5477 deinceps
932 5406 1192 5473 oblatum,
1238 5413 1513 5462 annuente
1568 5406 1685 5462 Deo
1727 5404 1906 5472 fuerit,
1939 5416 1996 5463 ut

2094 4520 2279 4575 derata
2308 4518 2634 4589 invenimus,
2668 4528 2721 4574 et
2750 4535 2847 4591 pro
2878 4534 3064 4575 amore
3092 4527 3296 4587 vestro,
3330 4516 3494 4573 vestri
3516 4532 3691 4588 nuper

2095 4615 2149 4664 et
2175 4607 2405 4680 piissimi
2434 4608 2702 4682 conjugis,
2728 4607 2852 4663 illos
2893 4617 3150 4680 tanquam
3180 4607 3321 4662 ﬁlios
3352 4605 3690 4677 amplecten-

2096 4704 2199 4763 tes,
2231 4713 2335 4768 pro
2366 4713 2554 4753 eorum
2583 4697 2851 4765 consulto,
2884 4698 3094 4752 illorum
3124 4712 3246 4752 cum
3267 4697 3474 4751 honore
3493 4701 3687 4751 cuncta

2096 4786 2364 4844 faciemus
2398 4805 2410 4841 :
2432 4787 2687 4860 quoniam
2718 4803 2819 4843 ceu
2840 4804 2941 4857 per
2961 4803 3080 4853 vos,
3095 4786 3236 4842 haud
3264 4800 3423 4842 secus
3443 4800 3543 4856 per
3557 4783 3693 4840 istos

2092 4876 2520 4933 consolationem
2551 4884 2603 4931 et
2633 4876 3005 4932 defensionem
3036 4883 3237 4931 sanctae
3266 4876 3526 4931 Romanae
3583 4874 3690 4931 Ec-

2092 4964 2273 5021 clesiae
2301 4965 2612 5037 quaerimus,
2645 4965 2979 5037 eosdemque
3008 4963 3281 5035 permissu
3303 4963 3403 5019 Dei
3435 4963 3507 5019 ad
3522 4977 3685 5033 majo-

2092 5069 2179 5109 res
2209 5053 2645 5125 excelsioresque
2661 5052 2862 5126 gradus
2882 5052 3095 5108 moduis
3126 5052 3397 5120 omnibus,
3420 5051 3569 5107 salvo
3593 5066 3692 5107 no-

2092 5150 2206 5198 stro
2251 5142 2480 5208 honore,
2523 5156 2841 5213 promovere
2890 5141 3241 5197 nihilominus
3280 5140 3680 5196 desideramus.

2091 5230 2436 5303 Quapropter
2462 5238 2746 5286 monentes
2775 5231 3053 5286 hortamur
3088 5239 3146 5286 ut
3172 5237 3325 5286 tanto
3381 5226 3557 5286 labori
3605 5228 3690 5282 fa-

2092 5319 2288 5387 veatis,
2321 5321 2546 5392 ejusque
2576 5318 2987 5390 perfectionem,
3018 5319 3202 5392 prisco
3234 5328 3417 5376 vestro
3464 5315 3692 5375 consilio

2092 5407 2458 5479 perfruentes,
2494 5408 2658 5464 certis
2703 5407 2896 5465 litteris
2923 5425 3021 5481 per
3050 5408 3266 5483 singula
3297 5407 3454 5464 nobis
3502 5413 3557 5462 et
3585 5404 3692 5460 illis

470 5576 491 5599 α
518 5559 914 5625 llermengardse,
941 5560 1042 5612 sive
1068 5560 1443 5625 Hermengardis
1465 5560 1576 5613 ﬁlim
1600 5559 1833 5614 Ludovici
1858 5561 1900 5613 II
1923 5561 2099 5626 imper.
2128 5561 2353 5614 meminit
2374 5561 2579 5627 Regino,
2607 5562 2694 5614 lib.
2719 5576 2753 5614 ιι
2779 5564 2964 5616 Chron.
3004 5564 3271 5629 Aimonius,
3299 5564 3337 5613 1.
3364 5573 3410 5612 v.
3440 5576 3485 5613 c.
3504 5559 3588 5612 32.
