4160 6360
400 241 573 326 ,ππ

479 394 598 450 sine
626 405 779 448 mora
807 388 1060 444 intimare
1090 386 1312 441 minime
1341 379 1630 439 differatis.
1670 383 1942 438 Caeterum
1985 394 2076 450 ro-
2109 379 2167 439 A

475 497 670 558 gamus
699 488 757 534 ut
797 476 994 532 Joanni
1039 474 1448 546 archiepiscopo
1499 471 1802 527 Ravennati
1849 447 2074 524 mittatis

475 570 734 643 epistolas
764 585 829 622 ex
859 575 1045 621 nostra
1074 572 1225 635 parte
1255 561 1669 624 consolatorias,
1703 559 1989 615 incitantes
2020 562 2078 609 ut

477 676 576 730 pro
607 657 763 712 nobis
793 655 1068 710 orationes
1099 652 1274 717 faciat,
1308 659 1359 705 et
1388 658 1576 704 contra
1607 648 1705 702 Dei
1736 646 1986 702 inimicos
2015 660 2075 698 se

478 761 791 818 praeparare
820 757 1164 814 nequaquam
1198 738 1466 804 formidet,
1503 745 1553 791 et
1584 733 1783 789 nostris
1825 731 2082 786 fidelibus

479 837 668 891 Romae
695 834 908 906 legatos
957 829 1292 886 consolando
1339 823 1670 880 transmittat
1711 840 1725 876 :
1775 829 1826 876 et
1883 837 2002 887 vos,
2039 819 2085 874 si

475 923 564 980 ‘fas
595 932 698 990 est,
733 929 825 975 aut
857 920 985 975 mihi
1016 917 1159 989 apud
1191 933 1288 970 vos
1337 922 1417 969 est
1461 909 1793 984 impetrandi
1829 908 2080 974 facultas,

483 1011 651 1068 Leoni
679 1011 936 1082 episcopo
967 1007 1136 1062 misso
1153 1013 1204 1059 et
1223 1001 1578 1073 apocrisiario
1591 1008 1804 1064 nostro,
1830 1007 1884 1052 et
1906 999 2082 1063 Petro,

484 1117 652 1171 super
681 1099 780 1153 ista
810 1096 1131 1166 caeterisque
1148 1091 1398 1146 tidelibus
1419 1090 1624 1144 litteras
1645 1096 1852 1142 vestras
1867 1085 2078 1151 mittite,

483 1187 854 1246 confortantes
883 1185 1033 1256 ipsos
1063 1190 1120 1236 ut
1151 1180 1299 1236 scitis
1331 1187 1383 1234 et
1415 1178 1597 1234 vultis.

1145 1283 1154 1291 '
1173 1277 1395 1332 CXXII.

706 1387 778 1427 an
816 1357 1072 1426 nmoivau
1110 1383 1180 1423 ar
1215 1379 1580 1420 IlUNCFRlDUM
1608 1376 1875 1421 FRATRES.

1095 1457 1276 1527 (Anno
1307 1454 1458 1523 878.)

493 1543 758 1608 Mirantem
781 1552 837 1606 et
867 1545 1250 1616 Htmcfridﬁum
1281 1542 1602 1616 mult_oru_m_
1637 1540 1924 1616 scelerum
1973 1551 2098 1592 reos

881 1617 952 1672 ad
981 1610 1260 1688 synodum
1301 1613 1490 1670 venire
1511 1610 1694 1683 jubet.

559 1710 769 1766 MIBONI
807 1714 860 1762 et
888 1706 1216 1760 HUNCFRIDO
1249 1715 1514 1772 germano
1545 1713 1664 1754 suo.

564 1797 778 1868 Quanta
819 1794 888 1849 ad
929 1791 1290 1864 apostolatum
1333 1797 1582 1844 nostrum
1625 1783 1886 1865 relatione
1960 1798 2094 1855 qua-

495 1885 744 1942 rumdam
798 1879 1274 1952 trangressionum
1337 1885 1663 1940 vestrarum,
1717 1872 1863 1926 mala
1935 1879 2098 1942 atque

495 1988 762 2048 perversa
789 1970 1008 2026 fuerunt
1052 1967 1316 2032 nuntiata,
1349 1967 1488 2034 haec,
1520 1963 1715 2028 fateor,
1766 1959 2096 2032 lacrymabi-

494 2064 619 2118 liter
646 2061 1012 2125 nominamus,
1040 2056 1446 2128 apostolicaque
1485 2051 1808 2108 auctoritate
1838 2048 2098 2104 citissime

497 2149 825 2224 corrigenda
847 2147 1124 2217 jubemus,
1159 2145 1204 2199 si
1234 2143 1405 2199 sancti
1438 2141 1666 2212 Spiritus
1697 2145 1960 2210 potestate
1991 2153 2098 2192 non

499 2241 583 2295 vis
612 2248 688 2305 tu,
719 2237 875 2305 Miro,
935 2234 1132 2290 merito
1184 2231 1440 2304 nequitia:
1495 2238 1604 2285 tum
1659 2228 1728 2282 ab
1781 2226 1929 2282 omni
1969 2242 2100 2282 con-

502 2327 674 2384 sortio
721 2321 1143 2381 Christianitatis
1202 2319 1466 2391 separari,
1528 2325 1580 2372 et
1637 2314 1835 2370 inferni
1866 2314 2101 2370 ﬂammis

500 2417 556 2472 in
642 2423 963 2486 perpetuum
1043 2407 1417 2466 condemnari.
1473 2405 1816 2476 Septimaniaa
1900 2411 2101 2458 terram

502 2505 817 2560 universam
865 2499 1129 2572 redegisti
1185 2499 1238 2551 in
1283 2495 1676 2550 solitudinem:
1711 2491 1993 2557 ecclesias,
2043 2497 2104 2545 ut

503 2600 774 2656 asserunt,
807 2589 1068 2644 ministris
1117 2584 1438 2657 expoliasti;
1472 2582 1691 2639 castella
1722 2581 1894 2652 ipsius
1946 2587 2104 2634 terrae

503 2681 698 2738 callide
729 2696 794 2735 ac
822 2677 1191 2732 fraudulenter
1237 2672 1500 2728 invasisti.
1537 2669 1658 2740 Quo
1707 2667 1970 2739 compulsi
2002 2684 2104 2721 ne-

499 2771 774 2832 cessitate,
808 2767 1056 2822 homines
1097 2761 1350 2818 Bernardi
1385 2760 1610 2834 gloriosi
1639 2757 1967 2812 marchionis
1984 2772 2106 2812 cum

505 2856 849 2912 multitudine
881 2853 1157 2909 hominum
1187 2860 1294 2905 tua:
1325 2849 1493 2904 rabiei
1535 2846 1890 2909 occursando,
1925 2845 2107 2916 aliqua

506 2946 562 3001 in
605 2946 800 3002 eadem
835 2953 971 2998 terra
1029 2955 1318 3012 perperam
1358 2943 1591 3010 egerunt
1629 2953 1640 2989 :
1674 2943 1732 2998 ut
1781 2933 1924 2988 velut
1952 2934 2106 2988 Jero-

507 3039 669 3093 boam
701 3033 841 3088 ﬁlius
877 3031 1106 3097 Nabath,
1151 3028 1241 3100 qui
1299 3025 1580 3098 peccavit,
1628 3033 1679 3079 et
1722 3039 1951 3094 peccare
1981 3021 2104 3076 fecit

1619 257 1916 314 JOANNIS
1961 235 2156 310 eam
2207 245 2347 310 Vm.

3680 253 3784 306 7'76

2255 377 2336 449 (S.
2373 375 2567 450 Greg.,
2605 377 2643 432 Ι.
2667 391 2742 444 ιν,
2777 378 2940 450 epist.
2975 376 3090 448 50.)
3117 374 3164 431 Ο
3195 390 3358 447 quam
3384 374 3530 431 bona
3558 383 3642 430 est
3660 375 3788 432 cha-

2181 467 2336 536 ritas,
2371 483 2490 538 quae
2521 465 2767 521 absentia
2800 481 2897 536 per
2925 464 3219 537 imaginem
3247 464 3540 535 pra'sentia
3572 463 3788 524 sibimet

2180 555 2287 626 ipsi
2319 555 2535 611 exhibet
2563 571 2662 626 per
2681 570 2921 609 amorem
2948 553 2959 609 l
2995 554 3182 608 Divisa
3211 553 3343 618 unit,
3377 552 3608 608 confusa
3637 551 3788 608 ordi-

2191 653 2302 712 nat,
2381 643 2670 716 inzequalia
2746 643 2946 706 sociat,
3023 642 3341 712 imperfecta
3420 649 3784 696 consummat.

2183 731 2361 801 Quam
2392 741 2538 786 recte
2569 731 2898 802 praedicator
2917 731 3177 804 egregius
3199 730 3474 786 vinculum
3506 729 3791 800 perfectio-

2185 821 2270 874 nis
2298 827 2453 875 vocat
2487 821 2716 891 (Coloss.
2747 820 2868 890 Ill);
2901 820 3024 890 quia
3068 819 3296 873 virtutes
3325 818 3544 890 quidem
3573 826 3789 874 caetera

2187 908 2577 979 perfectionem
2607 915 2886 979 generant,
2909 908 3006 962 sed
3028 916 3208 962 tamen
3239 923 3334 962 eas
3362 907 3596 962 charitas
3624 906 3788 962 etiam

2187 997 2339 1070 ligat,
2375 1006 2432 1052 ut
2461 997 2530 1052 ab
2579 997 2815 1052 amantis
2870 1004 3052 1050 mente
3108 995 3333 1050 dissolvi
3369 995 3485 1065 jam
3533 1003 3788 1067 nequeat.

2191 1087 2302 1142 Hac
2346 1086 2528 1157 itaque
2583 1086 2797 1150 virtute,
2857 1083 3026 1140 frater
3067 1084 3407 1152 charissima,
3456 1084 3682 1154 plenum
3737 1092 3792 1139 te

2192 1192 2316 1231 esse
2343 1175 2646 1244 reperiens,
2687 1190 2812 1230 cum
2842 1189 2939 1244 pro
2970 1181 3276 1228 sanctarum
3307 1172 3408 1228 Dei
3438 1171 3791 1228 ecclesiarum

2195 1263 2587 1318 restauratione
2640 1263 2694 1316 in
2739 1261 3144 1316 Arelatensium
3184 1261 3401 1316 civitate
3447 1261 3796 1331 corporalem

2194 1352 2537 1423 praesentiam
2569 1351 2958 1416 exbibuissem,
2993 1350 3131 1406 sicut
3161 1349 3291 1404 mihi
3319 1349 3387 1403 de
3417 1358 3468 1404 te
3496 1348 3794 1404 multorum

2198 1439 2628 1496 testimoniorum
2671 1439 2818 1494 fama
2883 1454 3015 1494 vera
3061 1439 3226 1510 longe
3266 1437 3484 1509 lateque
3531 1444 3792 1492 narraret.

2200 1529 2362 1599 Quod
2412 1545 2545 1584 vero
2583 1529 2732 1597 juxta
2777 1527 3059 1598 antiquum
3107 1543 3314 1582 morem
3368 1543 3528 1581 usum
3569 1525 3698 1596 palii
3727 1541 3796 1581 ac

2201 1619 2348 1673 vices
2379 1617 2524 1673 sedis
2553 1617 2866 1687 apostolicae
2893 1616 3198 1687 postulasti,
3233 1615 3372 1670 absit
3403 1631 3470 1670 ne
3498 1623 3586 1669 aut
3615 1623 3795 1669 trans-

2115 1719 2170 1791 Β
2203 1705 2406 1762 sitoriae
2433 1705 2713 1776 potestatis
2743 1705 2976 1772 culmen,
3010 1715 3098 1759 aut
3115 1703 3392 1760 exterioris
3421 1703 3596 1758 cultus
3625 1717 3794 1758 orna-

2195 1803 2457 1860 mentum,
2504 1793 2560 1847 in
2603 1793 2811 1848 vicibus
2853 1793 3054 1848 nostris
3103 1808 3170 1848 ac
3212 1792 3374 1862 pallio
3430 1791 3694 1863 quaesisse
3745 1798 3796 1846 te

2198 1882 2464 1954 suspicer.
2500 1883 2607 1937 Sed
2638 1883 2765 1954 quia
2794 1881 3003 1937 cunctis
3034 1880 3202 1952 liquet
3231 1881 3374 1935 unde
3405 1880 3460 1934 in
3499 1879 3796 1935 Galliarum

2198 1971 2516 2044 regionibus
2545 1969 2678 2025 fides
2709 1979 2898 2025 sancta
2921 1969 3206 2040 prodierit,
3238 1985 3361 2024 cum
3393 1969 3628 2040 priscam
3657 1985 3796 2024 con-

2199 2061 2541 2115 suetudinem
2575 2059 2722 2114 sedis
2752 2059 3065 2129 apostolica:
3096 2067 3275 2113 vestra
3305 2058 3608 2114 fraternitas
3638 2073 3795 2128 repe-

2200 2149 2280 2213 tit,
2319 2149 2448 2220 quid
2477 2147 2623 2202 aliud
2653 2165 2814 2220 quam
2846 2148 2988 2202 bona
3019 2147 3238 2202 soboles
3268 2147 3337 2202 ad
3386 2146 3562 2202 sinum
3609 2146 3800 2202 matris

2201 2237 2472 2294 recurrit?
2503 2237 2711 2291 Libenti
2742 2252 2874 2308 ergo
2904 2236 3086 2292 animo
3127 2235 3391 2306 postulata
3421 2235 3796 2301 concedimus,

2200 2343 2269 2382 ne
2301 2334 2390 2380 aut
2417 2334 2613 2380 vestrae
2643 2324 2907 2380 Ecclesiae
2937 2324 3227 2396 quidquam
3256 2325 3326 2380 de
3355 2324 3540 2380 debito
3587 2325 3798 2379 honore

2203 2415 2544 2479 subtrahere,
2577 2421 2670 2468 aut
2712 2413 3042 2486 condignam
3085 2413 3399 2483 petitionem
3442 2413 3608 2467 vestri
3659 2428 3799 2468 con-

2201 2504 2512 2574 tempsisse,
2553 2503 2856 2557 videamur.
2913 2502 3023 2557 Sed
3057 2501 3168 2571 jam
3198 2517 3344 2558 nunc
3385 2501 3564 2556 studio
3589 2501 3803 2570 majore

2203 2609 2293 2648 res
2317 2592 2544 2660 indiget,
2575 2599 2631 2645 ut
2660 2607 2781 2646 cum
2813 2591 2990 2646 honor
3019 2590 3237 2656 crescit,
3291 2589 3453 2645 etiam
3497 2589 3800 2644 sollicitudo

2202 2679 2468 2752 proficiat,
2533 2687 2586 2734 et
2650 2696 2780 2751 erga
2819 2687 3143 2734 caeterorum
3187 2677 3494 2734 custodiam
3523 2677 3804 2749 vigilantia

2205 2777 2484 2824 excrescat
2517 2783 2530 2822 :
2563 2767 2688 2824 vita:
2719 2783 2936 2839 quoque
2977 2766 3166 2821 merita
3210 2766 3469 2836 subjectis
3515 2765 3572 2820 in
3617 2781 3804 2821 exem-

2205 2858 2354 2928 plum
2389 2857 2628 2926 veniant,
2672 2865 2724 2910 et
2751 2872 3029 2927 nunquam
3058 2870 3160 2910 sua
3187 2872 3288 2926 per
3315 2853 3553 2926 suscepti
3580 2853 3804 2910 honoris

2211 2945 2458 3018 gratiam,
2491 2945 2587 3000 sed
2619 2945 2769 3001 lucra
2797 2944 3038 3000 caelestis
3067 2943 3259 3015 patria
3289 2951 3468 2999 vestra
3495 2941 3804 2998 fraternitas

2207 3035 2471 3106 exquirat.
2505 3033 2689 3088 Nostis
2718 3031 2862 3088 enim
2892 3033 3020 3104 quid
3047 3032 3237 3086 beatus
3259 3031 3549 3102 Apostolus
3573 3047 3804 3103 gemens

505 3124 697 3189 Israel,
733 3129 921 3178 auctor
948 3120 1190 3176 omnium
1228 3114 1569 3188 peccantium
1603 3113 1823 3168 existas.
1869 3111 2104 3182 Ideoque
2130 3085 2188 3148 B
2211 3085 2352 3180 (ἥξει
2385 3141 2398 3177 ε
2435 3123 2636 3179 omnes
2697 3125 2850 3178 enim
2885 3085 3006 3195 qjuw
3044 3125 3180 3177 δηηι
3215 3085 3496 3194 ρυῴναηι,
3532 3085 3646 3176 ηξη
3681 3136 3806 3193 (μω

506 3215 574 3270 ad
592 3210 952 3268 universalem
973 3207 1238 3279 synodum
1270 3213 1512 3259 nostram
1537 3219 1698 3274 quam
1725 3202 1836 3256 Deo
1865 3210 2104 3266 auctore,

505 3302 562 3359 in
590 3299 839 3374 proximo
886 3313 1072 3352 sumus
1129 3293 1477 3356 celebraturi,
1543 3291 1865 3363 Lugdunum
1923 3289 2110 3343 venire

511 3399 582 3452 te.
617 3389 904 3446 occasione
931 3384 1078 3441 omni
1109 3381 1427 3454 postposita,
1462 3379 1732 3445 volumus,
1771 3379 1816 3432 si
1849 3375 2106 3444 funditus,

438 3471 444 3476 ’
509 3489 567 3535 ut
596 3478 798 3533 dictum
836 3484 934 3539 est,
985 3489 1095 3528 non
1123 3473 1206 3526 vis
1255 3469 1440 3542 gladio
1477 3469 1660 3523 divino
1692 3466 1950 3521 mulctari.
1981 3465 2110 3519 Lin-

509 3567 734 3624 doinum
756 3580 971 3637 quoque
1000 3561 1374 3618 vicecomitem
1431 3557 1677 3612 audimus
1724 3562 1989 3626 potestate
2036 3553 2112 3607 uti

511 3655 783 3712 horrende
813 3653 1091 3713 denuntio,
1126 3649 1200 3705 uti
1232 3646 1558 3704 sacerdotali
1589 3645 1641 3699 in
1676 3643 1936 3715 parochia
1957 3641 2113 3714 Sige-

513 3745 642 3800 bodi
671 3739 1046 3797 Narbonensis
1071 3735 1488 3807 archiepiscopi,
1509 3733 1971 3804 presbyterosque
1993 3739 2115 3786 tuos

512 3831 566 3888 in
591 3833 718 3902 ‘ejus
747 3829 948 3885 exteris
971 3828 1272 3898 subrogare
1289 3823 1533 3880 ecclesiis
1563 3840 1574 3875 :
1599 3822 1744 3893 quod
1776 3819 1987 3876 concite
2010 3826 2116 3874 tua

515 3923 640 3977 vitae
671 3917 1040 3981 consulentes,
1073 3916 1348 3988 corrigere
1380 3920 1428 3966 et
1460 3911 1753 3967 emendare
1771 3909 2113 3964 mandamus.

511 4011 590 4066 Te
618 4023 748 4064 vero
771 4004 1125 4062 Huncfridum
1157 4021 1221 4059 ex
1251 4002 1569 4058 diaconatus
1597 3997 1776 4055 officio
1805 4005 1859 4054 et
1888 4012 2118 4052 venera-

519 4102 613 4156 bili
641 4099 964 4156 monachico
995 4094 1178 4151 habitu
1227 4099 1527 4163 apostatam
1577 4087 1828 4144 audimus
1859 4094 1912 4142 et
1959 4085 2116 4140 dole-

519 4207 642 4246 mus
672 4188 944 4245 aﬂ'ectum.
977 4185 1319 4254 QuaprOpter
1347 4180 1433 4236 vel
1464 4194 1584 4234 sera
1615 4185 1667 4233 et
1683 4173 2000 4249 poenitentia
2021 4191 2119 4245 per

518 4278 734 4335 Domini
769 4273 1195 4331 misericordiam
1256 4270 1446 4337 libera,
1491 4275 1544 4322 ct
1600 4267 1671 4322 ad
1728 4263 2118 4320 monasterium

519 4376 719 4442 quanto
747 4366 906 4422 citius
933 4362 1203 4434 confuge;
1253 4358 1340 4414 vel
1385 4357 1431 4412 si
1461 4357 1530 4411 de
1578 4363 1670 4410 tua
1699 4352 1930 4410 confidis
1951 4368 2118 4408 cons-

2169 3263 2178 3271 .
2211 3217 2348 3268 sunt
2389 3215 2520 3268 Jesu
2556 3211 2766 3267 Christi
2796 3211 3028 3282 (Philip.
3071 3211 3131 3278 ι).
3175 3209 3514 3277 Quibusdam
3567 3223 3805 3279 namque

2211 3303 2580 3365 narrantibus,
2621 3299 2817 3373 agnovi
2851 3299 2996 3371 quod
3026 3299 3080 3352 in
3127 3298 3426 3354 Galliarum
3457 3297 3543 3352 vel
3574 3297 3807 3352 Germa-

2212 3391 2423 3445 niarum
2468 3390 2714 3460 partibus
2770 3389 2951 3443 nullus
2999 3388 3067 3442 ad
3124 3403 3338 3443 sacrum
3387 3385 3637 3441 ordinem
3690 3384 3809 3440 sine

2215 3478 2483 3536 commodi
2515 3478 2734 3532 datione
2785 3477 3087 3548 perveniat.
3121 3475 3281 3545 Quod
3323 3475 3370 3530 si
3413 3475 3484 3530 ita
3533 3481 3637 3538 est,
3669 3473 3808 3530 ﬂens

2213 3569 2356 3635 dico,
2391 3583 2620 3640 gemens
2648 3566 2929 3633 denuntio,
2967 3565 3095 3637 quia
3123 3581 3247 3620 cum
3278 3563 3634 3620 sacerdotalis
3674 3563 3809 3618 ordo

2214 3657 2358 3711 intus
2385 3656 2596 3720 cecidit,
2633 3654 2763 3709 foris
2809 3669 3024 3726 quoque
3075 3654 3170 3708 diu
3222 3661 3371 3708 stare
3426 3669 3537 3708 non
3589 3651 3805 3723 poterit.

2215 3746 2429 3801 Scimus
2483 3745 2685 3817 quippe
2733 3760 2800 3799 ex
2832 3743 3137 3816 Evangelio
3181 3743 3309 3814 quid
3338 3742 3668 3813 Redemptor
3691 3756 3812 3796 nos-

2215 3843 2296 3891 ter
2351 3833 2704 3904 semetipsum
2759 3832 2972 3898 fecerit,
3037 3831 3166 3904 quia
3211 3831 3494 3902 ingressus
3552 3831 3815 3901 templum

2217 3923 2514 3981 cathedras
2535 3923 2903 3978 vendentium
2919 3921 3202 3978 columbas
3215 3923 3417 3976 evertit
3428 3921 3647 3990 (Matth.
3657 3918 3810 3992 an).

2217 4012 2506 4069 Columbas
2533 4011 2677 4067 enim
2706 4011 2942 4066 vendere
2971 4018 3053 4064 est
3081 4010 3150 4065 de
3179 4017 3367 4067 sancto
3396 4009 3618 4079 Spiritu,
3650 4023 3813 4079 quem

2217 4104 2366 4158 Deus
2391 4100 2738 4171 omnipotens
2793 4098 3309 4154 consubstantialem
3340 4098 3444 4152 sibi
3473 4113 3574 4168 per
3600 4095 3816 4166 imposi-

2218 4191 2423 4246 tionem
2471 4205 2729 4244 manuum
2786 4187 3106 4242 hominibus
3189 4186 3394 4252 tribuit,
3467 4185 3815 4242 commodum

2218 4278 2516 4350 temporale
2545 4277 2849 4348 percipere.
2891 4276 2970 4330 Ex
3003 4291 3130 4346 quo,
3173 4284 3230 4332 ut
3257 4275 3499 4346 praedixi.
3533 4273 3680 4328 malo
3705 4273 3816 4342 jam

2218 4368 2460 4422 innuitur
2490 4366 2620 4438 quid
2667 4372 2944 4436 sequatur,
2993 4364 3117 4436 quia
3148 4364 3202 4417 in
3243 4363 3443 4434 templo
3473 4363 3571 4418 Dei
3603 4361 3816 4418 colum-

523 4440 770 4522 scientia,
803 4453 874 4508 ad
925 4451 1193 4523 synodum
1230 4455 1471 4502 nostram
1512 4444 1582 4499 de
1628 4443 1786 4497 illatis
1835 4440 1931 4496 tibi
1959 4447 2119 4512 atque
2147 4443 2200 4504 D
2222 4458 2319 4512 bas
2348 4455 2588 4511 vendere
2631 4461 3114 4525 pmsumpsemm,
3149 4469 3335 4508 eorum
3367 4453 3481 4508 Deo
3508 4451 3692 4521 judice
3720 4465 3820 4506 σε-

523 4544 750 4614 objectis
771 4551 824 4597 te
845 4540 1193 4613 purgandum
1223 4550 1483 4590 occurre:
1508 4548 1577 4587 ne
1609 4531 1654 4586 si
1685 4529 2120 4601 praetermiseris,

525 4631 887 4689 anathematis
917 4626 1156 4694 vinculo,
1190 4631 1376 4694 utpote
1405 4619 1653 4692 apostola
1683 4626 1736 4674 et
1764 4617 2004 4682 rebellis,
2036 4616 2122 4671 al—

509 4721 736 4794 ligaris.
769 4720 905 4776 Data
934 4719 1001 4774 ut
1037 4731 1228 4788 supra.

1203 4816 1446 4875 CXXIII.

582 4932 653 4972 AD
692 4927 1026 4972 ROSTAGNUM
1063 4918 1540 4965 ARCHIEPISCOPUM
1584 4915 1988 4957 ABELATENSEH
2026 4907 2071 4955 ³⁸.

1151 5001 1332 5070 (Anno
1373 4996 1518 5064 878).

603 5096 743 5152 Suus
781 5093 874 5148 illi
897 5093 1041 5148 vices
1077 5091 1142 5145 in
1175 5087 1359 5143 Gallia
1382 5089 1437 5140 et
1455 5083 1626 5156 pallii
1657 5099 1825 5138 usum
1846 5080 2122 5137 concedit.

604 5180 1063 5240 Reverentissimo
1117 5185 1171 5232 et
1233 5173 1575 5230 sanctissimo
1636 5171 1789 5228 fratri
1820 5171 2126 5226 Rosracxo

535 5270 948 5342 archiepiscOpo
975 5263 1299 5323 Arelatensi.

605 5439 631 5467 ι
650 5409 704 5458 In
730 5405 940 5458 editione
963 5403 1204 5463 Romana,
1249 5404 1299 5452 et
1325 5413 1382 5452 ex
1406 5413 1460 5451 ea
1488 5400 1535 5449 in
1577 5399 1930 5467 collectionem
1949 5395 2130 5467 episto-

538 5460 696 5529 lamm
737 5472 939 5526 Joannis
961 5471 1090 5534 νηί,
1139 5460 1284 5532 hujus
1328 5468 1545 5538 epistolae
1581 5468 1738 5530 portio
1785 5463 2022 5527 incipiens
2065 5460 2131 5538 ab

540 5545 703 5606 imaue
753 5539 1084 5603 ﬁliumin“,
1131 5544 1251 5596 διο..
1301 5537 1496 5599 ponitur
1531 5541 1767 5595 tanquam
1813 5544 1938 5582 nova
1998 5537 2133 5592 apis-

2219 4546 2424 4601 thedrm
2453 4543 2788 4608 ceciderunt,
2806 4541 2899 4613 qui
2917 4542 3166 4597 videlicet
3195 4541 3420 4596 errorin
3439 4539 3671 4595 subditis
3691 4555 3818 4596 cum

2221 4640 2517 4705 augmento
2546 4639 2898 4703 propagatur.
2931 4631 3070 4685 Nam
3115 4629 3231 4700 ipse
3277 4646 3494 4701 quoque
3525 4628 3616 4700 qui
3644 4627 3822 4699 pretio

2221 4723 2290 4778 ad
2338 4737 2555 4778 sacrum
2606 4719 2852 4776 ordinem
2905 4719 3239 4790 perducitur,
3263 4719 3374 4788 jam
3418 4717 3472 4772 in
3515 4717 3631 4788 ipsa
3687 4732 3825 4786 pro-

2223 4820 2412 4867 vectus
2443 4810 2527 4865 sui
2555 4809 2738 4865 radice
2767 4808 3004 4873 vitiatus,
3037 4808 3278 4878 paratior
3320 4815 3403 4864 est
3448 4806 3566 4860 aliis
3605 4819 3821 4861 venun-

2223 4901 2355 4956 dare
2387 4900 2532 4972 quod
2564 4898 2712 4954 emit.
2747 4898 2849 4952 Ubi
2880 4905 2959 4952 est
2992 4898 3138 4967 quod
3179 4897 3440 4966 scriptum
3469 4903 3552 4951 est
3584 4911 3597 4948 :
3635 4894 3824 4950 Gratis

2225 4988 2547 5062 accepistis,
2571 4987 2751 5058 gratis
2779 4986 2909 5041 date
2940 4989 2962 5040 ?
2992 4985 3213 5054 (Matth.
3265 4987 3352 5056 χ.)
3381 4986 3447 5039 Et
3503 4999 3626 5039 cum
3655 4981 3828 5052 prima

2225 5086 2418 5132 contra
2462 5085 2703 5130 sanctam
2748 5074 2847 5129 Dei
2889 5074 3192 5129 Ecclesiam
3242 5073 3548 5129 Simoniaca
3595 5069 3824 5126 haeresis

2227 5167 2297 5220 sit
2327 5173 2534 5232 exorta,
2563 5182 2660 5221 cur
2697 5180 2805 5219 non
2864 5163 3242 5233 perpenditur,
3271 5179 3369 5219 cur
3420 5177 3531 5217 non
3585 5160 3822 5222 videtur,

2228 5256 2356 5330 quia
2385 5272 2507 5311 eum
2529 5271 2690 5326 quem
2712 5253 2833 5324 quis
2859 5267 2984 5308 cum
3012 5253 3190 5323 pretio
3213 5252 3453 5320 ordinat,
3473 5247 3828 5322 provehendo

2227 5395 2326 5445 tota
2376 5393 2437 5444 ad
2495 5391 2916 5455 archiepiscopum
2979 5389 3317 5441 Arelatensem
3361 5387 3527 5439 missa.
3554 5385 3691 5436 Illam
3737 5395 3826 5434 nos

2228 5461 2278 5580 iit
2325 5461 2418 5513 hac
2463 5459 2750 5512 collectione
2792 5455 3046 5507 omisimus
3093 5462 3325 5522 tanquam
3392 5463 3826 5520 supervacaneam.

2277 5539 2408 5578 nsi.
