4160 6350
267 329 366 380 7'77

1475 327 1831 384 EPISTOLE
1891 329 1980 383 ET
2029 332 2350 388 DECRETA
2362 377 2374 388 .

3459 331 3561 398 ττι

262 449 369 522 agit
401 458 457 502 ut
486 448 944 538 haereticusﬁat?
972 451 1158 522 Itaque
1201 451 1519 506 fraternitati
1563 461 1667 507 tuae
1713 451 1862 507 vices
1889 452 1946 512 A
1969 456 2180 510 recurri
2221 459 2568 528 prmpositns,
2618 460 2822 515 idcirco
2860 471 3223 533 opportunum
3270 481 3394 522 esse
3436 483 3562 538 per-

264 545 472 592 nostras
500 537 552 591 in
583 537 829 592 ecclesiis
859 556 980 609 quae
1025 540 1126 593 sub
1176 557 1346 610 regno
1392 541 1696 596 Galliarum
1752 542 1877 595 sunt

234 675 253 692 ,
263 626 413 693 juxta
442 626 722 697 antiquum
771 643 978 681 morem
1023 629 1138 683 Deo
1187 637 1410 684 auctore
1459 629 1869 696 committimus,

271 714 498 786 singulis
529 715 748 786 quidem
780 716 1138 786 metropolitis
1169 718 1467 772 secundum
1491 718 1725 788 priscam
1750 733 1874 774 con'

271 803 608 857 suetudinem
636 804 856 874 proprio
887 805 1094 860 honore
1125 815 1358 860 servato.
1393 806 1623 860 Pallium
1654 823 1870 878 quoque

270 892 640 947 concessimus
672 909 780 963 quo
828 892 1144 948 fraternitas
1191 902 1276 948 tua
1324 895 1637 950 decoretur.
1686 896 1869 951 Sicubi

269 988 444 1034 autem
475 980 692 1052 longius
721 981 1102 1052 episcoporum
1134 984 1423 1054 quisquam
1466 1000 1698 1056 pergere
1731 983 1869 1040 forte

269 1068 516 1135 voluerit,
552 1069 667 1124 sine
699 1078 803 1124 tuae
829 1070 1128 1125 sanctitatis
1177 1072 1496 1127 auctoritate
1544 1072 1592 1126 ei
1640 1073 1708 1126 ad
1751 1073 1870 1128 loca

267 1156 366 1210 alia
396 1158 629 1211 transire
661 1175 769 1212 non
815 1158 995 1214 liceat.
1050 1159 1106 1214 Si
1154 1177 1256 1231 qua
1299 1177 1431 1216 vero
1479 1161 1753 1233 inquisitio
1801 1162 1868 1217 de

269 1243 372 1300 ﬁde
403 1245 486 1299 vel
517 1244 751 1301 fortasse
778 1246 1006 1301 aliarum
1034 1264 1212 1302 rerum
1232 1249 1374 1303 inter
1395 1249 1683 1321 episcopos
1704 1266 1869 1306 causa

269 1334 552 1388 emerserit
598 1351 719 1405 quae
771 1335 1010 1390 discerni
1059 1335 1329 1392 difficilius
1376 1338 1565 1408 possit,
1625 1339 1868 1394 collectis

269 1422 553 1477 duodecim
586 1422 877 1493 episcopis,
911 1412 1199 1480 ventiletur
1227 1435 1391 1497 atque
1420 1427 1737 1494 decidatur;
1784 1429 1868 1482 sin

269 1519 444 1565 autem
495 1511 671 1566 decidi
720 1513 1048 1583 nequiverit,
1098 1515 1345 1569 discussa
1389 1515 1611 1570 veritate
1659 1517 1728 1571 ad
1771 1533 1868 1572 no-

270 1606 441 1652 strum
463 1599 725 1666 judicium
756 1599 1023 1655 referatur
1054 1602 1194 1671 (Huc
1224 1619 1396 1674 usque
1419 1605 1473 1660 S.
1504 1604 1703 1676 Greg.).
1727 1605 1868 1660 Proh

270 1687 426 1741 dolor
451 1686 462 1740 l
494 1703 617 1742 cum
649 1687 702 1741 in
733 1689 926 1744 Galliae
953 1690 1200 1758 partibus
1231 1707 1475 1746 essemus
1503 1692 1646 1747 inter
1674 1701 1870 1748 cattera

272 1792 433 1830 unum
463 1776 619 1831 valde
654 1777 1055 1846 prohibendum
1103 1779 1407 1834 invenimus
1442 1799 1454 1833 :
1487 1782 1863 1852 metrOpolitae,
1896 1802 1950 1860 Β

269 1873 557 1934 antequam
585 1865 809 1936 pallium
840 1883 869 1920 a
901 1867 1031 1922 sede
1061 1868 1358 1937 apostolica
1389 1869 1705 1940 suscipiant,
1741 1887 1871 1926 con-

272 1953 629 2009 secrationem
678 1954 858 2010 facere
909 1965 1261 2026 praesumunt,
1309 1959 1454 2028 quod
1493 1966 1871 2014 antecessores

272 2041 441 2096 nostri
487 2051 540 2096 et
585 2059 686 2098 nos
735 2044 998 2100 canonico
1047 2045 1270 2100 decreto
1315 2062 1384 2100 ne
1437 2045 1594 2101 ﬁeret
1643 2047 1872 2102 interdi-

272 2128 465 2184 ximus.
502 2130 657 2186 Unde
698 2131 1085 2188 fraternitatem
1135 2142 1277 2188 tuam
1312 2143 1552 2190 sanctam
1595 2153 1691 2206 per
1740 2136 1873 2191 Gal-

273 2217 400 2272 liam
431 2227 673 2273 nostram
720 2220 893 2276 vicem
942 2230 1217 2277 tenentem
1259 2223 1556 2291 hortamur,
1609 2233 1875 2295 quatenus

272 2323 437 2377 super
467 2308 571 2363 hoc
602 2309 1022 2364 sollicitudinem
1053 2311 1278 2376 habeas,
1305 2319 1356 2366 et
1378 2328 1446 2366 ne
1474 2313 1615 2366 istud
1635 2313 1872 2381 adoleat,

273 2396 587 2451 auctoritate
643 2398 975 2467 prohibeas,
1037 2407 1090 2454 et
1139 2407 1194 2453 ut
1242 2401 1540 2456 secundum
1597 2401 1874 2473 antiquum

272 2499 477 2539 morem
509 2502 752 2556 quaerere
780 2485 1037 2542 festinent
1068 2504 1314 2556 moneas,
1349 2489 1541 2544 incites
1566 2498 1727 2561 atque
1743 2507 1878 2561 prae-

274 2573 481 2643 cipias;
515 2581 568 2628 et
598 2575 643 2628 si
675 2575 778 2646 ipsi
809 2576 1086 2642 obediant,
1121 2593 1316 2647 necne,
1344 2586 1529 2633 nostro
1551 2579 1877 2648 apostolatui

276 2679 442 2732 super
473 2663 649 2718 omnia
680 2665 975 2731 renunties,
1019 2665 1063 2718 si
1092 2673 1272 2736 potest
1318 2666 1374 2719 in
1418 2667 1694 2722 nativitate
1741 2683 1877 2738 apo-

275 2750 552 2820 stolorum,
598 2760 690 2806 aut
735 2769 834 2823 per
879 2769 1009 2818 vos,
1062 2762 1153 2808 aut
1201 2771 1300 2824 per
1343 2763 1585 2810 nostrum
1637 2755 1878 2827 legatum

274 2839 511 2911 aliquem
542 2840 707 2896 certis
738 2840 928 2897 litteris
959 2842 1228 2908 intimare,
1263 2859 1330 2898 ne
1351 2842 1591 2900 differas.
1619 2843 1882 2915 Omnipo-

275 2936 397 2983 tens
426 2937 610 2984 autem
640 2931 786 2984 Deus
819 2947 913 2984 sua
944 2947 1043 2986 vos
1073 2932 1413 3002 protectione
1454 2933 1743 2998 custodiat,
1776 2935 1880 2988 ho-

276 3032 576 3088 noremque
606 3027 927 3090 perceptum
956 3035 1054 3074 vos
1086 3019 1139 3074 in
1170 3020 1415 3074 moribus
1446 3037 1663 3076 servare
1693 3037 1884 3078 conce-

275 3105 390 3160 dat.
424 3107 560 3161 Data
590 3112 655 3162 ut
684 3125 877 3180 supra.

954 3197 1197 3252 CXXIV.

559 3299 631 3340 AD
669 3301 980 3340 UNIVERSOS
1019 3301 1317 3340 EPISCOPOS
1356 3301 1586 3342 GALLIE.

901 3374 1082 3445 (Anno
1111 3373 1260 3446 878.)

285 3467 349 3521 Ut
380 3467 654 3536 Rostagno
672 3463 1004 3536 Arelatensi
1038 3465 1312 3536 episcopo,
1361 3465 1454 3536 cui
1484 3465 1628 3520 vices
1659 3481 1790 3520 suas
1819 3465 1882 3518 in

560 3534 742 3589 Gallia
763 3534 1074 3598 commisit,
1097 3551 1288 3590 omnes
1324 3535 1553 3591 obedian
1564 3539 1602 3589 t.

352 3622 615 3678 Omnibus
645 3622 1100 3677 reverentissimis
1130 3631 1185 3677 et
1215 3623 1570 3678 sanctissimis
1610 3622 1882 3694 episcopis

279 3720 333 3766 et
362 3709 619 3765 fratribus
647 3727 747 3781 per
777 3710 982 3766 Gallias
1013 3711 1336 3766 constitutis.

355 3798 437 3871 (S.
471 3799 664 3872 Greg.,
701 3800 793 3855 tib.
827 3815 903 3863 IV,
936 3816 1019 3871 ep.
1056 3798 1170 3870 52.)
1200 3800 1281 3854 Ad
1311 3800 1416 3856 hoc
1445 3799 1642 3855 divinae
1670 3799 1882 3870 dispen-

284 3887 508 3942 sationis
535 3887 776 3959 provisio
807 3888 1011 3961 gradus
1033 3897 1085 3943 et
1106 3888 1351 3944 diversos
1373 3888 1646 3944 constituit
1666 3889 1883 3944 ordines

281 3977 427 4032 inter
456 3993 514 4031 se
545 3977 847 4046 distinctos,
881 3985 938 4032 ut
968 3978 1096 4032 dum
1127 3978 1491 4034 reverentiam
1522 3978 1763 4034 minores
1792 3993 1882 4049 po-

281 4065 511 4120 tioribus
531 4066 864 4132 exhiberent,
892 4074 943 4120 et
963 4066 1204 4136 potiores
1226 4066 1526 4121 minoribus
1544 4066 1882 4140 diligentiam

282 4153 695 4224 impenderent,
757 4170 863 4210 una
924 4154 1235 4210 concordiae
1284 4155 1439 4210 fieret
1483 4171 1516 4208 a
1568 4155 1883 4210 diversitate

286 4243 579 4310 contextio,
613 4251 666 4298 et
695 4251 842 4298 recte
873 4243 1169 4299 officiorum
1191 4251 1475 4316 gereretur
1493 4242 1883 4297 administratio

285 4330 644 4403 singulorum.
675 4332 867 4402 Neque
898 4331 1042 4386 enim
1071 4330 1397 4385 universitas
1425 4330 1530 4384 alia
1557 4338 1767 4401 poterat
1797 4346 1883 4383 ra-

286 4419 433 4474 tione
465 4419 780 4486 subsistere,
815 4419 918 4474 nisi
946 4419 1254 4490 hujusmodi
1283 4434 1516 4491 magnus
1562 4435 1682 4473 eam
1729 4417 1882 4472 diffe-

1908 3153 1957 3213 C

1975 545 2250 614 speximus
2306 546 2360 600 in
2419 547 2666 603 ecclesiis
2721 565 2839 620 quae
2894 551 2995 605 sub
3043 568 3218 625 regno
3270 554 3564 610 Galliarum

1973 633 2272 688 secundum
2327 634 2602 707 antiquam
2658 637 3098 694 consuetudinem
3172 649 3333 710 sunt,
3409 641 3562 700 fratri

1971 729 2158 776 nostro
2189 722 2466 794 Rostagno
2496 725 2827 780 Arelatensis
2857 725 3089 782 civitatis
3117 728 3374 799 episcopo
3415 731 3563 787 vices

1971 818 2186 864 nostras
2216 810 2471 877 tribuere,
2516 821 2780 884 quatenus
2829 821 2882 868 et
2926 815 3206 871 catholicae
3251 815 3378 872 ﬁdei
3425 818 3563 874 inte-

1971 897 2160 967 gritas,
2194 897 2249 952 id
2287 905 2369 952 est
2417 907 2724 954 sanctarum
2773 909 3002 971 quatuor
3043 903 3398 973 synodorum,
3449 906 3566 963 Deo

1969 993 2308 1057 protegente,
2342 987 2573 1042 sollicita
2601 988 2891 1044 devotione
2929 999 3206 1058 servetur;
3238 1000 3291 1048 et
3337 993 3382 1046 si
3430 993 3569 1049 inter

1970 1067 2166 1124 fratres
2219 1071 2746 1143 consacerdotesque
2803 1081 3020 1129 nostros
3085 1075 3268 1146 aliqua
3329 1077 3570 1132 evenerit

1969 1156 2108 1213 forte
2164 1158 2455 1227 contentio,
2515 1160 2851 1216 auctoritatis
2907 1178 3020 1217 suae
3076 1163 3268 1236 vigore
3289 1205 3303 1233 ,
3357 1164 3568 1220 vicibus

1969 1263 2165 1316 nempe
2196 1246 2342 1302 sedis
2391 1248 2703 1318 apostolicae
2750 1250 2983 1318 functus,
3031 1250 3263 1306 discreta
3309 1254 3567 1308 modera-

1970 1335 2116 1389 tione
2148 1344 2478 1405 compescat.
2519 1336 2617 1390 Cui
2659 1336 2822 1392 etiam
2867 1337 3196 1405 iniunximus
3242 1347 3299 1394 ut
3341 1341 3388 1395 si
3429 1357 3567 1412 qua-

1971 1423 2219 1477 rumdam
2249 1439 2543 1479 causarum
2575 1425 2683 1480 tale
2710 1424 2873 1480 fuerit
2899 1434 3175 1482 certamen
3202 1435 3470 1493 exortum,
3514 1429 3569 1484 in

1972 1528 2080 1582 quo
2128 1512 2354 1567 aliorum
2400 1514 2690 1583 prasentia
2737 1530 2875 1584 opus
2924 1515 3025 1579 sit,
3077 1517 3426 1588 congregatis
3463 1516 3566 1570 sibi

1971 1617 2197 1655 numero
2227 1601 2555 1670 competenti
2585 1601 2841 1656 fratribus
2871 1611 2924 1658 et
2965 1603 3303 1674 coepiscopis
3345 1604 3566 1673 nostris,

1971 1688 2257 1744 salubriter
2289 1697 2506 1744 servata
2534 1691 2640 1745 hoc
2682 1690 2936 1760 aequitate
2983 1690 3250 1761 discutiat,
3301 1699 3352 1746 et
3398 1707 3568 1748 cano-

1971 1776 2094 1832 nica
2123 1777 2443 1832 auctoritate
2475 1776 2719 1832 diﬁiniat.
2774 1778 2830 1833 Si
2881 1794 3058 1851 quam~
3087 1795 3218 1835 vero
3263 1779 3570 1836 contentio-

1973 1881 2095 1919 nem
2125 1907 2139 1929 ,
2179 1866 2323 1936 quod
2363 1865 2527 1938 longe
2566 1865 2727 1922 faciat
2765 1865 2952 1921 divina
2997 1867 3274 1937 potentia,
3327 1867 3396 1922 de
3442 1866 3572 1922 fidei

1973 1968 2136 2008 causa
2166 1954 2385 2008 evenire
2432 1954 2742 2026 contigerit,
2794 1963 2887 2009 aut
2933 1955 3212 2034 negotium
3264 1956 3571 2023 emerserit,

1975 2041 2129 2110 cujus
2197 2042 2491 2097 vehemens
2557 2042 2625 2096 sit
2673 2041 2906 2098 fortasse
2947 2042 3214 2112 dubietas,
3261 2052 3314 2099 et
3353 2059 3454 2114 pro
3493 2043 3576 2101 sui

1973 2129 2347 2202 magnitudine
2371 2130 2573 2199 judicio
2607 2129 2752 2185 sedis
2782 2131 3096 2201 apostolicae
3125 2131 3390 2202 indigeat,
3440 2145 3575 2186 exa-

1974 2219 2175 2272 minata
2201 2218 2513 2290 diligentius
2542 2219 2790 2283 veritate,
2823 2219 3084 2274 relatione
3115 2235 3215 2274 sua
3235 2220 3305 2274 ad
3333 2227 3577 2274 nostram

1978 2308 2192 2362 studeat
2219 2307 2520 2378 perducere
2550 2307 2847 2373 notionem,
2882 2315 3146 2378 quatenus
3166 2323 3200 2362 a
3224 2307 3380 2362 nobis
3401 2307 3580 2362 valeat

1978 2410 2223 2468 congrua
2253 2395 2369 2450 sine
2399 2395 2562 2450 dubio
2611 2395 2877 2450 sententia
2918 2396 3216 2450 terminari.
3268 2395 3366 2450 Cui
3412 2395 3576 2450 etiam

1975 2483 2306 2552 injunximus
2335 2491 2392 2537 ut
2421 2483 2624 2538 nullum
2655 2482 3120 2554 archiepiscopum
3153 2483 3209 2538 in
3229 2483 3313 2537 his
3333 2483 3581 2554 partibus

1980 2571 2097 2626 sine
2127 2571 2290 2642 pallio
2320 2587 2350 2626 a
2379 2572 2624 2627 Romano
2653 2571 2910 2641 pontifice
2953 2571 3163 2628 directo
3210 2571 3580 2627 consecratio-

1979 2676 2105 2715 nem
2134 2659 2318 2715 facere
2347 2659 2644 2730 permittat,
2680 2667 2732 2713 et
2755 2658 3018 2714 facientes
3046 2667 3232 2714 nostra
3261 2659 3582 2715 auctoritate

1980 2757 2188 2820 arguat.
2245 2749 2314 2802 Et
2371 2748 2630 2819 quoniam
2681 2763 2909 2802 necesse
2965 2755 3048 2802 est
3103 2755 3162 2802 ut
3216 2747 3287 2802 ad
3334 2763 3456 2802 eum
3493 2745 3583 2803 cui

1980 2844 2202 2891 nostras
2231 2836 2381 2892 vices
2409 2835 2756 2901 indulsimus,
2793 2836 3005 2907 quoties
3023 2843 3276 2906 oportere
3295 2851 3582 2906 perspexe~

1981 2925 2067 2990 rit,
2120 2941 2219 2995 pro
2258 2923 2509 2980 facienda
2546 2923 2834 2980 collatione
2873 2923 3014 2995 aptis
3069 2923 3307 2979 debeant
3343 2922 3587 2994 episcopi

1983 3013 2318 3084 temporibus
2349 3012 2660 3078 convenire,
2695 3013 2978 3068 hortamur
3006 3019 3065 3066 ut
3093 3011 3276 3070 nullus
3315 3010 3587 3066 mandatis

1984 3102 2101 3170 ejus
2133 3100 2454 3156 inobediens
2483 3116 2605 3155 esse
2633 3108 2948 3171 praesumat,
3000 3115 3105 3155 nec
3154 3096 3426 3154 communi
3456 3114 3587 3154 con-

1981 3189 2288 3262 gregationi
2336 3189 2603 3243 interesse
2654 3195 2945 3258 postponat
2969 3230 2981 3254 ,
3032 3187 3138 3242 nisi
3189 3195 3283 3242 aut
3339 3185 3586 3256 corporis

1976 3276 2267 3332 infirmitas
2297 3276 2604 3348 quempiam
2635 3275 2868 3332 fortasse
2897 3275 3145 3341 vetuerit,
3179 3282 3272 3329 aut
3307 3275 3589 3344 cujusdam

1983 3381 2106 3421 eum
2135 3381 2314 3421 causae
2336 3365 2497 3434 justaa
2527 3364 2805 3420 excusatio
2835 3364 3057 3418 minime
3098 3362 3286 3418 venire
3326 3362 3564 3433 permise

1982 3454 2069 3510 rit.
2100 3454 2166 3508 Hi
2197 3462 2376 3508 tamen
2408 3453 2521 3524 qui,
2559 3453 2883 3524 prohibente
2914 3452 3100 3523 aliqua
3128 3450 3472 3518 necessitate,
3502 3465 3572 3505 ne

1984 3542 2218 3614 quierint
2247 3541 2303 3596 in
2320 3542 2588 3612 synodum
2613 3541 2928 3610 convenire,
2948 3540 3071 3596 loco
3095 3555 3194 3594 suo
3213 3539 3594 3609 presbyterum

1984 3638 2078 3684 aut
2106 3631 2397 3686 diaconum
2429 3629 2684 3701 dirigant,
2721 3636 2990 3700 quatenus
3023 3643 3141 3699 quae
3167 3641 3201 3681 a
3229 3633 3418 3682 nostro
3446 3624 3597 3681 vica-

1985 3718 2083 3788 rio,
2131 3719 2246 3774 Deo
2292 3717 2607 3783 auxiliante,
2664 3716 2865 3772 fuerint
2919 3714 3158 3780 deﬁnita,
3208 3714 3279 3769 ad
3322 3730 3449 3769 eum
3499 3713 3593 3785 qui

1987 3807 2188 3863 absens
2219 3814 2320 3873 est,
2354 3823 2456 3878 per
2485 3806 2664 3877 ipsum
2694 3821 2856 3876 quem
2901 3803 3126 3869 miserit,
3179 3801 3288 3858 ﬁda
3333 3802 3597 3857 relatione

1987 3895 2333 3966 perveniant,
2390 3902 2449 3950 ut
2505 3893 2827 3950 inconvulsa
2871 3891 3122 3948 ﬁrmitate
3171 3899 3492 3959 serventur,
3537 3897 3593 3945 et

1989 3983 2187 4039 nullius
2217 3999 2283 4039 ea
2323 3983 2557 4038 audeant
2604 3981 2908 4038 occasionis
2957 3980 3309 4036 excusatione
3354 3978 3584 4034 violare.

1988 4073 2102 4128 Hoc
2135 4071 2295 4127 etiam
2325 4087 2423 4126 vos
2451 4071 2656 4142 pariter
2703 4069 3051 4139 praevidimus
3094 4066 3486 4132 admonendos,
3535 4073 3594 4120 ut

1987 4160 2170 4215 nullus
2213 4167 2452 4214 vestrum
2498 4157 2566 4211 ad
2616 4145 2995 4228 longinquibra
3044 4155 3168 4210 loca
3217 4154 3334 4208 sine
3379 4151 3588 4224 praefati

1989 4247 2169 4303 fratris
2201 4255 2255 4302 et
2284 4245 2597 4316 coepiscopi
2627 4244 2800 4298 nostri
2829 4243 3094 4315 Rostagni
3125 4242 3437 4298 auctoritate
3467 4247 3593 4294 ten-

1991 4344 2068 4392 tet
2097 4335 2278 4407 aliquo
2307 4334 2470 4389 modo
2500 4331 2795 4404 proﬁcisci,
2832 4331 3065 4387 scientes
3107 4329 3236 4402 quia
3282 4337 3334 4385 et
3378 4328 3592 4400 praede-

1998 4440 2283 4481 cessorum
2310 4430 2638 4488 nostrorum,
2671 4421 2763 4493 qui
2791 4421 2939 4476 vices
2970 4435 3096 4474 suas
3127 4418 3242 4488 ejus
3287 4416 3594 4489 praedeces-

283 4507 474 4563 rentize
516 4509 648 4563 ordo
694 4516 958 4564 servaret.
1023 4508 1160 4576 Quia
1212 4524 1341 4563 vero
1391 4515 1646 4564 creatura
1691 4507 1747 4562 in
1794 4522 1897 4561 una
1928 4502 2210 4569 Dsoribus
2268 4517 2691 4579 concesserunt,
2753 4509 2831 4565 sic
2880 4508 3070 4579 procul
3125 4505 3291 4562 dubio
3340 4503 3596 4560 mandata

287 4596 586 4668 eademque
606 4597 911 4669 aequalitate
931 4596 1228 4670 gubernari
1245 4597 1332 4653 vel
1350 4596 1531 4652 vivere
1553 4613 1662 4651 non
1682 4603 1880 4666 potest,

287 4686 592 4742 coelestium
629 4686 940 4740 militiarum
991 4686 1236 4757 exempla
1284 4702 1386 4742 nos
1427 4686 1714 4751 instruunt,
1763 4685 1886 4757 quia

289 4775 422 4829 dum
471 4775 575 4829 sint
616 4775 817 4846 angeli,
864 4775 970 4829 sint
1011 4775 1343 4847 archangeli,
1394 4774 1564 4846 liquet
1610 4774 1736 4846 quia
1777 4789 1888 4829 non

290 4863 530 4934 aequales
559 4871 700 4934 sunt,
733 4864 831 4919 sed
857 4863 912 4918 in
944 4871 1211 4935 potestate
1230 4871 1282 4918 et
1303 4863 1512 4931 ordine,
1539 4863 1678 4920 sicut
1693 4862 1884 4929 nostis,

289 4949 469 5006 differt
499 4952 633 5008 alter
661 4953 728 5007 ab
758 4952 948 5008 altero.
997 4953 1053 5007 Si
1098 4969 1232 5023 ergo
1277 4952 1415 5006 inter
1460 4953 1589 5020 hos,
1637 4951 1728 5022 qui
1772 4952 1888 5006 sine

290 5048 514 5112 peccato
545 5049 685 5106 sunt,
719 5042 822 5096 ista
853 5049 1064 5097 constat
1094 5058 1217 5096 esse
1249 5040 1538 5106 distinctio,
1574 5040 1694 5111 quis
1724 5039 1892 5094 homi-

291 5146 426 5184 num
455 5129 656 5184 abnuat
687 5131 812 5184 huic
843 5147 902 5185 se
931 5129 1165 5185 libenter
1191 5129 1532 5200 dispositioni
1554 5128 1887 5194 submittere,

293 5218 384 5273 cui
409 5218 556 5273 novit
585 5218 749 5273 etiam
777 5219 1005 5292 angelos
1033 5218 1254 5274 obedire
1279 5222 1302 5273 ?
1331 5218 1468 5274 Hinc
1486 5217 1680 5272 etenim
1703 5232 1806 5286 pax
1841 5223 1894 5271 et

291 5307 529 5361 charitas
558 5313 744 5361 mutua
772 5324 831 5362 se
865 5307 982 5363 vice
1012 5305 1407 5376 complectitur,
1444 5313 1496 5360 et
1526 5311 1710 5359 manet
1738 5303 1895 5359 ﬁrma

292 5395 602 5451 concordiae
630 5395 684 5449 in
715 5395 927 5450 alterna
958 5404 1012 5450 et
1042 5396 1156 5450 Deo
1195 5394 1391 5464 placita
1440 5392 1728 5448 dilectione
1776 5391 1893 5446 sin-

295 5483 516 5539 ceritas.
567 5483 702 5553 Quia
758 5484 922 5555 igitur
967 5483 1392 5555 unumquodque
1440 5490 1567 5538 tunc
1612 5480 1896 5536 salubriter

297 5573 604 5644 completur
632 5572 883 5640 oﬁ‘icium,
917 5589 1040 5629 cum
1070 5573 1228 5628 fuerit
1256 5589 1397 5626 unus
1430 5571 1501 5627 ad
1535 5587 1695 5642 quem
1723 5569 1897 5640 possit

625 5690 844 5743 PATROL
857 5731 870 5744 .
911 5688 1160 5743 CXXVI.

1993 4599 2274 4657 deﬁniunt.
2309 4601 2604 4655 Hortamur
2631 4605 2894 4669 praeterea
2942 4604 3000 4650 ut
3043 4595 3111 4650 de
3158 4592 3334 4650 ofﬁcio
3385 4607 3484 4647 suo
3532 4589 3602 4646 sit

1996 4691 2229 4762 quisque
2259 4698 2502 4746 vestrum
2533 4687 2814 4754 sollicitus,
2869 4694 2922 4740 et
2970 4685 3061 4756 qui
3099 4682 3422 4755 promissam
3452 4679 3602 4751 cupit

1987 4779 2176 4852 patriae
2230 4777 2545 4834 mercedem
2590 4773 2858 4848 partionis
2903 4772 3150 4843 accipere
3175 4813 3187 4837 ,
3236 4768 3588 4826 commissum

1990 4867 2093 4923 sibi
2121 4883 2353 4940 gregem
2383 4864 2746 4921 sollicitudine
2797 4869 2850 4917 et
2892 4860 3139 4916 oratione
3184 4857 3484 4941 custodiat,
3521 4872 3592 4912 ne

1989 4955 2148 5026 lupus
2177 4954 2442 5010 insidians
2471 4968 2605 5008 oves
2633 4950 2870 5007 creditas
2899 4946 3208 5004 invadendo
3249 4945 3493 5011 dilaniat,
3539 4951 3594 5000 et

1991 5044 2060 5098 sit
2085 5044 2142 5098 in
2173 5042 2530 5099 retributione
2552 5055 2716 5112 paena
2737 5053 2838 5109 pro
2858 5051 3102 5091 munere.
3129 5033 3392 5105 Optamus
3407 5033 3594 5111 igitur,

1991 5131 2193 5187 fratres
2222 5128 2552 5194 charissimi,
2589 5135 2642 5183 et
2671 5125 2796 5180 totis
2836 5124 3264 5194 omnipotentem
3304 5121 3599 5177 Dominum

1992 5220 2252 5293 precibus
2311 5233 2599 5274 exoramus
2621 5258 2634 5281 ,
2694 5222 2753 5270 ut
2797 5212 3142 5268 dilectionem
3188 5219 3423 5271 vestram
3471 5208 3600 5266 boni

1995 5309 2197 5364 amoris
2246 5307 2331 5362 sui
2376 5303 2678 5362 constantia
2724 5300 2884 5358 faciat
2929 5300 3108 5372 magis
3153 5299 3454 5373 magisque.
3488 5297 3598 5354 fer-

1994 5411 2237 5461 vescere,
2271 5402 2430 5466 atque
2459 5393 2514 5448 in
2542 5408 2675 5464 pace
2701 5389 2962 5447 Ecclesiae
2992 5397 3046 5444 et
3072 5403 3182 5445 una
3211 5403 3311 5445 vos
3335 5385 3597 5443 concedat

1995 5499 2217 5542 manere
2246 5481 2557 5539 concordia.
2605 5479 2920 5535 Nuntiatum
2967 5493 3100 5534 vero
3145 5472 3303 5533 nebis
3346 5481 3429 5530 est
3469 5471 3599 5544 quia

1995 5591 2094 5646 per
2124 5571 2476 5628 simoniacam
2502 5569 2758 5626 haeresim
2787 5567 2858 5623 ad
2887 5581 3078 5624 sacros
3111 5565 3334 5622 ordines
3381 5560 3600 5634 quidam

3218 5675 3290 5731 25
