4160 6334
599 251 700 312 779

1836 242 2133 298 JOANNIS
2189 240 2384 330 PAI’E
2435 242 2570 298 Vlll.

3786 243 3888 302 750

595 353 956 444 adducuntur,
989 378 1044 426 et
1072 371 1175 425 hoc
1207 377 1396 424 sancto
1415 367 1568 423 fratri
1587 375 1640 422 et
1659 365 1985 438 coepiscOpo
2005 371 2192 420 nostro
2219 364 2275 428 A
2296 365 2453 420 nobis
2483 380 2754 440 congruas
2783 365 3208 424 mansionaticas
3235 373 3552 440 praeparate,
3602 365 3660 419 id
3705 372 3787 418 est
3835 364 3888 419 in

597 462 875 534 Rostagno
931 475 1031 530 per
1086 459 1270 515 omnia
1321 455 1722 529 prohibendum
1773 453 2190 518 mandavimus;

597 550 742 624 quod
773 557 830 604 ut
871 547 1184 603 fraternitas
1230 553 1411 601 vestra
1458 551 1757 620 cognoscat
1803 550 1852 599 et
1901 541 2191 606 custodiat,

597 638 716 708 ipsa
744 637 902 692 vobis
933 635 1272 707 est-epistola
1303 634 1617 708 relegenda.
1649 635 1785 688 Data
1811 635 1878 688 ut
1908 648 2100 704 supra.

1291 776 1506 831 CXXV.

1088 881 1161 922 AD
1197 881 1263 922 CA
1270 881 1452 921 κοιωί
1491 879 1678 920 REGEI
1687 905 1698 918 .

1205 956 1385 1024 (Anno
1441 954 1592 1023 878.)

608 1049 858 1102 Excusat
885 1060 944 1100 se
971 1045 1113 1116 quod
1129 1044 1209 1099 ad
1237 1059 1367 1099 eum
1399 1044 1657 1116 legatum
1673 1057 1790 1097 non
1816 1041 2062 1116 miserit,
2083 1040 2194 1116 in-

673 1117 924 1172 terclusa
949 1111 1058 1171 sibi
1083 1116 1174 1170 via
1201 1131 1238 1170 a
1266 1111 1557 1170 Lamberto
1604 1114 1832 1184 ejusque
1878 1111 2197 1183 fautoribus

673 1187 770 1259 qui
798 1185 992 1242 urbem
1021 1187 1252 1242 Romam
1284 1184 1549 1240 tenebant
1576 1183 1873 1240 obsessam.

671 1273 894 1329 σηοω
921 1273 1160 1346 glorioso
1189 1273 1307 1344 regi
1337 1271 1535 1328 dilecto
1564 1271 1694 1327 filio.

669 1362 842 1436 Igitur
869 1363 1060 1436 gloriae
1101 1369 1296 1418 vestra:
1338 1361 1638 1417 litterarum
1684 1360 1827 1416 serie
1877 1366 2100 1431 recepta
2141 1365 2197 1414 et

599 1451 760 1524 lecta,
787 1459 851 1506 'ut
879 1451 959 1507 de'
979 1466 1134 1506 more
1161 1459 1590 1530 antecessorum’
1616 1465 1808 1522 regum
1846 1447 2102 1505 videlicet
2142 1455 2197 1504 et

598 1537 1001 1610 imperatorum,
1035 1540 1450 1611 vestrorumque
1471 1537 1730 1596 duntaxat
1748 1544 2034 1608 parentum
2062 1550 2198 1610 erga

597 1627 896 1686 Romanam
951 1624 1257 1684 Ecclesium
1276 1669 1291 1695 ,
1350 1628 1504 1695 cujus
1563 1626 1646 1682 lac
1697 1633 1936 1682 vestram
1983 1625 2195 1696 prolem

2297 453 2419 513 villa
2446 454 2763 520 Marmania,
2799 454 2854 509 in
2881 469 3026 526 pago
3057 454 3301 510 Alliensi.
3334 455 3471 510 Data
3501 457 3568 509 ut
3603 470 3795 527 supra.

2951 579 3222 636 CXXVII.

2719 683 2794 722 AD
2839 683 3028 725 OKNES
3077 681 3459 725 οΗιιιετιΑΝοε.

2908 757 3090 828 (Anno
3127 757 3278 827 878.)

2297 846 2770 930 Expommunicat
2789 861 2879 930 eos
2899 847 3122 930 qui
3139 862 3304 930 equos
3336 851 3394 930 et
3421 849 3756 930 argenteum
3782 861 3892 930 pas

2365 917 2550 987 furati
2569 919 2825 987 fuerant,
2851 917 2968 972 nisi
2995 917 3156 972 intra
3182 917 3300 973 tres
3333 917 3453 975 dies
3479 917 3817 973 restituant.

2366 1003 2632 1060 Omnibus
2660 1003 2953 1077 episcopis,
2985 1005 3293 1072 comitibus,
3344 1013 3399 1060 et
3445 1012 3640 1062 cuncto
3687 1004 3894 1076 populo

2295 1091 2622 1148 Christiano.

2363 1182 2564 1237 Notum
2595 1181 2663 1236 sit
2690 1181 2817 1254 quia
2847 1183 2976 1242 dum
3003 1198 3105 1254 pro
3133 1198 3271 1255 pace
3287 1190 3340 1238 et
3359 1183 3561 1239 unitate
3583 1191 3896 1239 sanctarum

2294 1270 2394 1326 Dei
2423 1271 2799 1328 Ecclesiarum
2827 1271 2884 1326 in
2911 1271 3118 1327 Gallias
3146 1272 3506 1344 venissemus,
3551 1272 3700 1344 apud
3725 1271 3895 1328 Cabi-

2294 1358 2480 1414 lonum
2507 1359 2798 1430 civitatem,
2833 1360 2903 1416 ad
2947 1361 3200 1431 injuriam
3246 1369 3560 1418 sanctorum
3603 1360 3892 1434 apostolo-

2295 1465 2416 1502 rum
2445 1449 2591 1506 Petri
2621 1457 2674 1505 et
2717 1449 2871 1504 Pauli
2919 1458 2972 1506 et
3009 1457 3274 1518 nostram,
3321 1449 3550 1506 multam
3595 1449 3894 1506 inhonora-

2293 1536 2496 1617 tionem
2523 1537 2894 1594 sustinuimus.
2928 1539 3076 1594 Inter
3104 1555 3226 1610 qua:
3254 1539 3382 1612 equi
3407 1539 3582 1594 nostri
3625 1547 3892 1596 nocturno

2296 1625 2530 1692 silentio,
2562 1625 2764 1682 nostris
2791 1626 3101 1683 hominibus
3147 1643 3366 1686 secure.
3389 1627 3813 1700 quiescentibus,
3859 1643 3897 1684 a

595 1716 857 1772 hactenus
885 1715 1218 1784 educaverit,
1249 1715 1305 1770 in
1325 1713 1533 1771 cunctis
1555 1713 1740 1770 omnia
1757 1731 1857 1772 vos
1877 1713 2193 1770 desiderare
2221 1719 2276 1782 Β
2297 1714 2611 1771 concivibus
2629 1715 2900 1788 pradictae
2921 1714 3152 1771 civitatis
3172 1715 3725 1773 latrocinanterfurati
3741 1724 3889 1772 sunt.

595 1811 650 1860 et
676 1803 894 1876 as‘Sequi
923 1803 1195 1870 novimus,
1226 1810 1451 1875 paterno
1481 1802 1678 1860 affectu
1707 1803 1912 1875 gratias
1957 1801 2190 1876 agimus,
2229 1797 2236 1805 ’

597 1901 651 1948 et
681 1893 914 1966 qualiter
943 1891 1234 1964 scripsistis
1263 1892 1372 1950 imo
1403 1899 1668 1948 tenemus.
1721 1891 1990 1948 Caeterum
2018 1891 2194 1961 ponti-

600 1971 784 2039 ficium
831 1988 1080 2038 nostrum
1126 1989 1302 2037 vestra
1345 1981 1688 2053 percunctari
1728 1980 1944 2036 dilectio
1993 1979 2196 2036 studuit

598 2084 700 2128 cur
729 2069 886 2126 vobis
916 2085 1027 2126 non
1055 2064 1303 2126 misimus
1332 2069 1404 2126 ob
1439 2069 1569 2142 quid
1612 2068 1786 2124 taliter
1831 2068 2192 2126 venissemus.

598 2159 668 2215 Et
688 2150 854 2215 'vobis
881 2155 936 2214 et
961 2157 1214 2214 fratribus
1241 2157 1436 2215 vestris
1466 2157 1720 2231 gloriosis
1747 2156 1988 2230 regibus,
2034 2164 2193 2212 ante-

599 2263 762 2319 quam
807 2263 874 2302 ex
923 2247 1072 2304 Urbe
1118 2247 1389 2304 exiremus
1411 2290 1425 2314 ,
1480 2247 1690 2304 mittere
1741 2245 2008 2302 voluimus
2031 2287 2046 2313 ,
2096 2245 2195 2302 sed

596 2335 954 2392 ofﬁcientibus
999 2335 1289 2394 Lamberto
1346 2343 1401 2393 et
1446 2335 1742 2392 Adelberto
1790 2333 2192 2418 fautoribusque

593 2440 781 2482 eorum
827 2425 1316 2494 anathematizatis,
1375 2424 1587 2480 mittere
1651 2423 2011 2496 nequivimus.
2075 2423 2195 2479 Nec

593 2513 791 2570 mirum
819 2513 872 2569 si-
895 2513 998 2584 ipsi
1026 2513 1184 2570 nobis
1211 2513 1358 2569 viam
1387 2511 1722 2580 sustulerint,
1772 2527 1898 2569 cum
1943 2519 1996 2568 et
2022 2511 2196 2583 ipsius

593 2601 740 2660 beati
786 2601 933 2660 Petri
977 2601 1347 2674 apostolorum
1391 2599 1656 2672 principis
1709 2599 2044 2667 Ecclesiam,
2093 2615 2192 2656 ve-

596 2678 764 2748 stram
792 2691 1035 2762 denique
1058 2693 1308 2760 matrem,
1341 2698 1394 2747 et
1421 2690 1665 2746 omnium
1691 2689 1792 2746 Dei
1823 2689 2193 2746 Ecclesiarum

593 2772 868 2846 tutricem,
899 2777 1064 2834 armis
1097 2778 1318 2852 triginta
1345 2776 1539 2834 diebus
1571 2777 1958 2834 circumdatam
2005 2785 2193 2833 tenere

595 2881 705 2924 non
736 2856 1194 2932 'formidaverint;
1253 2867 1330 2923 ita
1379 2874 1438 2921 ut
1485 2881 1588 2923 nec
1633 2866 1707 2921 ibi
1749 2865 1986 2938 aliquam
2032 2865 2192 2944 alicui

590 2946 873 3014 lucernam
902 2954 1224 3023 illuminare,
1255 2970 1360 3012 nec
1385 2954 1582 3012 laudes
1609 2955 1725 3010 Deo
1763 2953 2018 3012 conferre
2062 2955 2193 3012 lice-

588 3033 674 3101 re}
697 3087 712 3110 ,
760 3051 963 3116 praeter
1007 3051 1299 3117 postquam
1345 3043 1538 3100 urbem
1585 3043 1888 3111 exivimus;
1938 3042 2192 3100 fratribus
2219 3079 2269 3142 Ο

591 3133 784 3190 vestris
803 3132 1068 3207 gloriosis
1095 3133 1320 3207 regibus
1349 3133 1565 3190 mittere
1591 3132 1913 3207 satagimus,
1949 3139 2008 3190 ut
2033 3131 2189 3189 vobis

589 3213 756 3293 super
781 3221 980 3278 talibus
1008 3221 1382 3278 intimaremus
1415 3237 1429 3278 :
1461 3221 1560 3278 sed
1589 3237 1713 3278 cum
1733 3238 1834 3277 vos
1847 3221 2026 3294 magis
2038 3221 2190 3290 juxta

590 3309 861 3377 audimus,
894 3309 968 3366 ita
995 3310 1208 3366 mittere
1236 3310 1615 3384 cogitavimus.
1657 3309 1776 3378 Quo
1804 3310 1927 3366 loco
1956 3310 2027 3366 ab
2055 3309 2190 3380 ipsis

596 3397 936 3470 signiﬁcatur
991 3415 1093 3470 pro
1147 3399 1298 3470 pacis
1344 3407 1396 3454 et
1441 3397 1665 3454 unitatis
1709 3397 2190 3470 tranquilitatisque

585 3485 834 3560 omnium
861 3487 962 3543 Dei
990 3487 1365 3544 Ecolesiarum
1399 3487 1661 3560 negotio;
1692 3487 1870 3558 primo
1916 3487 2186 3556 venimus,

586 3554 700 3647 (ιιίο
727 3591 827 3631 vos
855 3583 1087 3647 quatuor
1116 3591 1275 3648 reges
1305 3554 1902 3649 unumlegitjminnque
1922 3575 2081 3642 ‘velle,
2101 3554 2190 3630 an-

596 3671 796 3742 nuente
822 3663 957 3732 Deo,
994 3659 1344 3720 nihilominus
1373 3663 1651 3731 faciamus,
1682 3671 1740 3718 ut
1766 3663 2054 3720 Psalmista
2089 3679 2188 3720 ce-

597 3745 731 3807 cinit
753 3769 769 3806 :
789 3744 930 3810 Ecce
947 3769 1115 3825 quam
1133 3753 1416 3809 bonum-et
1425 3769 1594 3825 quam
1599 3753 1926 3825 jucundum
1945 3757 2030 3809 est
2042 3753 2190 3809 habi-

601 3842 725 3912 tare
743 3841 954 3910 fratres
975 3842 1040 3896 in
1053 3857 1256 3908 unum,
1294 3848 1348 3896 et
1369 3840 1578 3912 reliqua
1609 3841 1785 3912 (Psal.
1809 3844 2055 3908 cxxxn).
2089 3842 2190 3898 De-

593 3927 720 3984 hinc
748 3926 997 3984 volumus
1016 3936 1074 3984 ut
1093 3929 1165 3984 ita
1184 3927 1436 3985 Conventi
1455 3938 1668 3986 nostras
1688 3929 2073 4002 oppressiones
2093 3945 2191 3986 au-

595 4015 718 4072 dire
745 4013 1162 4089 compatiamini.
1195 4013 1556 4090 Quapropter,
1589 4017 1665 4074 fili
1697 4019 2038 4085 charissime,
2061 4033 2192 4091 quo-

595 4104 742 4162 niam
770 4113 823 4164 te
853 4106 1012 4164 valde
1037 4105 1210 4164 illuxit
1239 4106 1417 4179 (deest
1445 4109 1705 4182 aliquid).
1731 4109 1872 4166 Data
1907 4111 1975 4166 ut
1993 4125 2185 4180 supra.

1269 4251 1513 4332 CXXVL

858 4363 932 4406 AD
969 4361 1126 4406 [SAAC
1163 4363 1470 4408 EPISCOPUU
1507 4362 1923 4406 LINGONENSBM.

933 4413 987 4429 ”
1067 4419 1114 4482 .’
1212 4437 1571 4507 (Ann0878.)
1695 4421 1700 4428 ’

2297 1801 2642 1874 Quapropter
2677 1820 2797 1873 nos,
2849 1803 2940 1876 qui
2987 1805 3282 1861 secundum
3327 1804 3561 1861 ofﬁcium
3605 1803 3894 1861 ministerii

2293 1891 2465 1948 nostri
2495 1891 2814 1962 pullulantia
2842 1892 2973 1949 vitia
3000 1892 3186 1968 gladio
3219 1892 3446 1965 spiritali
3492 1909 3744 1950 resecare
3771 1908 3892 1950 ma-

2295 1985 2414 2035 ture
2444 1980 2728 2046 debemus,
2759 1982 2864 2038 hoc
2889 1981 3088 2037 malum
3120 1981 3330 2038 coelesti
3365 1997 3623 2038 mucrone
3650 1982 3892 2056 percuti-

2293 2085 2413 2124 mus
2437 2087 2451 2134 ;
2483 2067 2555 2124 ita
2583 2075 2641 2125 ut
2668 2069 2774 2124 nisi
2799 2069 3044 2142 praedicti
3073 2070 3219 2144 equi,
3249 2079 3304 2128 et
3330 2070 3438 2126 alia
3482 2071 3640 2138 furta,
3684 2071 3896 2127 nostris

2293 2157 2602 2213 hominibus
2631 2159 2771 2214 intra
2799 2159 3013 2214 tertium
3043 2159 3191 2219 diem
3222 2159 3437 2215 reddita
3477 2158 3694 2224 fuerint,
3739 2176 3889 2231 prae-

2293 2245 2468 2302 dictos
2515 2246 2683 2314 fures,
2735 2263 2860 2304 cum
2905 2247 3156 2304 omnibus
3201 2248 3584 2306 consentaneis
3628 2247 3770 2318 suis,
3821 2263 3890 2304 eo

2293 2335 2439 2406 quod
2468 2334 2772 2392 latronibus
2799 2336 3034 2392 latebras
3072 2336 3368 2408 praebeant,
3419 2346 3474 2394 et
3519 2335 3889 2393 excommuni-

2291 2423 2533 2480 cabimus
2589 2432 2643 2480 et
2705 2425 3029 2482 anathemati
3094 2425 3492 2482 submittemus.
3560 2427 3706 2482 Inter
3769 2427 3892 2482 hac

2291 2512 2644 2570 Aduvardum
2673 2514 3071 2585 presbyterum,
3123 2515 3216 2587 qui
3259 2515 3418 2571 nobis
3465 2514 3521 2572 in
3554 2514 3888 2572 monasterio

2291 2600 2598 2658 Flaviniaco
2627 2602 2970 2669 ministravit,
3001 2603 3154 2674 cujus
3182 2604 3432 2660 homines
3478 2603 3764 2663 scutellam
3797 2618 3887 2660 ar-

2290 2697 2544 2764 genteam
2573 2691 2741 2747 sancti
2771 2691 2937 2760 Petri,
2970 2693 3157 2750 nescio
3185 2701 3363 2749 utrum
3399 2709 3674 2750 consensu
3717 2692 3884 2759 illius,

2290 2793 2363 2833 an
2390 2795 2518 2847 non,
2546 2779 2709 2836 furati
2737 2789 2881 2847 sunt,
2926 2797 3028 2852 pro
3071 2781 3361 2856 sacrilegio
3401 2781 3532 2838 furti
3576 2797 3888 2840 excommu-

2256 2867 2556 2938 .nicamus,
2588 2877 2642 2924 et
2667 2869 2788 2941 pari
2816 2869 3082 2926 sententia
3110 2879 3170 2926 ut
3195 2887 3376 2944 supra,
3413 2871 3520 2928 nisi
3547 2886 3671 2930 eam
3701 2870 3883 2930 reddi-

2291 2955 2488 3024 derint,
2521 2957 2966 3032 constringimus.
3000 2960 3135 3016 Data
3160 2963 3227 3016 ut
3254 2977 3448 3033 supra.

2939 3100 3233 3156 CXXVIII.

2428 3201 2501 3241 AD
2539 3201 2839 3244 EPISCOPOS
2867 3203 3299 3244 SUPPRAGANEOS
3327 3204 3740 3246 ARCHIEPISCOPI

2888 3273 3284 3316 ARELATENSIS.
3593 3269 3600 3274 ’

2887 3348 3070 3418 (Anno
3130 3350 3280 3421 878.)

2286 3434 2461 3510 Jubet_
2480 3439 2547 3490 ut
2570 3451 2710 3510 cum
2757 3437 3172 3510 arcihiepiscOpo
3216 3453 3349 3510 suo,
3379 3439 3552 3494 simul
3585 3455 3652 3495 ac
3697 3439 3883 3496 vocati

2426 3507 2668 3575 fuerint,
2706 3507 2780 3562 ad
2827 3507 3151 3564 Trecensein
3179 3509 3452 3581 synodum
3479 3511 3736 3566 veniant.

2357 3610 2624 3667 Omnibus
2653 3613 3054 3670 venerabilibus
3083 3615 3355 3687 episcopis
3402 3614 3762 3690 suﬁ'raganeis
3797 3631 3882 3672 co-

2288 3699 2530 3771 episcopi
2559 3708 2614 3756 et
2637 3701 2924 3757 confratris
2952 3703 3125 3759 nostri
3154 3703 3419 3778 Rostagni
3448 3704 3800 3760 Arelatensis.

2357 3789 2558 3844 Notum
2586 3788 2655 3845 sit
2684 3791 2926 3846 omnium
2956 3791 3224 3849 sanctitati
3250 3791 3396 3866 quia,
3429 3794 3663 3850 Domino
3710 3794 3884 3866 opitu-

2285 3876 2446 3940 lante,
2495 3868 2965 3949 pernecessariam
3011 3881 3324 3938 universam
3371 3882 3640 3954 synodum
3692 3898 3884 3938 sumus

2288 3967 2656 4024 celebraturi:
2689 3969 2759 4024 ad
2805 3986 2985 4042 quam,
3031 3987 3156 4027 mox
3205 3981 3263 4027 ut
3309 3979 3420 4028 vos'
3450 3972 3742 4044 prmdictus
3791 3988 3883 4029 ar-

2289 4055 2666 4132 chiepiscopus
2705 4066 2890 4115 vester
2928 4061 3260 4132 apostolatus
3303 4061 3707 4118 nostri.litteris
3748 4078 3884 4118 con-

2289 4145 2600 4212 vocaverit,
2660 4147 2808 4204 omni
2853 4149 3156 4220 postposita
3200 4149 3514 4216 occasione,
3555 4151 3884 4209 obedientia

2288 4231 2468 4290 vicino
2493 4250 2686 4308 gressu
2715 4251 3004 4314 occurrere
3033 4238 3293 4312 satagatis
3325 4256 3338 4293 :
3373 4239 3627 4312 quoniam
3655 4240 3795 4298 sicut
3824 4240 3883 4296 in

2289 4323 2560 4379 communi
2607 4333 2876 4381 conventu
2899 4369 2913 4390 ,
2961 4327 3133 4400 gratia
3172 4325 3370 4384 Christi
3412 4328 3582 4398 duce,
3633 4329 3882 4406 paternis

2213 4443 2266 4504 D
2289 4411 2602 4482 parentibus
2623 4414 2794 4482 jussis
2823 4415 2927 4470 erit
2955 4415 3229 4487 exultatio,
3273 4417 3363 4488 ita,
3411 4417 3555 4490 quod
3585 4434 3694 4475 non
3724 4426 3880 4492 opta-

606 4487 1006 4604 ωτησαέζᾳᾷ
1025 4487 1604 4604 ξυηοᾴδξξξεὶιέάξέε
1625 4525 1952 4604 ρᾳὸξιοηηηι
1971 4525 2188 4598 aliquos
2213 4487 2265 4504 ³³
2287 4515 2428 4604 mus,
2463 4501 2900 4604 subtrahentibus
2931 4520 3000 4604 se.
3019 4505 3091 4560 ab
3112 4507 3240 4604 hoc.
3269 4519 3472 4604 magno
3513 4505 3748 4580 collegio
3797 4515 3884 4562 est

846 4595 1170 4670 mittat'qui
1191 4595 1519 4668 pontiﬁcem
1552 4610 1613 4651 eo
1641 4595 1939 4650 deducant.

663 4709 1124 4774 Reuerentissimo
1155 4710 1316 4768 Isaac
1345 4708 1639 4766 venerabili
1685 4708 1941 4780 episcopo
1989 4709 2186 4785 Lingo—

591 4799 768 4855 nensi.
1502 4823 1507 4828 -
2175 4807 2179 4812 ’

621 4926 627 4933 -
660 4889 820 4965 Quod
848 4895 1116 4954 sanctitati
1143 4903 1249 4952 tua
1278 4903 1462 4950 notum
1510 4910 1634 4952 esse
1673 4909 1781 4950 non
1829 4894 2180 4969 ambigimus,

584 4999 687 5055 pro
715 4993 1028 5042 sanctarum
1055 4983 1410 5043 ecclesiarum
1431 4990 1570 5051 statu
1589 4983 1660 5038 ad
1681 4983 1976 5040 Galliarum
1997 4993 2181 5056 partes

581 5073 921 5130 devenimus.
975 5072 1345 5144 QuaprOpter,
1391 5072 1622 5128 Domino
1671 5063 1981 5139 auxiliante,
2033 5073 2180 5145 apud

578 5161 776 5216 Trecas
807 5161 1076 5232 synodum
1104 5175 1291 5216 sumus
1322 5161 1671 5229 celebraturi,
1691 5163 1764 5218 ad
1793 5178 1959 5234 quam
1989 5161 2183 5218 sancti-

574 5247 744 5305 tatem
775 5256 916 5304 tuam
964 5248 1213 5307 volumus
1233 5281 1238 5286 -
1258 5249 1478 5306 omnino
1528 5251 1738 5307 adesse.
1791 5251 1948 5307 Prius
1992 5258 2176 5307 tamen

567 5337 953 5413 venerabilitas
992 5345 1080 5395 tua
1117 5339 1275 5396 nobis
1328 5339 1526 5394 missos
1571 5339 1892 5396 Cabilonum
1936 5338 2176 5413 dirigere

504 5417 516 5430 ’
567 5411 820 5502 studeat,
881 5426 974 5499 qui
1021 5427 1124 5485 iter
1167 5437 1416 5486 nostrum
1463 5436 1616 5484 recto
1660 5428 1873 5486 tramite
1920 5429 1988 5484 ad
2031 5411 2175 5500 prie-

2286 4589 2642 4647 subsecutura
2671 4591 2938 4648 confusio.
2971 4595 3130 4665 Apud
3158 4593 3350 4650 urbem
3389 4593 3791 4670 Lingonensem
3821 4611 3880 4650 tv

2283 4679 2426 4734 Non.
2480 4678 2686 4736 Junias.
2748 4682 3028 4739 Similiter
3083 4685 3411 4741 Otteramno
3463 4685 3878 4758 archiepiscopo

2290 4767 2627 4836 Viennensi,
2676 4769 2980 4828 Aureliano
3026 4773 3437 4846 archiepiscopo
3474 4774 3836 4846 Lugdunensi
3857 4817 3872 4840 ,

2281 4857 2536 4912 Rotberto
2557 4857 2969 4931 archiepiscopo
3006 4861 3270 4932 Aquensi,
3309 4863 3627 4919 Teutranno
3657 4863 3874 4922 archie-

2279 4945 2501 5018 piscOpo
2529 4943 2988 5012 Tarantasiensi,’
3023 4949 3270 5021 Sigibodo
3291 4951 3702 5023 archiepiscopo
3728 4951 3871 5006 Nar-

2279 5032 2529 5098 bonensi,
2559 5035 2810 5092 Ariberto
2831 5038 3246 5120 archiepiscopo
3266 5039 3666 5096 Ebredunensi.

2949 5166 3198 5224 CXXIX.

2449 5265 2522 5308 ΑΙ)
2561 5267 2914 5332 ωνιςιιεμιυυ
2951 5270 3156 5313 εευιυκ
3205 5271 3692 5315 ΔΙΟΗΙΕΡΙΒΟΟΡΟΒ.

2887 5346 3068 5416 (Anno
3112 5347 3258 5416 878.)

2342 5428 2638 5486 Hmcuaao
2665 5431 3079 5504 archiepiscopo
3108 5434 3421 5503 Rhemensi,
3468 5437 3750 5494 ANSEGISO
3789 5451 3870 5494 ar-

558 5515 769 5590 cictum
813 5515 1052 5589 dirigant
1097 5517 1311 5580 locum:
1345 5526 1398 5577 et
1426 5534 1526 5588 per
1573 5517 1888 5588 parochiam
1929 5525 2168 5585 vestram
2268 5517 2616 5588 chiepiscopo
2648 5519 2970 5586 Schonensi.
3003 5522 3283 5582 Faornto
3328 5524 3743 5596 archiepiscopo
3773 5524 3863 5582 Bia
