4160 6316
311 237 406 303 781

1514 246 1871 303 EPISTULA”.
1923 248 2013 303 ET
2069 250 2415 311 DECRETA.

3440 253 3449 261 “
3494 274 3623 355 παι⁵

308 366 592 435 turicensi,
611 370 821 424 JOANNI
849 370 1262 443 archiepiscopo
1291 370 1739 444 Bothomagensi,
1763 370 1911 425 AnE-
1936 373 1989 430 A
2009 372 2125 441 jam
2178 375 2270 431 diu
2328 380 2599 450 suspensi,
2659 398 2944 440 monemus
2996 387 3330 453 fraternitam
3372 398 3521 453 tuam.
3544 403 3605 457 ut

307 469 490 511 uano
521 457 932 530 archiepiscOpo
961 460 1285 526 Turonensi,
1319 476 1353 515 a
1377 459 1617 531 paribus.

379 544 657 601 Canonica
698 545 939 602 instituta
987 557 1289 615 servantes,
1340 556 1557 619 oportet
1596 563 1717 617 nos,
1764 561 1906 618 quo-

305 633 631 705 tiescunque
657 634 919 693 Ecclesiae
947 635 1199 708 ingerunt
1228 637 1536 708 passiones,
1560 636 1908 692 sacerdotum

305 722 541 795 collegia
570 738 896 796 aggregare,
928 733 985 780 ut
1009 725 1095 780 his
1124 725 1285 780 simul
1313 724 1779 790 convenientibus,
1814 739 1905 778 sa-

306 810 464 866 lubre
495 810 766 867 universae
792 812 1055 868 Ecclesiae
1101 814 1411 879 consilium,
1461 820 1514 868 et
1549 812 1713 868 totius
1743 811 1904 867 Chri-

310 898 595 954 stianitatis
620 897 785 955 fidem
817 900 996 956 eidem
1037 901 1338 973 imponant,
1371 909 1425 957 et
1452 901 1761 972 aequitatum
1788 915 1907 954 mo-

307 986 587 1042 deramina
615 996 819 1059 queant
843 1005 1089 1062 congrue
1114 989 1366 1044 dilaniari
1405 989 1503 1062 [aL
1533 988 1905 1049 moderamine

310 1091 364 1145 q.
414 1092 463 1131 c.
506 1075 756 1144 dilimari,
797 1078 855 1133 id
902 1082 987 1133 est
1033 1077 1368 1150 examinari].
1422 1077 1635 1134 Idcirco
1670 1084 1904 1133 vestram

308 1165 588 1219 hortamur
630 1164 995 1233 sanctitatem,
1060 1166 1191 1221 dum
1245 1167 1314 1220 de
1370 1165 1630 1222 Ludovici
1676 1165 1904 1237 gloriosi

308 1252 452 1323 regis
483 1253 720 1308 adventu
750 1252 1053 1321 audieritis,
1066 1255 1292 1326 quando
1313 1255 1383 1310 ad
1398 1270 1500 1310 nos
1528 1253 1715 1310 venire
1746 1269 1906 1310 cona-

305 1340 463 1407 verit,
490 1340 547 1395 in
577 1357 641 1397 eo
671 1340 791 1397 loco
822 1342 1151 1397 celebraturi
1186 1343 1475 1399 concilium
1507 1342 1713 1398 incerte
1746 1350 1902 1397 tene-

308 1445 449 1495 mus,
484 1429 582 1484 sed
612 1445 709 1485 vos
735 1429 1017 1486 audientes
1041 1431 1407 1502 comperietis,
1431 1446 1558 1486 mox
1577 1438 1636 1485 ut
1661 1446 1904 1501 praesen-

313 1525 394 1572 tes
440 1518 787 1588 susceperitis
832 1527 1050 1575 nostras
1099 1519 1426 1590 apostolicas
1472 1519 1707 1589 litteras,
1755 1518 1904 1573 omni

311 1623 461 1661 mora
489 1606 744 1678 seposita,
776 1608 846 1662 ad
875 1624 977 1663 nos
1008 1608 1194 1663 venire
1224 1624 1335 1663 non
1363 1606 1644 1663 differatis.
1678 1608 1757 1662 Ita
1784 1622 1905 1678 pro-

309 1694 454 1750 fecto
510 1695 579 1750 de
623 1702 818 1750 vestrae
882 1695 1250 1751 unanimitatis
1307 1703 1360 1751 et
1412 1695 1562 1767 pacis
1616 1694 1904 1752 concordia

309 1783 508 1839 mentis
530 1783 841 1854 jucunditas
878 1783 1098 1840 uberius
1138 1783 1543 1855 multiplicetur,
1574 1792 1634 1840 ut
1664 1799 1906 1840 conven-

309 1879 397 1927 tus
426 1872 823 1942 universorum,
853 1881 905 1929 ct
923 1882 1118 1929 vestra:
1138 1873 1443 1929 devotionis
1464 1889 1782 1941 conversus,
1807 1888 1909 1929 nec

310 1960 489 2018 solum
515 1960 586 2016 ad
617 1960 856 2017 favorem
887 1962 1187 2030 hominum,
1213 1962 1312 2017 sed
1331 1961 1580 2018 ecclesiis
1603 1962 1671 2016 ad
1690 1953 1908 2018 laudem

305 2049 647 2122 potissimum
675 2049 926 2121 proficiat
956 2051 1245 2108 Creatoris.
1295 2051 1563 2121 Optamus
1592 2049 1907 2106 fraternita-

309 2146 419 2196 tem
449 2124 687 2194 vestram
736 2139 793 2194 in
839 2140 1050 2196 Christo
1098 2141 1239 2197 bene
1284 2138 1484 2196 valere.
1529 2139 1668 2194 Data
1694 2154 1750 2193 IV
1779 2138 1909 2194 Idus

306 2226 512 2293 Iunias,
546 2226 657 2283 ind.
689 2242 767 2283 X1.

990 2318 1216 2374 CXXX.

756 2422 830 2461 AD
865 2422 1139 2464 HUGONEM
1175 2421 1453 2463 ΔΒΒΑΤΒΜ.

934 2496 1114 2567 (Anno
1144 2498 1294 2567 878.)

312 2597 583 2653 Hortatur
623 2594 859 2651 suadeat
903 2594 1174 2651 Ludovico
1210 2594 1330 2666 regi
1358 2598 1424 2650 ut
1463 2595 1535 2651 ad
1571 2611 1630 2650 se
1660 2594 1853 2650 veniat
1884 2614 1902 2650 :

379 2667 780 2792 monettetiam
822 2669 889 2720 ut
930 2681 992 2720 se
1030 2683 1065 2721 a
1091 2666 1464 2739 quorumdam
1510 2666 1905 2721 communione

380 2753 575 2810 separe
608 2777 621 2790 .
1756 2804 1761 2809 ν

378 2804 600 2890 Hueom
656 2842 895 2902 strenuo,
954 2834 1162 2901 nobili,
1221 2833 1394 2905 regali
1449 2833 1700 2907 prosapie
1756 2804 1902 2891 edito

306 2931 471 2996 atque
499 2923 951 2980 excellentissimo
980 2922 1181 2978 abbati.

375 3012 587 3082 Quanto
614 3028 731 3081 vos,
765 3011 1083 3068 charissime
1111 3010 1210 3079 fili,
1243 3027 1430 3068 amore
1460 3012 1737 3084 diligimus
1767 3011 1903 3068 cele-

2008 462 2165 518 nobis
2194 463 2350 521 citius
2376 482 2667 524 occurrere
2710 487 2841 555 cum
2882 474 2988 529 tuis
3033 475 3412 551 sufi‘raganeis,
3461 497 3600 554 quos

2007 557 2187 608 tecum
2233 554 2505 612 adducere
2550 560 2966 628 prmsentialiter
3013 566 3236 634 poteris,
3285 584 3395 625 non
3438 569 3600 629 diffe-

2007 656 2117 706 ras,
2176 649 2234 696 ut
2290 642 2451 698 simul
2509 645 2577 700 de
2631 646 2860 705 utilitate
2904 651 3165 709 Ecclesiae
3205 662 3310 712 tuae
3366 664 3601 718 tractare

2006 728 2302 784 valeamus.
2358 732 2753 809 lnnotescimus
2808 737 3042 810 denique
3100 741 3226 812 quia
3272 746 3601 802 venerabilis

2006 814 2174 873 frater
2227 826 2280 873 et
2335 822 2693 895 coepiscopus
2748 834 2938 881 noster
2988 829 3299 901 Bernarius,
3357 842 3604 890 nostram

2005 919 2177 993 nuper
2234 908 2464 963 audiens
2519 912 2892 981 praesentiam,
2954 916 3266 974 reclamavit
3321 937 3381 976 se
3437 938 3603 993 super

2004 992 2172 1049 fratre
2200 996 2495 1053 Adalberto
2525 999 2877 1073 suffraganeo
2907 1011 3022 1071 tuo,
3055 1006 3124 1062 de
3154 1023 3262 1079 quo
3284 1009 3397 1077 jam
3418 992 3605 1068 Romae

2003 1083 2435 1153 proclamaverat
2465 1094 2519 1143 et
2546 1088 2790 1145 libellum
2832 1108 2946 1148 suae
2988 1095 3390 1152 reclamationis
3413 1101 3603 1155 osten-

2005 1170 2176 1226 derat.
2209 1173 2365 1229 Unde
2391 1175 2488 1230 tibi
2513 1185 2570 1232 et
2601 1177 2900 1235 Viennensi
2946 1183 3359 1256 archiepiscopo
3398 1186 3607 1257 episto-

2004 1258 2088 1314 las
2135 1259 2451 1331 direximus,
2496 1272 2556 1319 ut
2601 1267 2886 1323 amborum
2934 1270 3299 1340 querimonias
3334 1274 3607 1332 ventilan-
3650 1308 3663 1313 —

2004 1354 2107 1417 tes,
2140 1365 2263 1420 qua:
2292 1366 2562 1408 canonum
2613 1363 2739 1410 sunt
2782 1356 3026 1414 instituta
3071 1359 3441 1429 dijudicaretis
3474 1382 3488 1417 :
3519 1364 3613 1420 in-

2005 1452 2172 1507 super
2210 1439 2595 1496 Arelatensem
2643 1444 3137 1519 archiepiscopum,
3170 1450 3614 1511 Valentinensem

2006 1540 2222 1597 quoque
2266 1535 2320 1583 et
2366 1529 2737 1587 Vivariensem
2784 1534 3098 1606 episcopus,
3147 1537 3274 1593 huic
3320 1540 3614 1599 ass‘ertiohi

2002 1620 2170 1668 testes
2201 1615 2398 1672 adesse
2424 1617 2704 1687 iussimus.
2756 1622 2865 1678 Sed
2913 1624 3037 1695 quia
3066 1625 3609 1699 variispraepedien-

1930 1723 1985 1783 B
2003 1700 2148 1756 tibus
2177 1705 2380 1773 causis,
2413 1706 2673 1769 hactenus
2712 1725 2903 1767 eorum
2929 1712 3239 1771 indiscussa
3265 1724 3447 1773 manet
3474 1733 3609 1774 cau-

2009 1790 2169 1860 satio,
2197 1792 2312 1860 jam
2341 1794 2689 1865 pracipimus
2735 1800 2992 1856 monendi
3038 1803 3363 1861 auctoritate
3392 1812 3451 1859 ut
3478 1806 3610 1862 ubi-o

2007 1893 2222 1951 cunque
2277 1897 2311 1935 a
2368 1883 2527 1939 nobis
2580 1884 2743 1942 fuerit
2797 1890 3038 1959 synodus
3081 1889 3304 1959 indicta,
3343 1890 3625 1961 canonice

2008 1983 2130 2023 eum
2185 1968 2324 2026 inibi
2375 1972 2573 2029 adesse
2613 1974 2829 2046 iubeas,
2875 1987 3120 2048 paratum
3159 1980 3215 2036 in
3257 1982 3510 2038 omnibus
3533 1983 3608 2041 ad

2007 2055 2272 2112 rationem
2300 2059 2656 2117 reddendam.
2690 2062 2851 2132 Quod
2880 2065 3208 2134 si'defuerit,
3243 2069 3368 2124 vide
3393 2085 3464 2127 ne
3486 2071 3605 2139 ejus

2006 2142 2064 2198 in
2104 2151 2157 2200 te
2205 2154 2588 2219 retorqueatur
2640 2154 2905 2209 sententia
2937 2171 2951 2209 :
2983 2155 3102 2226 ipse
3137 2172 3267 2213 vero
3295 2157 3452 2227 sciat,
3485 2174 3514 2212 a
3541 2173 3604 2215 se

2006 2231 2075 2287 de
2105 2232 2353 2290 absentia
2384 2252 2485 2293 sua
2511 2237 2723 2296 lucrum
2765 2257 2877 2298 non
2903 2242 3335 2315 percipiendum.
3367 2246 3509 2302 Data
3537 2249 3608 2305 ut

2005 2336 2197 2393 supra.
2719 2360 2724 2365 ς

2672 2418 2950 2476 CXXXII.

2101 2513 2174 2553 AD
2203 2514 2540 2559 ROSTAGNUM
2568 2518 3047 2566 ARCHIEPISCOPUH
3073 2524 3492 2573 ARELATENSEI‘.

2617 2593 2797 2664 (Anno
2828 2599 2977 2668 8'78.)

2007 2677 2073 2732 Ut
2101 2675 2174 2731 ad
2193 2678 2465 2749 synodum
2487 2696 2617 2737 cum
2638 2683 3010 2764 suﬁ‘raganeis
3031 2692 3150 2746 suis
3174 2674 3595 2764 quamprimum

2350 2814 2357 2819 ,
2691 2757 2903 2811 ueniat.
3181 2757 3197 2764 “
3343 2757 3355 2764 ’
3594 2770 3598 2777 '

2072 2834 2377 2892 ROS’I'AGNO
2407 2839 2706 2896 venerabili
2735 2844 3148 2918 archiepiscopo
3177 2849 3502 2907 Arelatensi.

2072 2920 2214 2991 Quia
2258 2925 2643 2997 omnipotentis
2690 2930 2790 2986 Dei
2813 2932 3181 2992 miseratione
3226 2938 3623 2997 universalem-

2003 3012 2273 3083 synodum
2299 3029 2484 3070 sumus
2513 3017 2841 3074 celebraturi
2887 3022 2942 3076 in
2986 3024 3255 3094 proximo,
3287 3035 3338 3082 te
3369 3042 3598 3086 omnes-
3634 3036 3639 3057 ί

302 3101 539 3158 berrima
566 3101 707 3156 fama
737 3101 901 3157 vestri
948 3101 1077 3157 boni
1122 3101 1308 3172 operis
1353 3101 1778 3173 circumquaque
1811 3116 1902 3156 ac-
1928 3078 1980 3142 C
2001 3115 2107 3170 que
2135 3108 2254 3155 tuos
2281 3103 2642 3175 coepiscopus
2672 3078 3049 3180 suffraganeos
3089 3078 3357 3181 volumus,
3385 3117 3643 3172 actori-‘8

300 3190 475 3255 censi,
506 3189 781 3261 explicare
825 3189 1010 3245 verbis
1039 3189 1347 3245 nullatenus
1394 3205 1706 3261 possumus.
1743 3187 1899 3257 Qua-

302 3286 542 3350 pr0pter,
576 3286 631 3333 ut
661 3286 852 3335 nostro
898 3277 1174 3333 desiderio
1220 3278 1523 3350 praesentiae
1569 3286 1765 3333 vestrm
1803 3293 1900 3334 ca-

309 3367 520 3438 piamus
548 3365 821 3432 effectum,
870 3374 1080 3421 mature
1124 3366 1370 3421 volumus
1413 3366 1702 3422 hortemini
1730 3365 1903 3421 Ludo-

305 3455 487 3511 vicum
518 3471 706 3526 regem
738 3454 907 3511 tilium
935 3463 1203 3521 nostrum,
1218 3470 1423 3526 vosque
1454 3471 1579 3511 cum
1610 3471 1675 3510 eo
1701 3455 1772 3510 ad
1801 3469 1901 3509 nos

305 3544 518 3600 concite
572 3559 885 3615 properare,
938 3550 1205 3615 quatenus
1227 3588 1243 3612 ,
1290 3543 1507 3599 Christo
1549 3551 1898 3614 cooperante,

305 3633 689 3689 exultationem
729 3632 889 3689 totius
937 3632 1351 3688 Christianitatis
1379 3632 1738 3689 communiter
1764 3648 1901 3704 ope-

308 3737 505 3778 remur.
553 3721 642 3778 Sic
687 3729 812 3794 agat
852 3728 1034 3777 vestra
1076 3721 1296 3778 dilectio
1345 3729 1403 3776 ut
1445 3720 1714 3776 tristitiam
1743 3736 1902 3792 quam

306 3810 489 3866 animo
516 3810 584 3865 de
612 3818 798 3865 vestra
824 3810 1069 3866 absentia
1110 3826 1283 3882 nuper
1323 3810 1489 3882 Papia
1518 3809 1790 3878 intulistis,
1824 3810 1903 3865 le-

305 3899 423 3955 nire
464 3896 893 3955 moderatissima
936 3899 1180 3955 valeatis.
1232 3901 1380 3954 Inter
1425 3900 1542 3955 haec
1577 3899 1643 3953 ab
1673 3898 1820 3954 omni
1850 3905 1902 3953 te

305 3987 581 4044 consortio
612 3987 857 4043 Formosi
886 3988 1318 4043 anathematizati
1367 3995 1635 4059 optamus,
1669 3986 1744 4042 ﬁli
1774 3988 1903 4043 cha—

303 4075 540 4141 rissime,
564 4091 838 4147 separare,
861 4075 1086 4131 Joannis
1109 4075 1509 4148 archiepiscopi
1537 4074 1903 4131 Bodomensis

304 4162 403 4238 [aL
420 4163 781 4233 Rodonensis,
795 4164 855 4220 id
875 4168 960 4221 est
976 4164 1451 4237 Rothomagensis,
1466 4180 1568 4220 nec
1601 4164 1901 4236 quidquam

305 4251 686 4325 mutandum],
711 4251 966 4308 Adelardi
986 4251 1334 4320 Turonensis,
1358 4252 1585 4307 Frotarii
1604 4251 1902 4308 Bituricen-

304 4340 382 4397 sis
413 4339 568 4414 [edit.
601 4343 755 4398 Rom.
788 4341 1178 4415 Beduriensis].
1212 4342 1353 4396 Data
1380 4345 1446 4397 ut
1473 4357 1667 4413 supra.

976 4473 1229 4529 CXXXI.

303 4578 376 4619 AD
423 4576 801 4621 TEUTMNNUM
858 4577 1360 4620 TAMNTASIENSEM
1407 4576 1899 4618 ABCBIEPISCOPUM.

926 4654 1106 4724 (Anno
1137 4654 1285 4723 878.)

307 4760 492 4816 Monet
522 4763 589 4816 ut
619 4759 874 4815 stoicum
892 4759 1268 4831 suffraganeis
1296 4760 1415 4815 suis
1445 4759 1659 4816 obviam
1689 4759 1901 4827 veniat,

380 4835 439 4886 et
464 4830 827 4902 Adalbertum
854 4830 1059 4902 synodo
1076 4830 1280 4887 adesse
1301 4831 1518 4901 jubeat,
1541 4834 1603 4886 at
1623 4830 1906 4902 rationem

377 4901 581 4957 reddat
636 4918 831 4958 eorum
877 4901 942 4957 de
991 4902 1188 4974 quibus
1249 4902 1562 4957 Bernarius
1615 4901 1905 4973 episcopus

379 4976 607 5045 questus
635 4975 847 5044 fuerat.

378 5069 685 5125 Venerabili
714 5068 1127 5142 archiepiscopo
1158 5070 1522 5126 TEUTRANNO.

374 5158 635 5214 Miramur
668 5158 1062 5215 fraternitatem
1112 5166 1257 5214 tuam
1300 5175 1418 5225 cur,
1450 5164 1695 5213 nostrum
1721 5156 1777 5211 in
1807 5155 1906 5217 has

302 5254 490 5319 partes
518 5247 750 5304 audiens
778 5248 1094 5316 adventum,
1134 5262 1235 5304 nos
1264 5248 1336 5303 ob
1366 5245 1733 5304 reverentiam
1758 5244 1905 5301 beati

305 5336 453 5394 Petri
482 5336 852 5410 apostolorum
881 5337 1164 5409 principis,
1218 5344 1271 5392 et
1314 5344 1579 5402 nostram,
1613 5350 1765 5390 more
1794 5350 1905 5390 cae-

302 5434 551 5499 terorum
605 5426 994 5484 venerabilium
1051 5425 1588 5497 archiepiscoporum
1606 5467 1625 5493 ,
1682 5422 1907 5481 minime

305 5514 581 5573 consolari
626 5525 683 5572 et
727 5531 1017 5577 occurrere
1066 5514 1337 5575 studuisti.
1384 5514 1524 5585 Qua,
1550 5511 1905 5571 admiratione

2003 3194 2111 3243 tate
2139 3189 2440 3258 apostolica
2468 3193 2828 3251 admonemus
2858 3212 3234 3272 expressaque
3255 3203 3623 3273 mandamus,“

2001 3275 2071 3331 ad
2123 3277 2285 3343 hanc,
2345 3279 2490 3333 omni
2544 3283 2845 3353 postposita
2902 3286 3213 3355 occasione,
3274 3293 3623 3361 quantociuar

2001 3373 2355 3435 praesentare,
2380 3369 2619 3441 exceptis
2639 3370 2718 3426 eis
2739 3372 3034 3430 obstaculis
3061 3376 3259 3448 quibus
3284 3382 3607 3438 remorandi

2002 3452 2277 3509 licentiam
2319 3456 2457 3511 sacri
2503 3473 2743 3514 canones
2789 3461 3046 3518 tribuunt.
3096 3466 3266 3534 Alias,
3313 3470 3460 3540 quod
3489 3472 3657 3526 non"

2003 3550 2271 3612 Optamus,
2305 3543 2615 3618 quicunque
2633 3563 2745 3603 se'a
2762 3557 2906 3607 tanto
2935 3553 3036 3609 hac
3064 3554 3181 3610 vice
3211 3546 3635 3629 collegio‘suba‘

2001 3630 2247 3696 traxerit,
2296 3632 2568 3705 particeps
2605 3635 2675 3691 de
2724 3638 2935 3711 reliquo
2971 3650 3174 3699 nostra;
3201 3646 3617 3702 communionis

2003 3734 2130 3775 esse
2154 3719 2459 3776 nullatenus
2487 3723 2706 3780 valebit.
2739 3727 2880 3783 Data
2905 3733 2976 3785 ut
2999 3746 3193 3804 supra.

2657 3848 2957 3908 CXXXIII.
3412 3936 3415 3939 δ
3524 3934 3530 3943 _

2144 3947 2216 3988 AD
2244 3948 2580 3991 HINCMARUM
2609 3952 2919 3996 RHEMORUM
2958 3957 3453 4002 ARCHIEPISCOPUM.

2626 4025 2808 4097 (Anno
2840 4030 2990 4101 878.)

2008 4111 2074 4167 Ut
2105 4111 2176 4166 ad
2205 4114 2479 4184 synodum
2506 4116 2832 4195 Trecensem
2853 4099 3054 4195 absque
3074 4137 3233 4177 mora
3253 4137 3384 4177 cum
3405 4099 3608 4195 ιςὰῇνᾶ-

2481 4186 2675 4256 ganeis
2704 4187 2822 4241 suis
2852 4186 3120 4261 episcopo.

2074 4278 2370 4335 HINCMARO
2398 4280 2693 4335 venerabili
2722 4280 3055 4338 Rhemorum
3084 4285 3361 4360 episcopo.

2075 4367 2240 4421 Fama
2268 4375 2373 4423 tuae
2402 4367 2755 4425 fraternitatis
2804 4370 2970 4445 longo
3001 4381 3193 4430 exacto
3216 4374 3326 4445 jam
3357 4382 3604 4449 tempore
3638 4436 3644 4447 ,

1922 4432 1977 4494 D
2007 4455 2152 4510 bona
2208 4456 2398 4511 notitia
2450 4473 2552 4512 nos
2611 4475 2827 4531 quoque
2873 4432 3236 4519 celeberrime.
3272 4432 3602 4535 lmtiﬁcdvit;

2007 4551 2316 4617 quantoque
2343 4553 2398 4602 te
2427 4546 2701 4602 desiderio
2731 4550 3087 4621 contemplari
3136 4552 3401 4624 cupimus,
3434 4554 3605 4625 expli-

2005 4648 2132 4689 care
2187 4633 2371 4689 verbis
2426 4635 2733 4692 nullatenus
2763 4653 3071 4708 possumus,
3121 4642 3422 4711 praesertim
3477 4656 3602 4699 cum

2006 4735 2172 4778 causa
2214 4721 2502 4795 exigenda;
2546 4724 2794 4781 utilitatis
2843 4727 3228 4784 ecclesiasticae
3256 4737 3457 4800 petere
3500 4731 3602 4787 has

2004 4818 2188 4881 partes
2236 4811 2664 4869 decreverimus.
2711 4812 3054 4885 Quapropter
3098 4817 3446 4887 praesentiam
3478 4819 3615 4875 reli—

2006 4898 2178 4972 giosa:
2207 4900 2508 4956 sanctitatis
2557 4909 2752 4957 vestrae
2801 4901 2892 4957 diu
2940 4903 3308 4960 desideratam
3337 4906 3603 4965 miramur

2005 5003 2036 5042 a
2064 4996 2118 5044 te
2146 4988 2303 5044 nobis
2333 4990 2597 5046 hactenus
2638 4989 2875 5046 dilatari.
2928 4991 3087 5047 Unde
3114 4993 3413 5065 apostolica
3440 5005 3616 5073 aque.

2005 5083 2227 5148 paterna
2254 5078 2573 5135 auctoritate
2617 5094 2902 5135 monemus
2948 5080 3016 5135 ad
3061 5082 3327 5152 synodum
3354 5100 3605 5156 praesen-

2005 5173 2134 5235 tem,
2168 5182 2350 5238 quam,
2383 5168 2499 5222 Deo
2528 5175 2769 5238 auctore,
2817 5167 3003 5225 Trecis
3041 5186 3227 5226 sumus
3254 5172 3629 5243 celebraturi,‘

2006 5254 2216 5325 absque
2270 5269 2421 5310 mora
2469 5271 2594 5310 cum
2643 5255 2852 5312 cunctis
2895 5254 3254 5330 suﬁ‘raganeis
3301 5261 3605 5320 dioeceseos

2007 5351 2205 5400 vestrae
2253 5343 2516 5399 studeatis
2559 5358 2863 5401 occurram.
2916 5345 2999 5402 Ad
3026 5346 3206 5405 locum
3238 5351 3605 5420 praenomina-

2006 5439 2120 5487 tum
2163 5431 2363 5488 iterum
2413 5431 2718 5505 iterumque
2760 5434 3065 5502 hortamur,
3117 5437 3287 5495 omni-
3308 5438 3609 5510 postposita

2009 5519 2286 5585 tarditate,
2319 5521 2642 5592 quantocius
2671 5533 2960 5594 properate
2992 5525 3200 5591 venire,
3225 5526 3483 5597 quoniam
3512 5542 3612 5585 a-
