4160 6312
592 247 696 303 ’788

1869 241 2165 296 JOANNIS
2228 242 2420 296 PAP:E
2476 242 2616 297 VIII.

3778 242 3884 296 784

588 378 808 441 tequam
861 366 980 439 ipse
1033 366 1191 422 nobis
1247 365 1467 421 charior
1512 374 1672 437 atque
1720 365 1901 419 utilior
1944 364 2181 430 veneris,
2215 365 2462 425 Adictus
2492 381 2588 420 rex
2633 366 2961 435 praepeditus
3012 364 3193 429 fuerit,
3241 373 3312 424 et.
3360 374 3415 419 ut
3457 381 3566 419 non
3611 372 3884 435 optamus,

588 464 898 513 sanctarum
919 455 1020 511 Dei
1047 454 1424 511 Ecclesiarum
1473 469 1669 508 causas
1717 460 1948 508 tractare
1978 451 2191 506 differi-

592 560 734 600 mus.
780 545 1012 600 Tantum
1059 559 1364 609 monemus,
1409 557 1602 612 rumpe
1650 556 1856 610 moras,
1907 548 1960 595 et
1999 549 2191 614 satage

588 647 891 705 properare
920 632 1209 688 celerrime
1236 639 1398 702 atque
1425 628 1658 703 agiliter.
1695 630 1833 685 Data
1868 633 1932 685 ut
1958 644 2152 701 supra.

1246 719 1544 775 CXXXIV.

912 823 986 865 AD
1017 822 1333 864 ινιοτΑιιιωί
1369 820 1864 861 Αιιοωεριεοορσκ.

1216 896 1396 966 (Anno
1424 895 1572 963 878.)

689 988 759 1044 Ut
785 986 857 1041 ad
884 986 1156 1058 synodum
1184 984 1304 1040 suis
1331 998 1483 1107 eum:
1498 981 1876 1053 sulfraganeis
1911 983 2104 1037 Trecas

1290 1068 1454 1107 venia
1487 1094 1500 1106 .

1290 1068 1500 1109 venias.

663 1143 951 1199 FIOTAIIO
980 1141 1275 1198 venerabili
1300 1140 1713 1211 archiepiscopo
1743 1138 2094 1213 Biturigensi.

666 1232 878 1288 Auditis
905 1230 1139 1302 denique
1185 1228 1562 1301 deploratione
1606 1236 1766 1300 atque
1815 1227 2071 1300 angustia
2103 1227 2192 1280 lit-

597 1320 727 1378 teris
756 1328 861 1375 tua:
888 1317 1258 1384 fraternitatis,
1306 1334 1429 1388 qua:
1473 1316 1630 1372 vobis
1677 1316 1746 1370 ab
1776 1316 2028 1371 omnibus
2057 1316 2191 1370 Ber-

599 1406 757 1467 nardi
805 1406 1019 1464 comitis
1066 1414 1186 1461 sunt
1232 1405 1435 1472 illatae,
1466 1420 1661 1461 recens
1706 1405 1864 1459 dolor
1910 1403 2082 1474 priori
2111 1410 2194 1457 est

599 1502 1001 1569 augmentatus,
1032 1502 1086 1550 et
1111 1494 1258 1567 quod
1287 1494 1383 1548 tibi
1414 1494 1562 1549 sedis
1610 1501 1713 1547 tuae
1741 1490 1918 1547 aditus
1951 1491 2189 1557 clausus,

599 1585 845 1642 mihimet
873 1584 977 1655 ipsi
1006 1583 1062 1638 id
1090 1590 1302 1654 reputo.
1356 1583 1647 1637 Hortamur
1694 1580 1909 1637 interim
1939 1579 2192 1635 dilectio-

598 1689 724 1731 nem
755 1681 900 1727 tuam
927 1671 1192 1742 patienter
1218 1669 1464 1736 sufferre,
1514 1678 1567 1724 et
1595 1670 1664 1724 ad
1702 1670 1902 1725 Trecas
1929 1684 2053 1723 cum
2085 1667 2193 1722 fra-

598 1769 744 1817 trum
772 1760 1330 1831 coepiscoporumque
1376 1766 1690 1814 nostrorum
1718 1756 1954 1829 collegio
1983 1756 2189 1812 dioece-

599 1864 725 1905 seos
752 1855 860 1904 tua:
888 1847 955 1902 ad
985 1847 1272 1919 synodum.
1297 1846 1530 1902 Domino
1548 1853 1894 1918 cooperante,
1918 1845 2197 1900 celebran-

599 1935 731 1994 dum
760 1935 1082 2009 quantocius
1111 1949 1422 2006 properare.
1474 1934 1732 1990 Ludovici
1760 1934 1908 2005 regis
1938 1932 2199 1989 amantis-

601 2025 725 2081 simi
756 2023 850 2079 filii
879 2022 1051 2079 nostri
1080 2023 1369 2079 adventum
1418 2022 1796 2094 praestolamur
1835 2021 2076 2093 quotidie
2105 2021 2193 2077 in-

598 2112 924 2184 hianterque
953 2111 1347 2168 desideramus.
1381 2109 1645 2182 Optamus
1673 2110 2017 2167 sanctitatem
2047 2118 2195 2165 tuam

522 2196 531 2203 ’
594 2198 654 2257 in
682 2200 893 2257 Christo
923 2199 1062 2255 bene
1090 2198 1291 2255 valere.
1324 2200 1457 2254 Data
1485 2204 1552 2255 ut
1571 2215 1764 2272 supra.

1252 2287 1526 2342 CXXXV.
1846 2295 1851 2298 ’

970 2390 1041 2431 ΑΒ
1070 2389 1408 2430 BEBNARDUI
1436 2389 1801 2430 MARCHIONEI
1809 2415 1822 2428 .

1217 2464 1396 2533 (Anno
1427 2464 1577 2533 878.)

599 2553 779 2612 lauet
805 2556 871 2610 ut
899 2554 1155 2610 Frotario
1197 2552 1424 2694 adi/tum
1449 2551 1538 2676 tad
1572 2568 1737 2607 suam
1780 2551 1971 2607 sedem
1994 2556 2191 2624 patere

1317 2639 1444 2678 acia
1478 2664 1492 2677 .
2056 2636 2063 2645 '

1317 2636 1492 2678 aetat.
2056 2636 2063 2645 '

662 2710 1026 2768 Dilectissimo
1055 2709 1164 2767 ﬁlio
1192 2711 1497 2765 Banmnno
1544 2710 1887 2766 nobilissimo
1921 2710 2192 2766 marchio-

590 2815 742 2855 num.

658 2886 794 2956 Quia
823 2895 1068 2958 tempore
1112 2885 1400 2942 nonnullos
1444 2885 1723 2958 diligimus
1763 2886 2075 2958 specialius,
2107 2886 2183 2942 id-

588 2974 735 3032 circo
762 2975 819 3030 in
847 2974 932 3030 his
976 2991 1096 3047 quie
1142 2973 1478 3030 nobilitatem
1523 2982 1762 3029 vestram
1809 2975 1984 3030 Deum
2014 2974 2188 3030 oﬂ‘en-

586 3063 719 3119 dere
747 3062 1133 3137 copioscimus
1180 3077 1280 3119 vos
1329 3071 1552 3132 paterno
1583 3062 1929 3134 increpamus
1957 3061 2186 3129 aﬂ'ectu;

592 3152 900 3223 presertim
943 3152 1012 3206 de
1058 3166 1225 3211 causa
1270 3151 1499 3206 Frotarii
1546 3150 1876 3207 venerabilis
1922 3151 2184 3223 episcopi,

583 3240 691 3306 cui,
721 3248 779 3295 ut
805 3240 1073 3306 audimus,
1120 3239 1287 3294 vestri
1335 3239 1583 3294 homines
1625 3239 1731 3294 iter
1778 3239 2012 3295 civitatis
2051 3257 2182 3306 suae,

581 3343 652 3384 ne
679 3328 749 3384 ad
775 3328 963 3384 sedem
992 3342 1149 3383 suam
1196 3326 1595 3399 ingrederetur,
1649 3327 1940 3383 temerarie
1968 3328 2185 3384 clause-

579 3424 718 3471 runt.
765 3416 1166 3488 Episcoporum
1203 3414 1468 3485 judicium
1494 3457 1508 3484 ,
1556 3415 1632 3470 fili
1680 3416 2036 3484 charissima,
2085 3433 2186 3473 suo

576 3504 953 3561 tantummodo
1012 3503 1279 3559 Dominus
1337 3503 1575 3559 servavit
1626 3503 1849 3559 arbitrio
1873 3547 1886 3569 ,
1958 3521 2060 3561 nec
2115 3505 2185 3560 de

577 3592 850 3664 episcopis
878 3591 993 3649 vult
1023 3592 1193 3647 laicos
1216 3591 1484 3661 judicare.
1538 3592 1692 3647 Unde
1734 3607 2023 3648 monemus
2048 3593 2187 3649 dile-

583 3680 818 3737 ctionem
864 3687 970 3735 tua:
1017 3679 1315 3745 charitatis,
1367 3687 1425 3733 ut
1472 3678 1735 3751 quidquid
1784 3679 1840 3734 in
1889 3680 1992 3736 hac
2020 3696 2186 3737 causa

577 3766 822 3838 praedicti
846 3766 1090 3838 episcopi
1120 3766 1442 3837 deliquistis,
1494 3767 1595 3821 sub
1645 3767 1922 3823 celeritate
1955 3777 2008 3825 et
2036 3770 2185 3842 lega-

575 3853 703 3909 liter
750 3853 1042 3910 emendare
1090 3853 1369 3919 studeatis,
1422 3854 1550 3927 quia
1593 3870 1695 3911 nos
1743 3855 1894 3923 illud,
1948 3857 2053 3912 nisi
2083 3874 2184 3929 pro

575 3940 747 4014 digna
776 3941 1177 4012 emendatione,
1232 3941 1459 3997 inultum
1510 3959 1795 3999 remanere
1841 3945 1991 4001 nullo
2021 3947 2183 4002 modo

577 4030 814 4104 patimur
842 4029 1021 4087 oﬂicio
1066 4046 1132 4088 ac
1185 4030 1485 4087 ministerio
1533 4032 1883 4089 sacerdotali.
1919 4033 2183 4106 Optamus

579 4118 916 4177 nobilitatem
946 4128 1181 4177 vestram
1215 4120 1354 4176 bene
1382 4120 1585 4178 valere.
1617 4123 1758 4177 Data
1786 4125 1851 4178 ut
1880 4139 2069 4195 supra.

1228 4218 1528 4275 CXXXVI.

880 4303 953 4343 AD
982 4303 1454 4345 Λιοιιιεριεοορυκ
1482 4305 1874 4347 κοσυΝτιΝωί.

1203 4377 1384 4447 (Anno
1412 4378 1560 4445 878.)

592 4469 655 4527 Ut
698 4465 1040 4540 Ludovicum
1080 4465 1395 4540 Germania:
1422 4481 1644 4540 _regem,
1692 4470 1919 4539 ejusque
1966 4472 2176 4540 fratres

660 4538 997 4663 aditigtitur
1038 4539 1106 4591 ut
1143 4536 1214 4591 ad
1260 4534 1533 4606 synodum
1581 4534 2186 4611 veniant'aut'legatos

655 4624 738 4663 mi
829 4625 869 4662 η
903 4647 917 4661 .

663 4694 974 4751 Venerabili
1003 4692 1411 4764 archiepiscopo
1431 4693 1745 4749 Lw'rann'ro
1776 4697 2109 4769 Moguntino.

662 4783 1045 4839 Ecclesiastica
1070 4780 1320 4853 exigente
1350 4780 1594 4851 utilitate,
1628 4784 1881 4854 quoniam
1912 4787 2027 4842 Deo
2046 4786 2184 4845 duce

592 4885 772 4927 causae
792 4872 864 4927 ad
892 4870 1188 4926 Galliarum
1219 4876 1400 4940 partes
1427 4871 1615 4927 venire
1645 4874 1991 4929 commodum
2021 4876 2182 4933 duxi-

592 4975 716 5015 mus
747 4975 760 5013 :
794 4967 1126 5031 quapropter
1151 4957 1541 5015 fraternitatem
1583 4968 1822 5017 vestram
1871 4965 2182 5022 necessario

592 5062 939 5105 commonere
968 5046 1268 5113 studemus,
1316 5056 1372 5103 ut
1405 5050 1705 5105 secundum
1734 5051 1946 5107 coalitus
1975 5053 2069 5107 tibi
2097 5070 2181 5108 sa-

590 5135 848 5208 pientiam
874 5135 1073 5199 datam,
1105 5133 1369 5207 frequenti
1397 5137 1771 5195 adhortatione
1791 5156 2060 5214 suggeras
2079 5142 2182 5197 Lu-

588 5222 784 5279 dovico
812 5223 951 5295 regi,
985 5221 1215 5295 aliisque
1243 5224 1623 5293 cenfratribus,
1656 5235 1714 5281 ut
1742 5229 1809 5282 ad
1838 5237 2039 5285 nostra;
2065 5245 2180 5286 me-

592 5311 892 5368 diocritatis
932 5311 1262 5383 colloquium
1308 5321 1470 5385 atque
1517 5316 1830 5386 generalem
1869 5317 2138 5388 synodum
2159 5363 2175 5385 ,

582 5400 734 5471 juxta
761 5399 958 5456 Christi
989 5400 1337 5467 voluntatem,
1369 5403 1512 5475 apud
1540 5403 1738 5460 Trecas
1768 5414 2175 5480 congregatum,

585 5488 774 5546 venire
799 5504 911 5548 non
946 5489 1176 5555 omittat,
1221 5490 1306 5546 vel
1355 5490 1401 5545 si
1446 5491 1628 5565 aliqua
1677 5494 2000 5551 necessitate
2028 5511 2176 5565 prm-

2221 1722 2273 1781 Β

2295 469 2594 525 properare
2624 452 2892 509 distulerit
2919 453 2989 509 ad
3027 453 3206 509 locum
3254 453 3593 524 praedictum,
3628 469 3736 525 quo
3765 469 3890 509 cum

2295 541 2566 596 Ludovico
2597 558 2725 613 rege
2774 541 3006 598 locuturi
3053 558 3258 609 sumus,
3311 542 3694 596 nominetenus
3723 541 3893 596 desti-

2295 638 2385 684 net
2419 647 2433 684 :
2466 638 2732 701 quatenus
2790 630 2891 685 sub
2953 637 3149 685 cuncta
3202 630 3477 685 celeritate
3524 646 3719 701 regum
3765 629 3891 684 filiis

2295 718 2661 790 congregatis,
2715 718 2878 772 totius
2923 717 3360 783 Christianitatis,
3396 718 3494 773 Dei
3524 718 3698 790 gratia
3728 718 3889 781 duce,

2292 806 2579 862 consulere
2608 806 2964 861 communiter
3006 806 3287 861 valeamus
3330 805 3560 861 utilitati.
3606 808 3890 862 Similiter

2302 895 2604 951 Williberto
2671 895 3084 968 archiepiscopo
3142 896 3481 968 Agrippinw.
3538 895 3891 950 Wittecherio

2294 983 2604 1039 venerabili
2632 985 2902 1056 episeopo,
2936 988 2993 1039 et
3030 985 3283 1054 Bertulfo
3313 984 3728 1055 archiepiscopo
3757 985 3889 1039 Tre-

2295 1071 2526 1126 virensi.
2550 1071 2689 1125 Data
2720 1076 2783 1126 ut
2810 1088 3003 1142 supra.

2936 1160 3139 1214 CXXX
3149 1161 3259 1214 VII.

2650 1246 2723 1286 AD
2761 1245 3169 1286 ΑΝαΕιιιΕιισΑιί
3207 1245 3520 1285 AUGUSTAI.

2909 1302 3090 1373 (Anno
3123 1304 3272 1370 878.)

2299 1390 2502 1445 Scribit
2534 1392 2596 1445 in
2625 1390 3017 1447 anniversario
3045 1390 3137 1445 die
3156 1390 3415 1446 Ludovici
3443 1392 3565 1462 ejus
3586 1391 3707 1462 rviri
3726 1406 3887 1445 sacra

2363 1477 2465 1531 pro
2496 1477 2556 1516 eo
2592 1478 2650 1515 se
2678 1463 2974 1531 facturum
3005 1465 3193 1531 rogat;
3244 1465 3308 1516 ut
3340 1463 3401 1516 in
3430 1461 3521 1516 sui
3560 1461 3885 1531 defensione

2364 1536 2717 1603 perseveret;
2740 1532 3013 1603 synodum
3050 1531 3234 1587 Trecis
3260 1548 3318 1586 se
3356 1531 3686 1587 habiturum
3714 1532 3885 1602 signi—

2363 1600 2518 1667 ﬁrat.

2364 1687 2586 1745 Dilectae
2614 1687 2739 1745 ﬁliae
2767 1692 3163 1744 Arzanenam;
3208 1689 3558 1761 imperatrici,
3609 1689 3749 1744 diva:
3778 1705 3887 1744 me-

2296 1776 2789 1848 moriasquondam
2821 1778 3007 1833 domni
3036 1778 3294 1834 Ludovici
3329 1777 3558 1849 piissimi
3588 1777 3885 1848 imperato-

2295 1864 2373 1919 ris
2401 1864 2640 1937 conjugi.

2366 1951 2503 2022 Quia
2524 1954 2785 2009 intimasti
2813 1952 3087 2026 pontificio
3118 1963 3307 2010 nostro
3350 1954 3747 2010 anniversalem
3779 1971 3887 2010 ma-

2294 2058 2417 2113 gna:
2440 2042 2830 2098 recordationis
2866 2042 3052 2098 domni
3081 2043 3340 2099 Ludovici
3372 2043 3717 2114 imperatoris
3745 2042 3883 2110 ﬁeri,

2294 2138 2346 2185 et
2376 2139 2430 2185 ut
2459 2146 2561 2202 pro
2590 2146 2655 2186 eo
2683 2130 2933 2203 proprias
2949 2131 3219 2187 orationes
3239 2130 3640 2187 celebraremus
3681 2132 3886 2204 rogasti

2293 2219 2612 2291 gaudemus,
2647 2228 2700 2275 et
2729 2219 2961 2293 impigre
2991 2235 3089 2275 suo
3109 2235 3209 2291 pro
3229 2219 3423 2276 merito
3444 2220 3621 2276 modis
3634 2220 3886 2276 omnibus

2292 2305 2572 2363 faciemus.
2632 2308 2897 2363 Caeterum
2939 2324 3197 2381 rogamus
3248 2316 3325 2375 ut,
3377 2325 3473 2364 seu
3522 2309 3784 2365 hactenus
3833 2309 3883 2363 in

2293 2395 2490 2451 nostris
2520 2395 2695 2451 fuistis
2727 2396 2980 2463 sollicita,
3005 2396 3149 2451 haud
3178 2413 3334 2452 secus
3363 2404 3415 2452 et
3444 2414 3587 2453 nunc
3614 2405 3664 2453 et
3696 2413 3888 2468 perpe-

2292 2492 2384 2539 tuo
2414 2500 2556 2548 esse,
2587 2494 2747 2556 prout
2780 2485 3076 2552 credimus,
3136 2501 3246 2541 non
3293 2485 3576 2553 diﬂ‘eratis,
3620 2494 3885 2558 quatenus

2289 2581 2469 2628 vestro
2496 2572 2686 2628 labore
2715 2582 3007 2645 vestroque
3052 2574 3300 2630 consulto
3342 2574 3449 2630 cito
3492 2575 3562 2629 ad
3607 2575 3881 2646 propriam

2291 2660 2477 2716 sedem
2503 2669 2562 2715 ut
2590 2662 2860 2735 congruit,
2906 2678 3030 2717 cum
3071 2661 3273 2734 gaudio
3312 2678 3413 2733 per
3445 2663 3635 2718 merita
3666 2671 3883 2734 aposto-

2287 2748 2466 2805 lorum
2494 2749 2803 2821 principum
2832 2750 3033 2806 reverti
3060 2767 3383 2806 mereamur.
3421 2752 3588 2806 Porro
3612 2768 3711 2807 vos
3742 2751 3881 2808 scire

2287 2837 2535 2909 cupimus
2563 2838 2687 2910 quia
2715 2839 2858 2909 apud
2887 2838 3088 2896 Trecas
3136 2839 3189 2893 in
3222 2839 3483 2894 Kalendis
3513 2840 3747 2913 Augusti
3778 2856 3881 2894 una

2286 2941 2408 2981 cum
2434 2942 2565 2997 rege
2595 2926 2867 2983 Ludovico
2910 2926 3249 2999 imperatoris
3293 2927 3475 2983 Caroli
3503 2925 3635 2993 ﬁlio,
3672 2936 3724 2983 et
3756 2944 3877 2984 cum

2285 3013 2557 3069 universis
2587 3014 2779 3070 Galliae
2810 3015 3080 3087 episcopis
3111 3016 3378 3087 synodum
3407 3015 3771 3071 universalem
3790 3032 3882 3073 ce-

2212 3071 2263 3135 C
2286 3100 2653 3170 lebrabimus;
2701 3103 2898 3159 dehinc
2946 3104 3401 3159 Carolomannum
3432 3120 3617 3178 regem
3646 3120 3883 3177 suosque

2285 3206 2579 3263 germanos
2601 3190 2959 3264 alloquamur,
2991 3200 3049 3247 ut
3079 3191 3196 3264 pari
3226 3193 3464 3248 omnium
3496 3192 3724 3250 consilio
3753 3209 3883 3249 con-

2285 3278 2605 3334 solationem
2637 3289 2838 3336 nostra:
2863 3280 3127 3336 Ecclesia:
3157 3282 3507 3351 reperiamus.

2905 3370 3254 3424 CXXXVIII.

2731 3453 2803 3493 AD
2842 3455 3133 3494 SUPPONEM
3173 3456 3417 3496 COMI’I‘EM
3426 3483 3439 3496 .

2908 3513 3087 3579 (Anno
3117 3514 3266 3580 878.)

2284 3598 2412 3669 Agit
2438 3599 2654 3672 gratias
2670 3599 2737 3655 de
2756 3599 3032 3672 ﬁdelitate
3052 3616 3182 3672 erga
3201 3602 3508 3656 Romanam
3529 3602 3835 3672 Ecclesium
3862 3618 3875 3653 :

2354 3668 2610 3750 quietiam
2655 3670 2806 3742 apud
2875 3668 3352 3727 Carolomannum
3402 3671 3733 3743 faciendum
3784 3674 3877 3728 in-

2346 3739 2561 3811 jungit.

2354 3827 2563 3883 Dilecto
2593 3825 2705 3882 tilio
2735 3828 2978 3884 Surrom
3008 3828 3250 3901 glorioso
3277 3830 3477 3886 comiti.
3618 3893 3629 3904 ι

2356 3915 2590 3970 Primum
2623 3916 2839 3988 quidem
2876 3917 3150 3973 devotioni
3190 3927 3387 3974 vestra:
3415 3934 3647 3993 magnas
3675 3919 3879 3993 gratias

2281 4004 2495 4077 agimus
2542 4005 2667 4077 quia
2709 4006 2947 4077 priorem
2991 4005 3321 4073 fidelitatem,
3369 4024 3528 4079 quam
3566 4009 3715 4065 circa
3746 4024 3875 4064 san-

2281 4100 2422 4148 ctam
2454 4094 2757 4149 Romanam
2786 4094 3088 4151 Ecclesium
3116 4096 3404 4163 habueras,
3439 4097 3491 4151 in
3524 4097 3878 4169 sequentibus

2281 4181 2596 4252 quotidiano
2644 4182 2835 4239 labore
2879 4200 3045 4255 opere
3099 4185 3471 4240 admonstrare
3512 4202 3620 4240 non
3649 4185 3875 4242 desinis.

2279 4269 2393 4324 Nos
2441 4287 2657 4343 quoque
2703 4288 2819 4342 pra:
2865 4272 3119 4327 omnibus
3167 4290 3263 4328 vos
3312 4273 3624 4344 diligentes,
3680 4274 3878 4330 vestris

2278 4358 2457 4427 potius
2487 4359 2730 4415 consiliis
2774 4377 2888 4431 prae
2932 4361 3141 4417 cunctis
3193 4361 3615 4433 acquiescimus.
3648 4362 3880 4417 Tantum

2206 4426 2258 4487 D
2282 4426 2570 4502 vobiscum
2600 4426 2924 4519 Anspertum
2957 4457 3011 4504 et
3038 4426 3375 4506 Wibbodum
3404 4450 3691 4522 episcopus
3719 4467 3878 4507 assu-

2284 4535 2433 4601 mite,
2485 4543 2538 4591 et
2585 4536 2728 4607 apud
2771 4537 3228 4593 Carolomannum
3273 4555 3465 4612 regem
3493 4538 3673 4594 omnia
3699 4548 3880 4596 nostra

2282 4623 2655 4680 ordinabiliter
2677 4626 2880 4696 ponite.
2925 4627 3041 4682 Hoc
3084 4635 3268 4683 tamen
3313 4642 3659 4698 summopere
3688 4637 3877 4684 cavete

2283 4727 2352 4766 ne
2381 4712 2564 4784 aliqua
2594 4712 2796 4769 fraudis
2843 4715 3039 4770 astutia
3085 4715 3456 4787 decipiamur;
3507 4724 3561 4771 et
3612 4716 3875 4789 quidquid

2283 4815 2348 4856 ex
2379 4801 2484 4857 hoc
2513 4800 2743 4871 facietis,
2776 4803 2879 4858 sub
2925 4804 3072 4859 omni
3121 4804 3465 4861 festinatione
3496 4804 3681 4861 facere
3712 4821 3874 4862 acce-

2282 4887 2450 4944 lerate
2481 4907 2494 4944 :
2527 4889 2657 4944 mihi
2705 4899 2917 4963 tempus
2964 4899 3017 4946 et
3058 4892 3239 4949 locum
3282 4892 3598 4948 denuntiata
3637 4910 3746 4965 quo
3776 4910 3874 4951 oc-

2281 4991 2504 5033 currere
2532 4977 2775 5033 debeatis
2805 4979 2874 5035 ad
2903 4995 3004 5035 nos
3034 4980 3465 5054 recolligendum
3489 5000 3503 5047 ;
3546 4990 3598 5036 et
3644 4998 3714 5037 ne
3742 4981 3876 5038 forte

2279 5064 2463 5137 aliqua
2504 5066 2751 5122 dubietas
2795 5067 2974 5124 animo
3017 5077 3199 5125 vestro
3246 5069 3495 5134 insideat,
3542 5070 3678 5124 duas
3718 5086 3874 5125 mau-

2278 5152 2471 5209 damus
2500 5154 2757 5226 epistolas
2803 5156 3065 5228 pradicto
3112 5157 3268 5229 regi;
3315 5175 3547 5230 quarum
3577 5174 3745 5214 unam
3777 5175 3875 5215 vos

2279 5236 2441 5311 legite
2468 5248 2525 5295 ut
2552 5241 2899 5314 cognoscatis
2946 5242 3089 5314 quod
3135 5243 3392 5308 continet,
3437 5259 3598 5316 quam
3629 5256 3719 5299 aut
3758 5243 3873 5315 ipse

2278 5321 2493 5379 deferas
2539 5325 2789 5381 volumus
2813 5371 2825 5392 ,
2872 5336 2962 5381 aut
3004 5342 3106 5398 per
3150 5327 3407 5383 idoneum
3451 5328 3728 5383 hominem
3774 5344 3866 5384 ve-

2275 5420 2450 5468 atrum
2480 5414 2777 5470 trasmittas
2811 5433 2825 5469 :
2866 5415 2994 5488 quia
3024 5432 3124 5472 nos
3151 5416 3206 5472 in
3252 5417 3355 5473 hac
3403 5425 3549 5473 terra
3591 5426 3735 5473 stare
3765 5433 3870 5474 non

2274 5515 2565 5571 possumus
2613 5503 2717 5558 nisi
2758 5521 2935 5576 usque
2988 5503 3044 5559 in
3093 5506 3366 5561 Kalendas
3411 5508 3703 5578 Augustas,
3748 5506 3870 5578 quia
