4160 6316
319 295 426 350 785
1524 294 1880 352 EPISTOLE

2005 294 2020 349 π
2073 295 2419 355 uacuam.
3518 297 3623 372 τοι

318 425 610 490 postquam
640 418 696 472 in
726 425 930 476 terram
972 419 1114 476 hanc
1164 419 1430 488 venimus,
1481 435 1606 476 cum
1635 417 1914 476 Ludovico
1942 419 1998 480 A
2197 473 2203 479 .
2719 422 2906 479 CXLI.

320 523 456 580 rege
482 505 630 578 loqui
661 505 944 563 debemus.
964 507 1182 564 Festina
1211 509 1534 581 quantocius
1565 507 1704 565 sicut
1733 505 1922 563 solitus
2481 525 2557 565 an
2593 525 2913 567 Lunovmtm
2953 527 3162 570 alienat.

321 611 400 663 es,
433 602 634 650 nostra:
654 593 920 651 Ecclesiae
938 611 1163 652 causam
1184 611 1468 668 peragere,
1493 604 1549 651 ut
1570 597 1715 668 apud
1741 593 1924 652 Domi-
2641 599 2822 670 (Anno
2853 599 3004 671 878.)

318 700 444 738 num
468 693 680 738 merces
702 692 885 739 vestra
905 684 1126 756 copiose
1147 692 1448 741 accrescat.
1475 685 1608 740 Data
1632 689 1698 740 ut
1718 700 1914 758 supra.

965 791 1268 846 CXXXIX.

707 894 780 933 AD
818 893 1276 935 οΑιιοιοιίΑΝΝυιί
1316 895 1524 935 REGEI.

933 969 1116 1040 (Anno
1143 967 1294 1040 878.)

2277 687 2547 760 Ejusdem
2577 705 2644 744 ac
2671 689 2997 761 praecedens
3027 692 3371 762 argumenti.

2091 775 2304 832 Dilecto
2333 774 2444 832 ﬁlio
2473 777 2758 832 Lunovrco
2788 776 3033 852 glorioso
3061 777 3198 851 regi.

2089 862 2247 932 Quod
2274 879 2375 936 pro
2405 880 2543 936 pace
2586 872 2640 920 et
2687 865 2896 922 unitate
2945 873 3261 922 sanctarum
3293 867 3392 922 Dei
3419 867 3618 924 Eccle-

2017 951 2220 1008 siarum
2269 952 2619 1029 omniumque
2663 953 3089 1010 Christianorum
3137 969 3170 1009 a
3213 953 3454 1010 Romana
3483 955 3616 1011 sede

321 1077 564 1148 Miratur
603 1077 772 1148 illum
814 1075 887 1131 ad
931 1075 1092 1148 binas
1123 1075 1350 1148 litteras
1395 1092 1511 1148 non
1539 1075 1909 1148 respondisse.

406 1147 793 1202 Valetudinem
845 1149 966 1218 ejus
1017 1146 1316 1218 deplorat;
1371 1146 1532 1202 addit
1586 1146 1652 1201 de
1705 1147 1913 1218 synodo

399 1218 580 1272 Trecis
610 1218 962 1273 celebranda.

389 1315 414 1341 ³
441 1305 786 1360 Sabbatinum
816 1305 1149 1378 episcOpum.

391 1393 737 1450 Sabbatinum
765 1393 1079 1466 episcOpum
1108 1395 1342 1466 primum
1371 1403 1423 1449 et
1449 1403 1639 1465 postea
1668 1409 1766 1464 per
1793 1395 1908 1449 An-

316 1491 550 1554 spertum
583 1482 1058 1548 Mediolanensem,
1109 1484 1177 1537 de
1227 1500 1332 1554 qua
1375 1483 1598 1537 multum
1633 1483 1904 1548 miramur,

2012 1041 2069 1095 in
2099 1049 2285 1112 partes
2313 1041 2504 1097 Galliae
2531 1041 2860 1110 venerimus,
2889 1041 2945 1096 in
2974 1041 3202 1114 epistola
3231 1059 3393 1116 quam
3421 1042 3617 1116 gloria

2013 1138 2211 1185 vestrae
2239 1129 2490 1184 misimus
2535 1129 2854 1201 plenissime
2900 1128 3213 1202 signiﬁcare
3255 1131 3610 1188 studuimus:

2013 1217 2287 1274 nescimus
2316 1226 2498 1274 tamen
2525 1234 2634 1290 quo
2662 1226 2909 1290 tempore
2937 1217 3006 1274 ad
3035 1234 3134 1274 vos
3163 1218 3428 1291 pervenit,
3461 1227 3515 1274 et
3541 1219 3612 1278 de

2011 1321 2076 1362 eo
2108 1322 2215 1378 qua
2243 1323 2304 1362 re
2335 1305 2493 1362 nobis
2522 1323 2632 1362 non
2661 1307 2811 1362 dedit
2825 1305 3044 1363 dilectio
3068 1313 3248 1363 vestra
3262 1323 3608 1379 responsum.

1983 1393 2352 1466 ‘QuaprOpter
2381 1411 2587 1467 quaso,
2605 1393 2681 1449 ﬁli
2713 1394 3056 1464 charissime,
3077 1393 3146 1450 ad
3175 1411 3277 1451 nos
3307 1403 3366 1450 ut
3393 1395 3463 1451 ad
3493 1395 3610 1452 col-

2008 1482 2251 1555 loquium
2282 1483 2426 1555 quod
2455 1499 2577 1542 cum
2607 1481 2880 1539 Ludovico
2899 1499 3032 1555 rege
3061 1482 3238 1540 Caroli
3265 1482 3608 1555 imperatoris

316 1587 416 1628 cur
443 1586 550 1626 non
572 1571 685 1640 jam
715 1587 744 1624 a
774 1571 929 1627 vobis
957 1587 1281 1643 responsum
1325 1571 1408 1626 vel
1448 1571 1646 1626 missos
1685 1569 1908 1642 accepi-
2007 1569 2119 1627 ﬁlio
2145 1571 2294 1642 apud
2324 1572 2526 1627 Trecas
2555 1571 2793 1626 habituri
2823 1587 3028 1638 sumus,
3061 1571 3108 1626 si
3136 1570 3465 1642 possibilitas
3492 1587 3605 1628 non

316 1676 436 1715 mus
469 1677 484 1714 :
515 1675 616 1715 nos
646 1675 768 1714 cum
814 1657 952 1714 foret
996 1659 1255 1730 possibile
1296 1659 1552 1730 primum,
1594 1658 1781 1714 saltem
1811 1675 1910 1730 per
2005 1659 2255 1729 obsistat,
2287 1659 2474 1715 venire
2501 1659 2851 1725 acceleretis;
2902 1659 2988 1716 vel
3036 1659 3081 1714 si
3109 1659 3292 1731 aliquo
3317 1658 3604 1716 obstaculo
3645 1714 3652 1720 .

314 1749 520 1820 legatos
547 1747 826 1802 vobiscum
857 1747 1004 1820 loqui
1035 1762 1374 1818 cuperemus,
1423 1747 1622 1802 deinde
1653 1763 1776 1802 cum
1809 1763 1902 1802 re-
1932 1775 1986 1836 Β
2007 1747 2400 1819 ρτωρεὰίωἰηὶ,
2434 1755 2492 1803 ιιι
2521 1763 2629 1804 non
2659 1755 2926 1819 Optamus,
2947 1755 3196 1803 strenuos
3215 1747 3428 1821 legatos
3443 1747 3604 1804 nobis

313 1836 475 1909 liquis
499 1835 750 1891 fratribus
779 1835 1014 1892 vestris:
1038 1835 1183 1908 quod
1212 1836 1336 1908 quia
1366 1845 1545 1892 vestra
1575 1833 1901 1901 inﬁrmitate,

313 1940 480 1997 quam
533 1924 758 1980 nimium
813 1923 1082 1989 dolemus,
1137 1933 1219 1980 est
1266 1924 1711 1996 praetermissum,
1763 1939 1908 1980 nunc

314 2013 457 2085 apud
503 2014 721 2076 Trecas,
773 2013 985 2068 Christo
1029 2013 1355 2084 Opitulante,
1406 2013 1670 2086 synodum
1721 2029 1906 2068 sumus

315 2101 657 2168 celebraturi,
687 2101 1081 2174 loquemurque
1129 2118 1250 2157 cum
1293 2101 1566 2156 Ludovico
1599 2109 1652 2156 et
1681 2099 1905 2173 reliquis

315 2189 512 2246 vestris
542 2189 812 2255 fratribus,
842 2198 895 2246 et
947 2199 1069 2262 post
1102 2189 1378 2246 Kalendas
1410 2193 1682 2261 Augustas
1710 2189 1778 2244 ad
1806 2205 1906 2245 vos

315 2288 646 2334 revertemur
669 2297 682 2332 :
703 2286 907 2334 tantum
939 2279 1118 2334 locum
1149 2278 1308 2334 nobis
1337 2278 1570 2334 dicendo
1598 2278 1664 2332 ad
1693 2285 1906 2350 tempus

313 2363 560 2422 mandate
589 2383 698 2440 quo
727 2367 886 2423 nobis
929 2367 1176 2422 debeatis
1219 2382 1534 2432 occurrere,
1585 2374 1633 2421 et
1663 2366 1904 2422 laborem

313 2472 415 2528 pro
443 2464 625 2512 vestra
653 2465 824 2512 matre
873 2465 1056 2512 sancta
1102 2455 1346 2512 Romana
1393 2455 1644 2511 Ecclesia
1670 2471 1780 2510 non
1814 2471 1904 2511 re-

314 2554 496 2600 cusate
523 2560 818 2610 assumere,
851 2544 979 2616 quia
1006 2545 1056 2600 si
1075 2546 1308 2616 [ueritis
1329 2545 1466 2600 socii
1483 2543 1708 2609 laboris,
1731 2544 1906 2600 simul

313 2633 474 2689 eritis
503 2638 560 2688 et
589 2634 990 2690 consolationis
1013 2633 1090 2704 (II
1118 2633 1238 2689 Cor.
1271 2633 1331 2702 ι).
1373 2640 1425 2687 et
1454 2631 1508 2686 in
1539 2631 1662 2696 hoc,
1695 2645 1901 2703 quaeso,

313 2719 641 2792 perﬁciendo
669 2737 774 2778 non
807 2721 874 2776 sit
904 2721 1012 2777 ulla
1041 2719 1246 2776 dilatio.
1280 2721 1420 2776 Data
1448 2724 1517 2776 ut
1542 2736 1734 2793 supra.

1033 2829 1192 2885 CXL.

798 2932 870 2972 AD
909 2933 1164 2973 οΑιιοιιυιι
1205 2933 1412 2974 REGEH.

932 3006 1112 3080 (Anno
1141 3007 1290 3076 878.)

2011 1835 2230 1909 dirigite
2257 1853 2358 1907 per
2389 1851 2526 1908 quos
2555 1835 2744 1909 gloriae
2785 1844 2982 1892 vestra:
3008 1835 3192 1892 omnia
3219 1842 3450 1906 secreta,
3478 1853 3602 1909 qum

2005 1925 2186 1980 animo
2215 1933 2404 1980 nostro
2436 1925 2696 1989 resident,
2729 1923 2960 1980 ﬁdenter
2988 1924 3252 1980 mandare
3280 1919 3559 1980 valea'mus
3583 1943 3600 1994 ;

2005 2012 2184 2068 locum
2216 2012 2376 2068 nobis
2405 2011 2568 2068 simul
2599 2013 2978 2068 nominetenus
3016 2011 3324 2086 designate,
3354 2029 3463 2084 quo
3493 2011 3599 2068 frui

2005 2109 2191 2156 vestro
2245 2100 2517 2174 colloquio
2562 2109 2615 2156 et
2659 2100 2906 2173 germani
2952 2099 3119 2156 vestri
3163 2099 3346 2156 Caroli
3375 2099 3602 2172 gloriosi

2005 2190 2152 2262 regis
2182 2189 2480 2246 valeamus.
2527 2189 2798 2259 Quoniam
2845 2189 2914 2244 de
2961 2188 3064 2246 hac
3093 2189 3409 2245 terra'nullo
3436 2188 3602 2246 modo

2005 2277 2401 2352 regrediemur,
2451 2277 2785 2350 priusquam,
2838 2278 2954 2334 Deo
3001 2276 3314 2345 auxiliante,
3363 2292 3600 2349 percon.

2003 2383 2135 2438 grua
2165 2374 2219 2422 et
2245 2375 2432 2422 mutua
2463 2365 2746 2422 vobiscum
2777 2366 3104 2422 misceamus
3132 2365 3424 2438 colloquia.
3465 2365 3604 2421 Data

2003 2459 2070 2512 ut
2091 2473 2282 2528 supra.

2692 2542 2900 2598 CXLII.

2490 2647 2562 2687 AD
2599 2645 2858 2686 (ιλιιοισιι
2896 2642 3105 2686 καθεὶς.

2619 2720 2800 2792 (Anno
2829 2718 2979 2789 878.)

2005 2810 2206 2884 Arguit
2232 2811 2375 2884 quod
2401 2813 2630 2867 vocatus
2658 2809 2731 2864 ad
2758 2825 2815 2864 se
2833 2824 2950 2884 non
2969 2808 3209 2884 uenerit,
3245 2805 3600 2884 sicut_Ludo-

2075 2877 2362 2937 bicus'rex
2388 2883 2623 2953 fecerat,
2667 2883 2863 2953 mouet
2899 2878 3002 2953 sub
3045 2877 3598 2953 excommunicatio-

2075 2953 2167 3008 ηις
2181 2969 2367 3024 paena,
2388 2947 2464 3008 ἰιι
2495 2953 2585 3034 sui
2611 2949 3014 3076 regnifnibus
3042 2952 3344 3005 contentus
3371 2947 3600 3004 nullam

2078 3023 2274 3076 Bosom'
2304 3023 2628 3076 molestiam
2655 3021 2794 3076 exh;
2827 3023 2939 3076 eat.

2078 3021 2274 3078 Bosoni
2304 3023 2628 3078 molestiam
2655 3021 2939 3076 exhibeat.

316 3105 444 3192 Agit
473 3108 694 3190 gratias
717 3105 786 3192 de
815 3106 1168 3192 observantia
1206 3120 1338 3192 erga
1371 3106 1680 3192 {lemurum
1701 3102 1901 3192 licet?
1933 3129 1983 3192 ο
2076 3111 2286 3167 Dilecto
2315 3110 2540 3166 Canono
2570 3107 2813 3180 glorioso
2843 3107 2986 3180 regi.

389 3173 534 3233 siam
564 3197 582 3233 :
612 3179 862 3232 miratur
890 3175 1032 3245 quod
1061 3175 1134 3230 ad
1161 3191 1219 3230 se
1251 3173 1460 3245 legatos
1491 3191 1606 3229 non
1634 3173 1858 3228 miserit
1887 3195 1904 3231 :

383 3251 540 3319 rogat
561 3251 626 3302 ut
653 3251 788 3302 ante
803 3245 1142 3318 colloquium
1163 3245 1304 3318 quod
1325 3245 1907 3319 cum_Ludovico_rege

385 3316 678 3375 habiturus
698 3321 800 3384 cst,
825 3322 931 3373 aut
956 3316 1074 3390 ipse
1095 3316 1305 3382 ueiziat,
1335 3319 1440 3372 aut
1459 3316 1664 3386 legatos
1685 3317 1902 3370 mittat.

383 3425 592 3481 Dilecto
623 3423 733 3479 ﬁlio
763 3423 986 3480 CAROLO
1017 3421 1261 3496 glorioso
1289 3423 1429 3495 regi.

385 3513 538 3583 Quod
569 3529 666 3584 pro
693 3529 828 3585 pace
857 3520 909 3568 et
938 3512 1140 3568 unitate
1171 3519 1480 3567 sanctorum
1507 3510 1606 3566 Dei
1635 3509 1902 3566 Ecclesia-

314 3619 431 3658 rum
463 3603 811 3675 omniumque
857 3601 1286 3656 Christianorum
1333 3599 1388 3654 in
1435 3599 1619 3672 priore
1652 3599 1901 3671 epistola,

313 3706 478 3764 quam
536 3699 734 3746 vestras
790 3689 1037 3746 misimus
1095 3688 1399 3755 dilectioni,
1459 3687 1902 3760 signiﬁcavimus,

311 3780 504 3853 gloria:
534 3778 882 3835 nihilominus
913 3786 1107 3834 vestrae
1149 3779 1344 3834 uberes
1389 3777 1684 3850 gratiarum
1715 3776 1906 3832 laudes

315 3867 700 3941 rependimus;
747 3867 872 3940 quia
917 3883 1020 3922 nos
1067 3875 1254 3922 vestra
1281 3865 1512 3938 epistola
1540 3865 1698 3921 valde
1724 3863 1906 3920 laetiﬁ-

312 3957 474 4014 castis
523 3957 576 4012 in
618 3957 722 4012 hoc
770 3956 917 4028 quod
961 3955 1308 4010 dilectionem
1357 3953 1520 4009 animi
1563 3953 1732 4010 vestri
1761 3953 1907 4010 circa

313 4047 608 4102 Romanam
638 4044 962 4110 Ecclesium,
984 4044 1120 4100 sicut
1141 4043 1309 4098 vestri
1338 4051 1593 4115 parentes
1621 4057 1686 4098 ac
1716 4042 1906 4113 proavi

315 4135 629 4200 habuerunt,
662 4123 867 4190 habere
893 4133 1127 4188 ubertim
1157 4130 1505 4202 signiﬁcatis;
1538 4131 1696 4188 valde
1727 4139 1904 4185 tamen

312 4223 571 4279 miramur
597 4238 696 4278 cur
726 4223 796 4277 ad
827 4238 926 4278 nos
963 4221 1176 4294 legatos
1226 4227 1439 4275 vestros
1471 4235 1580 4274 non
1608 4217 1902 4284 direxistis,

311 4312 448 4368 sicut
475 4311 679 4382 precati
709 4326 912 4365 sumus.
962 4308 1306 4380 Quapropter
1352 4323 1558 4380 qumso,
1591 4305 1667 4362 ﬁli
1696 4305 1904 4362 charis-

311 4400 466 4468 sime,
502 4407 558 4454 ut
589 4400 745 4471 (edit.
799 4401 952 4456 Rom.
1004 4397 1165 4454 addit
1213 4397 1283 4452 ad
1324 4396 1448 4466 nos)
1477 4395 1543 4450 ad
1575 4393 1906 4468 colloquium

312 4488 458 4561 quod
487 4503 608 4544 cum
639 4487 910 4543 Ludovico
959 4502 1091 4558 rege
1137 4484 1317 4540 Caroli
1365 4483 1708 4555 imperatoris
1757 4483 1905 4556 regis
1932 4487 1984 4548 D

313 4576 423 4632 ﬁlio
451 4576 594 4648 apud
623 4576 821 4632 Trecas
850 4575 1085 4630 habituri
1117 4590 1324 4640 sumus,
1357 4573 1403 4628 si
1433 4571 1767 4644 possibilitas
1796 4587 1907 4626 non

311 4664 546 4732 obsistit,
577 4665 760 4720 venire
790 4663 1144 4729 acceleretis;
1195 4663 1280 4718 vel
1325 4661 1369 4717 si
1417 4661 1597 4733 aliquo
1625 4659 1907 4716 obstaculo

313 4753 708 4825 praepedimini,
731 4761 788 4808 ut
818 4769 927 4808 non
949 4760 1221 4823 Optamus,
1245 4760 1500 4807 strenuos
1519 4750 1734 4824 legatos
1748 4749 1908 4804 nobis

307 4842 550 4916 dirigite,
575 4859 675 4914 per
703 4857 840 4914 quos
871 4841 1061 4913 gloriae
1091 4849 1288 4896 vestrm
1317 4840 1498 4896 omnia
1527 4846 1758 4903 secreta,
1786 4855 1908 4910 quae

313 4930 494 4987 animo
522 4939 710 4987 nostro
744 4930 1005 4996 resident,
1047 4928 1276 4984 ﬁdenter
1302 4928 1563 4984 mandare
1589 4927 1866 4983 valeamus
1889 4946 1904 4990 ς

313 5019 494 5076 locum
523 5019 679 5076 nobis
709 5018 866 5074 simul
916 5018 1295 5073 nominetenus
1343 5017 1625 5088 designate
1663 5031 1772 5088 quo
1801 5013 1908 5070 frui

316 5116 494 5164 vestro
523 5107 792 5180 colloquio
823 5116 875 5162 et
912 5107 1169 5162 Germani
1200 5105 1364 5161 vestri
1395 5104 1650 5160 Ludovici
1681 5103 1907 5178 gloriosi

314 5197 460 5270 regis
490 5197 786 5262 valeamus,
839 5195 1094 5268 quoniam
1145 5195 1213 5250 de
1260 5195 1364 5250 hac
1392 5201 1538 5248 terra
1568 5192 1718 5248 nullo
1745 5191 1908 5246 modo

315 5286 712 5358 regrediemur,
732 5284 1070 5356 priusquam,
1096 5284 1210 5338 Deo
1231 5283 1544 5347 auxiliante,
1563 5295 1910 5354 percongrua

316 5382 370 5429 et
397 5384 584 5430 mutua
611 5374 891 5430 vobiscum
942 5373 1268 5428 misceamus
1309 5371 1597 5444 colloquia.
1649 5369 1910 5442 Optamus

316 5463 546 5536 gloriam
576 5471 810 5519 vestram
841 5462 944 5533 piis
975 5461 1170 5518 ﬂorere
1202 5459 1568 5516 successibus.

383 5581 400 5603 '
428 5576 610 5630 Desunt
632 5575 812 5642 aliqua.

2081 3199 2316 3254 Servans
2373 3197 2532 3253 ﬁdem
2592 3196 2922 3252 Francorum
2979 3193 3206 3267 regibus
3226 3234 3240 3261 ,
3300 3191 3603 3249 secundum

2006 3286 2472 3359 praedecessorum
2503 3301 2744 3341 meorum
2767 3281 3124 3356 pontiﬁcium,
3143 3281 3345 3338 multos
3359 3289 3414 3337 et
3433 3280 3602 3336 duros

2004 3376 2218 3432 labores
2248 3376 2303 3430 in
2331 3375 2468 3430 mari
2497 3383 2549 3429 et
2580 3374 2634 3428 in
2662 3381 2806 3430 terra
2827 3370 3066 3444 pertuli;
3121 3370 3192 3426 ab
3238 3369 3376 3425 urbe
3405 3377 3456 3425 et
3485 3368 3601 3426 Ro-

2004 3479 2168 3520 mana
2197 3464 2328 3520 sede
2355 3463 2413 3518 in
2440 3462 2721 3520 Franciam
2751 3461 2875 3517 veni
2903 3479 2918 3516 :
2949 3475 3142 3516 omnes
3169 3475 3268 3514 vos
3295 3456 3606 3532 legatorum

2005 3561 2116 3608 tam
2145 3552 2269 3608 viva
2297 3568 2433 3609 voce
2461 3567 2626 3624 quam
2663 3549 2908 3622 epistolis
2955 3547 3138 3604 studui
3181 3561 3508 3612 convocare,
3543 3552 3604 3601 nt

2004 3650 2220 3714 pactum
2249 3640 2395 3713 quod
2420 3639 2506 3696 avi
2550 3647 2604 3696 et
2650 3646 2834 3711 patres
2878 3636 3048 3694 vestri
3096 3642 3296 3692 sancta:
3341 3635 3604 3690 Romana

2004 3730 2266 3786 Ecclesia
2288 3727 2647 3800 jurejurando
2695 3725 3086 3800 promiserunt,
3137 3723 3435 3796 adimplere
3463 3737 3605 3779 con-

2005 3817 2320 3876 tenderetis.
2355 3817 2462 3874 Sed
2493 3819 2616 3882 heu,
2649 3815 2786 3888 prob
2824 3813 3018 3871 dolori
3062 3812 3243 3870 cuncti
3289 3811 3478 3868 venire
3506 3825 3608 3882 per

2005 3907 2430 3964 inobedientiam
2458 3903 2796 3980 neglexistis,
2828 3911 3028 3976 praeter
3055 3901 3390 3958 Ludovicum
3421 3915 3610 3971 regem

2004 3997 2146 4052 divae
2173 3995 2450 4052 memoriae
2481 3993 2663 4050 Caroli
2692 3991 3036 4064 imperatoris
3066 3989 3255 4056 ﬁlium,
3288 3989 3442 4059 cujus
3471 4002 3611 4044 eon-

2005 4085 2127 4140 silio
2159 4093 2320 4157 atque
2361 4085 2595 4150 hortatu,
2643 4083 2912 4136 Bosonem
2963 4078 3260 4152 gloriosum
3307 4075 3611 4149 principem

2005 4189 2104 4244 per
2131 4171 2441 4242 adoptionis
2468 4170 2703 4242 gratiam
2729 4167 2898 4223 ﬁlium
2918 4182 3102 4223 meum
3123 4163 3316 4233 effeci;
3349 4171 3410 4219 ut
3430 4163 3522 4219 ille
3553 4163 3611 4219 in

2004 4259 2296 4316 mundanis
2316 4258 2676 4325 discursibus,
2697 4272 2798 4313 nos
2819 4255 2988 4310 libere
3005 4253 3060 4309 in
3080 4253 3167 4308 his
3183 4269 3305 4326 qua
3333 4251 3401 4309 ad
3432 4251 3610 4306 Deum

2005 4349 2271 4421 pertinent
2289 4391 2302 4410 .
2362 4363 2556 4404 vacare
2609 4345 2910 4402 valeamus.
2947 4341 3314 4414 Quapropter
3369 4337 3614 4396 contenti

2007 4437 2238 4494 termino
2269 4435 2426 4510 regni
2456 4434 2643 4500 vestri,
2675 4449 2867 4506 pacem
2909 4439 2962 4488 et
2993 4431 3231 4504 quietem
3259 4429 3464 4484 habere
3495 4433 3612 4483 stu-

2007 4527 2150 4594 dete,
2183 4523 2306 4597 quia
2334 4524 2498 4580 modo
2528 4531 2580 4580 et
2609 4522 2871 4594 deinceps
2922 4517 3452 4577 excommunieamus
3483 4530 3610 4571 om-

2005 4631 2104 4670 nes
2136 4613 2229 4685 qui
2257 4620 2451 4669 contra
2479 4611 2800 4684 praedictum
2845 4609 3014 4666 ﬁlium
3044 4615 3287 4664 nostrum
3317 4606 3607 4677 insurgere

2005 4701 2344 4760 tentaverint.
2377 4703 2513 4757 Data
2536 4705 2604 4758 ut
2631 4717 2824 4773 supra.

2679 4787 2913 4844 CXLIII.

2308 4893 2382 4934 AD
2422 4891 2770 4934 ιιιιτιιειιτωι
2809 4887 3303 4932 ΑΒΟΗῙΒΡΙῧΟΟΡυΙ.

2625 4967 2806 5038 (Anno
2837 4963 2986 5035 878.)

2078 5059 2259 5114 Monet
2290 5061 2360 5113 ut
2385 5057 2613 5112 Bosonis
2631 5051 3276 5196 ﬁljizbusthwreditatem
3303 5051 3535 5108 restitui

2735 5141 2860 5180 acta
2893 5164 2907 5177 .

2735 5141 2907 5180 aetat.

2080 5215 2544 5274 Reverentissimo
2590 5221 2644 5270 et
2693 5211 3039 5269 sanctissimo
3097 5209 3358 5268 confratri
3417 5217 3607 5268 nostro

2009 5307 2324 5362 Ltu'rann'ro
2353 5301 2783 5375 archiepiscOpo.

2082 5393 2498 5450 Fraternitatem
2543 5398 2690 5446 tuam
2758 5389 3038 5448 recordari
3085 5389 3334 5446 volumus
3379 5387 3614 5462 qualiter

2005 5484 2114 5554 jam
2135 5483 2205 5538 de
2221 5475 2649 5556 prOprietatibus
2670 5479 2898 5541 Bosonis
2907 5487 2961 5534 et
2974 5477 3432 5560 Engeltrudistibi
3445 5477 3610 5555 serip-
