4160 6298
639 303 744 358 787

1936 303 2232 358 JOANNIS
2291 301 2484 357 ΡΑΡΔΞ
2561 303 2699 358 νιιι.

3835 303 3934 356 788

635 427 888 496 serimus,
920 437 1206 483 monentes
1251 437 1310 482 ut
1350 427 1517 498 ipsas,
1563 444 1700 500 quas
1749 443 1846 482 vos
1893 426 2131 482 allodum
2158 424 2312 486 di-A
2339 433 2597 482 vestram.
2659 423 3008 498 Quapropter
3073 435 3175 481 tua:
3238 425 3560 480 fraternitati
3615 423 3940 481 auctoritate

643 515 786 585 citis,
840 515 1056 570 ﬁliabus
1099 531 1284 572 eorum
1332 532 1478 586 saepe
1533 515 1960 572 reclamantibus
2005 514 2236 570 reddere

630 603 889 660 deberitis
921 623 934 658 :
969 605 1225 676 quoniam
1254 605 1495 660 omnium
1526 603 1708 677 legum
1738 603 2056 659 auctoritate
2087 601 2232 674 legi-

631 693 747 748 timi
774 691 872 747 ﬁlii
905 701 1029 748 sunt
1059 694 1172 748 veri
1220 693 1470 749 haeredes
1515 693 1600 764 (In
1647 692 1884 748 authent.
1919 692 1986 747 de
2015 691 2232 746 ered.

629 783 697 837 ab
725 783 896 838 intes.
927 799 1074 848 ven.,
1109 781 1139 854 ἓ
1171 782 1242 853 1),
1279 790 1335 836 ut
1383 789 1564 840 vestra
1621 781 1760 835 bene
1811 779 1987 835 noscit
2017 779 2235 851 religio-

629 869 782 939 sitas,
815 871 1122 952 iterumque
1153 872 1430 930 hortantes
1477 886 1784 934 monemus,
1818 869 2232 940 apostolicaque

627 959 940 1014 auctoritate
973 975 1230 1032 expresse
1263 959 1548 1028 jubemus;
1588 959 1700 1027 jam
1733 957 1862 1030 quia
1892 965 2107 1012 nostras
2139 956 2231 1010 lit-

627 1053 778 1102 teras
807 1047 993 1102 audire
1039 1047 1345 1113 distuleras,
1395 1053 1448 1101 et
1496 1063 1662 1118 super
1711 1046 1796 1100 his
1843 1047 2104 1102 hactenus
2135 1061 2228 1100 re-

627 1136 900 1208 spondere
947 1135 1291 1209 neglexeras,
1345 1135 1596 1190 volumus
1641 1142 1698 1189 ut
1745 1135 1814 1189 ad
1863 1149 1957 1190 cor
1985 1133 2226 1200 rediens,

626 1225 772 1296 ipsas
801 1240 946 1296 saepe
979 1223 1404 1290 reclamatrices,
1453 1229 1544 1279 aut
1592 1223 1840 1278 homines
1873 1222 2114 1293 ipsarum
2146 1223 2230 1276 in-

624 1313 827 1368 vestire
856 1312 924 1367 de
949 1312 1060 1382 jam
1088 1311 1247 1367 dictis
1278 1311 1699 1384 proprietatibus
1731 1320 1969 1382 satagas,
1995 1318 2233 1366 vestros-

628 1417 732 1474 que
759 1416 947 1456 earum
977 1407 1029 1455 et
1059 1399 1196 1456 alios
1238 1399 1522 1456 invasores
1553 1399 1800 1454 similiter
1831 1398 2088 1466 facturos,
2119 1415 2224 1454 no-

623 1495 732 1544 stra
763 1489 1080 1544 auctoritate
1113 1487 1633 1544 excommunicando
1673 1503 1999 1559 permoneas
2034 1504 2045 1542 :
2081 1503 2222 1559 quo-

621 1575 769 1632 niam
793 1577 974 1646 justus
1003 1576 1264 1634 Dominus
1287 1577 1555 1647 justitiam
1588 1575 1794 1643 dilexit,
1828 1584 1881 1630 et
1911 1576 2221 1647 aequitatem

617 1665 750 1722 vidit
778 1663 958 1721 vultus
989 1667 1124 1734 ejus.
1164 1690 1184 1712 υ
1219 1665 1329 1720 llEt
1358 1665 1404 1720 si
1434 1665 1572 1720 forte
1604 1665 1822 1736 spurius
1852 1663 2216 1720 Godefredus.

2340 515 2511 570 nostri
2541 514 2874 586 apostolatus
2895 515 3168 584 jubemus,
3209 513 3466 570 attentius
3495 513 3741 584 praedicti
3773 513 3935 587 geni-

2338 603 2442 658 tori
2474 619 2694 659 causam
2724 603 3049 659 sacerdotali
3079 602 3387 659 succinctus
3415 603 3605 674 vigore
3631 602 3932 674 inquirere.

2337 692 2495 765 eique
2524 693 2688 748 finem
2716 691 3074 764 legaliterque
3121 692 3412 747 terminum
3460 691 3608 759 dare,
3651 690 3696 745 si
3723 691 3934 763 negotii

2336 789 2506 836 status
2535 781 2881 854 inambiguus
2896 780 3087 836 futuris
3102 780 3450 852 prospicitur.
3474 779 3632 849 Quod
3652 780 3699 834 si
3725 795 3935 850 anceps

2335 879 2520 926 vestro
2572 869 2735 926 fuerit
2789 870 2904 926 visa
2958 869 3254 934 libramini,
3306 877 3565 941 utrasque
3604 876 3792 940 partes
3824 869 3934 922 suis

2333 959 2750 1032 allegationibus
2795 959 3090 1014 instructas
3136 957 3324 1014 venire
3372 957 3429 1012 in
3457 957 3810 1028 prmsentiam
3839 973 3932 1012 no-

2334 1056 2496 1102 stram
2527 1044 2748 1104 omnino
2775 1056 2982 1104 mature
3011 1047 3350 1103 mandamus.
3382 1047 3520 1102 Data
3549 1051 3617 1102 ut
3635 1062 3836 1118 supra.

3013 1199 3244 1256 CXLVI.

2330 1319 2401 1358 AD
2459 1320 2855 1361 THEODORICUM
2912 1319 3386 1361 ARCHIEPISCOPUH
3447 1317 3922 1360 BISUNTINENSEI.

2944 1414 3124 1483 (Anno
3155 1412 3304 1482 8'78.)

2325 1520 2486 1576 lubet
2515 1523 2578 1575 ut
2597 1521 3030 1644 [quamprimum
3061 1519 3251 1576 veniat
3297 1523 3354 1575 et
3384 1519 3706 1592 episcopum
3737 1520 3804 1572 in
3835 1535 3921 1574 ec-

2396 1591 2570 1644 clesia
2617 1593 2972 1644 .ausanemi.
3005 1595 3244 1644 urovter
3260 1591 3572 1644 electorum
3601 1591 3919 1644 divisiones.

2396 1591 2570 1664 clesia
2597 1591 2975 1664 Lausanemi,
2990 1595 3244 1664 propter
3260 1591 3572 1664 electorum
3592 1591 3919 1664 divisiones,

2393 1662 2728 1733 priusquam
2745 1677 2863 1717 una
2891 1662 3306 1734 colloquantur,
3341 1662 3603 1717 ordinari
3629 1665 3809 1716 vetat.

619 1763 711 1810 aut
741 1753 1008 1826 aliquibus
1055 1753 1174 1824 ipsa
1220 1755 1501 1809 mmchans
1549 1753 1921 1827 Engeltrudis,
1969 1752 2086 1808 sine
2117 1752 2215 1807 viri

2404 1766 2864 1824 Reverentissimo
2893 1775 2945 1822 et
2975 1767 3318 1822 sanctissimo
3353 1767 3724 1825 THEODORICO
3747 1765 3924 1822 archi-

623 1858 897 1900 consensu
928 1858 1146 1916 quoquo
1175 1843 1339 1897 modo
1369 1842 1671 1908 donaverit,
1691 1841 2021 1897 contendere
2041 1841 2220 1896 voluc-

622 1932 724 2001 i-it;
757 1941 948 1986 nostra
973 1930 1274 2003 apostolica
1302 1931 1638 1997 auctoritate,
1663 1930 1837 1986 donec
1866 1929 2218 2000 reddiderint,

623 2021 751 2094 quia
771 2019 1136 2076 sancientibus
1163 2021 1369 2075 Joanne
1397 2036 1539 2092 papa
1563 2020 1808 2076 Romano
1839 2026 1891 2074 et
1918 2018 2222 2074 Justiniano

624 2103 953 2180 imperatore
985 2109 1250 2180 scriptum
1280 2116 1362 2163 est
1392 2110 1476 2180 (In
1506 2109 1749 2163 authent.
1783 2109 1936 2165 Bona
1977 2108 2220 2164 damna-

627 2199 836 2264 torum,
867 2196 1054 2252 codice
1083 2198 1148 2254 de
1191 2197 1320 2253 don.
1364 2215 1546 2270 prose.
1593 2213 1692 2253 seu
1730 2195 1970 2266 domm),
2005 2196 2220 2266 spurios

623 2269 758 2344 satis
787 2285 1094 2356 injuriosos,
1130 2269 1377 2358 satisque
1401 2285 1649 2354 acerbos,
1685 2293 1738 2340 et
1769 2284 1971 2340 nostris
2002 2293 2218 2356 tempo-

621 2373 771 2448 ribus
802 2390 1022 2444 semper
1050 2373 1305 2446 indignos
1327 2390 1448 2429 esse
1468 2374 1822 2443 dijudicamus
1848 2392 1860 2428 :
1885 2381 2220 2446 quapropter

619 2461 875 2518 convenit
904 2463 1262 2518 reverentiam
1293 2471 1533 2519 vestram
1563 2463 1714 2517 illum
1736 2478 1954 2533 semper
1968 2477 2214 2517 monere.

617 2551 788 2606 Porro
819 2553 1099 2606 hortamur
1144 2560 1202 2606 ut
1250 2568 1469 2625 quoquo
1516 2552 1680 2607 modo
1721 2551 2030 2607 monuimus
2060 2567 2216 2606 com-

619 2639 791 2712 pleas,
837 2640 1176 2712 quoniam'si
1225 2640 1378 2696 aliter
1433 2639 1648 2706 feceris,
1702 2639 1846 2696 scias
1876 2649 1928 2696 te
1957 2641 2216 2696 canonica

618 2729 990 2787 damnandum
1015 2745 1269 2793 censura,
1320 2737 1376 2783 ut
1425 2729 1629 2784 debeas
1677 2729 1802 2785 illos
1837 2729 2214 2785 excommuni-

616 2811 765 2877 care.
799 2818 939 2872 Data
965 2821 1030 2873 ut
1059 2834 1250 2890 supra.

1300 2937 1534 2992 CXLIV.

1034 3041 1105 3080 ΑΙ)
1145 3039 1485 3081 MATFREDUM
1522 3040 1766 3082 COMITEM
1779 3069 1788 3080 .

1235 3115 1416 3175 (Anno
1445 3114 1594 3185 878,)

684 3206 866 3262 Monet
897 3209 960 3260 ut
989 3205 1216 3260 Bosom‘s
1245 3205 1466 3261 comitis
1493 3203 1718 3273 ﬁliabus
1750 3203 2137 3260 hrereditatem.

1260 3277 1550 3332 restituat.

685 3383 998 3438 Mxrrnuno
1033 3381 1226 3437 illustri
1256 3381 1460 3438 comiti.

680 3470 1118 3545 Suggerentibus
1150 3470 1399 3526 videlicet
1428 3467 1639 3525 filiabus
1660 3469 1888 3526 Bosonis
1918 3486 2094 3542 nuper
2123 3486 2208 3526 co-

608 3561 777 3628 mitis,
811 3569 862 3616 et
891 3559 1240 3634 Engeltrudis
1271 3559 1540 3634 conjugis,
1575 3561 1836 3632 proxima:
1865 3568 2082 3627 vestra),
2115 3577 2210 3615 au-

610 3651 842 3708 divimus
871 3657 925 3704 ut
956 3649 1162 3704 allodes
1209 3665 1338 3704 suos
1387 3665 1486 3705 vos
1533 3649 1853 3706 invadentes
1882 3655 2066 3704 tenere
2097 3664 2207 3704 non

608 3736 930 3796 formidetis.
965 3738 1142 3808 Super
1169 3753 1278 3809 quo
1304 3738 1562 3792 miramur
1609 3752 1708 3793 cur
1739 3744 1902 3793 tanta:
1933 3737 2208 3808 sapientim

609 3825 692 3886 vir
721 3827 826 3880 hoc
852 3823 1036 3880 facere
1063 3842 1170 3880 non
1203 3827 1516 3881 erubescas.
1549 3827 1744 3882 Nonne
1775 3825 1924 3881 scitis
1953 3826 2207 3896 quoniam

608 3915 667 3974 in
687 3911 1002 3970 haereditate
1050 3914 1390 3986 suscipienda
1437 3915 1688 3970 omnibus
1730 3913 1980 3988 cognatis
2007 3914 2205 3986 praefe-

607 4003 767 4062 rendi
793 4011 918 4060 sunt
949 4001 1086 4058 ﬁlii?
1113 4003 1210 4059 Illa
1239 4020 1371 4059 vero
1399 4005 1702 4070 moechans,
1743 4003 1904 4060 alicui
1921 4005 2038 4059 sine
2071 4019 2206 4059 con-

605 4108 775 4151 sensu
795 4091 894 4148 viri
929 4108 994 4147 ex
1025 4092 1109 4147 his
1138 4093 1341 4166 aliquid
1387 4093 1520 4148 dare
1572 4093 1816 4166 nequivit
1849 4093 2091 4149 omnium
2121 4093 2204 4148 le-

607 4199 740 4256 gum
796 4181 1134 4239 auctoritate.
1197 4183 1354 4238 Unde
1409 4199 1507 4239 vos
1563 4199 1868 4251 monemus,
1927 4183 2206 4238 hortamur

605 4270 1012 4344 apostolicaque
1043 4271 1364 4328 auctoritare
1389 4273 1663 4342 jubemus,
1695 4280 1752 4327 ut
1780 4273 1928 4344 ipsas
1955 4272 2204 4344 proprie-

605 4367 741 4417 tates
781 4359 888 4416 illis
943 4358 1151 4416 ﬁliabus
1208 4376 1396 4415 eorum
1454 4361 1688 4416 reddere
1744 4377 1840 4432 pro
1896 4361 2205 4416 reverentia

600 4447 916 4520 principum
963 4447 1360 4518 apostolorum,
1407 4464 1436 4501 a
1482 4449 1678 4520 quibus
1727 4466 1824 4520 per
1865 4465 1954 4505 me
2001 4449 2202 4520 petiere

2331 1854 2589 1926 episcopo
2617 1855 2983 1912 Bisuntinensi
3015 1855 3273 1912 confratri
3304 1863 3508 1912 nostro.

2393 1944 2564 2018 Igitur
2593 1945 2720 2016 quia
2748 1944 3060 2000 fraternitas
3090 1953 3177 2000 tua
3205 1943 3517 2017 apostolica:
3549 1952 3604 1998 et
3632 1944 3920 1999 universa-

2320 2033 2388 2087 lis
2428 2017 2544 2088 r'Dei
2599 2033 2862 2090 Ecclesia:
2915 2035 3322 2106 persecutiones
3378 2034 3629 2098 audiens,
3689 2034 3922 2104 compati

2320 2123 2498 2178 modis
2527 2122 2778 2178 omnibus
2825 2123 3048 2194 distulit,
3100 2139 3328 2196 nosque,
3379 2139 3479 2194 pro
3531 2139 3599 2178 eo
3629 2131 3685 2178 et
3714 2123 3922 2180 cunctis

2319 2211 2442 2266 aliis
2470 2211 2712 2267 laborem
2745 2221 3038 2272 sumentes.
3086 2229 3302 2285 quoquo
3350 2212 3514 2268 modo
3562 2211 3793 2268 visitare
3823 2228 3921 2266 ne-

2318 2300 2506 2374 glexit,
2560 2301 2686 2356 satis
2731 2301 2994 2358 miramur
3041 2311 3096 2356 et
3143 2319 3209 2356 ex
3260 2309 3413 2374 parte
3460 2302 3769 2369 turbamur,
3802 2317 3919 2356 cum

2318 2387 2374 2444 in
2402 2397 2456 2445 te
2483 2389 2659 2445 taliter
2687 2390 3000 2446 charitatem
3043 2390 3242 2463 frigere
3283 2390 3692 2463 cognoscimus.
3725 2391 3917 2445 Nonne

2318 2477 2532 2534 Veritas
2575 2479 2650 2534 ait
2699 2497 2712 2532 :
2767 2479 2826 2536 Si
2865 2481 3052 2552 frater
3098 2482 3343 2552 fratrem
3389 2480 3710 2551 adjuverat,
3760 2479 3916 2536 ambo

2317 2569 2767 2623 excitabuntur?
2793 2568 2977 2639 (Prov.
3011 2569 3175 2638 xvm)
3225 2569 3291 2622 Et
3321 2567 3596 2639 Sapientia
3628 2567 3873 2639 loquitur
3903 2585 3917 2621 :

2316 2657 2516 2711 Frater
2543 2660 2598 2712 et
2629 2657 2847 2712 amicus
2891 2658 2952 2713 in
3001 2657 3277 2713 laboribus
3305 2658 3698 2729 comprobatur
3730 2657 3912 2728 (Prov.

2315 2746 2478 2813 xvn).
2511 2743 2580 2798 Et
2608 2743 2983 2814 praedecessor
2999 2751 3184 2800 noster
3203 2745 3451 2800 Gelasius
3471 2761 3634 2816 papa,
3658 2745 3915 2800 terrendo

2317 2831 2370 2886 in
2402 2831 2514 2887 suis
2541 2828 2926 2901 decretalibus,
2959 2833 3232 2904 episcOpis
3259 2833 3783 2904 parvipendentibus
3811 2832 3911 2888 fra-

2316 2929 2456 2974 trum
2487 2921 2800 2976 vexationes
2830 2921 3014 2977 scribit
3038 2939 3052 2976 :
3075 2922 3186 2976 Cur
3214 2938 3323 2977 non
3353 2921 3625 2992 compassi
3655 2922 3835 2977 estis?
3863 2930 3912 2978 et

2315 3007 2545 3080 reliqua.
2580 3007 2928 3081 QuaprOpter
2954 3025 3242 3066 monemus
3271 3017 3330 3065 ut
3357 3011 3621 3066 hactenus
3651 3018 3706 3065 te
3734 3010 3909 3083 negli-

2313 3105 2528 3169 gentem
2556 3113 2872 3169 pernoscas,
2904 3105 2958 3153 et
2985 3099 3055 3153 ad
3083 3099 3392 3170 despeclam
3421 3098 3746 3154 charitatem
3775 3099 3912 3154 nihi-

2312 3185 2566 3256 lominus,
2599 3186 3026 3259 postpositisqne
3055 3187 3306 3241 omnibus
3342 3187 3508 3254 curis,
3542 3188 3611 3242 ad
3638 3185 3743 3242 nos
3775 3187 3909 3242 visi-

2311 3276 2504 3332 tandos
2531 3291 2641 3332 una
2669 3291 2792 3332 cum
2820 3275 2927 3332 hoc
2955 3284 3144 3332 nostro
3171 3277 3338 3332 misso
3368 3275 3789 3348 praesentialiter
3817 3293 3907 3331 ve-

2308 3363 2424 3419 nire
2453 3373 2694 3438 satagas.
2721 3366 2982 3420 Cazterum
3023 3366 3406 3434 audivimus,et
3426 3365 3613 3421 auditu
3636 3365 3905 3428 dolemus,

2307 3460 2366 3508 ut
2392 3453 2446 3507 in
2479 3453 2728 3509 Ecclesia
2757 3454 3108 3521 Lausanensi,
3133 3471 3255 3526 qua:
3276 3453 3392 3508 sine
3421 3455 3584 3509 Patre
3613 3469 3761 3510 nunc
3790 3470 3907 3509 cer-

2308 3540 2472 3608 nitur,
2505 3541 2573 3596 sit
2601 3551 2717 3597 orta
2746 3543 3040 3610 contentio,
3075 3543 3296 3614 ejusque
3315 3541 3548 3598 filiorum
3567 3542 3622 3596 in
3643 3542 3904 3598 electione

2307 3629 2563 3686 antistitis
2606 3630 2673 3686 sit
2719 3631 2955 3687 nefanda
3001 3632 3214 3688 divisio.
3277 3632 3430 3688 Unde
3477 3648 3766 3688 monemus
3811 3647 3905 3704 per

2308 3720 2481 3775 Deum
2513 3720 2743 3786 Patrem,
2794 3729 2846 3776 et
2888 3720 3100 3791 Filium,
3151 3729 3203 3776 et
3235 3728 3480 3777 sanctum
3509 3720 3774 3792 Spiritum
3802 3721 3901 3774 ob-

2308 3815 2588 3874 testamur,
2623 3809 3028 3881 apostolicaque
3077 3807 3398 3865 auctoritate
3442 3825 3702 3881 expresse
3741 3809 3900 3878 jube-

2307 3912 2448 3963 mus,
2481 3905 2536 3952 et
2563 3897 2960 3964 interdicimus,
3011 3907 3069 3953 ut
3118 3898 3298 3971 quoad
3340 3899 3411 3952 ad
3459 3913 3756 3953 commune
3785 3898 3897 3953 elo-

2308 3985 2494 4056 quium
2555 3995 2802 4041 nostrum
2857 3987 3166 4058 pervenias,
3224 3987 3296 4042 ibi
3345 3983 3664 4060 episcopum
3723 4005 3896 4060 neque

2301 4074 2457 4144 jussu
2488 4075 2637 4146 regis
2667 4093 2845 4148 neque
2875 4093 2940 4132 ex
2971 4076 3140 4148 petitu
3161 4075 3334 4148 plebis
3356 4092 3682 4132 consecrare
3701 4093 3900 4148 praesu-

2308 4179 2442 4230 mas,
2476 4173 2742 4236 quatenus
2771 4181 2896 4220 cum
2924 4181 3028 4220 una
3056 4165 3270 4220 allocuti
3301 4165 3583 4228 fuerimus,
3611 4166 3898 4220 auxiliante

2306 4253 2442 4320 Deo,
2474 4269 2596 4310 cum
2629 4254 2901 4309 communi
2930 4254 3194 4318 consulto,
3226 4271 3387 4326 quem
3415 4253 3689 4308 utiliorem
3719 4254 3901 4326 praevi-

2305 4341 2562 4404 derimus,
2596 4357 2926 4398 consecrare
2956 4343 3328 4414 permittamus
3357 4343 3425 4398 de
3455 4359 3626 4398 more.
3653 4342 3789 4412 Qum
3816 4344 3898 4398 hic

2307 4431 2547 4486 scribere
2583 4431 2895 4499 omisimus,
2961 4432 3086 4487 huic
3132 4433 3317 4505 legato
3365 4439 3554 4486 nostro
3602 4431 3898 4487 Deusdedit

603 4535 885 4606 auxilium,
918 4535 1139 4590 minime
1169 4534 1408 4601 differas,
1444 4537 1693 4606 quoniam
1727 4538 1772 4590 si
1801 4537 1954 4591 aliter
1983 4537 2198 4602 feceris,

2315 4518 2548 4592 glorioso
2577 4519 2842 4592 magistro
2890 4521 3138 4586 militum,
3191 4501 3244 4576 et
3291 4521 3434 4589 duci,
3476 4520 3905 4592 consiliarioque

605 4625 749 4681 scias
780 4633 830 4681 te
859 4624 1121 4680 canonica
1151 4623 1452 4679 feriendum
1474 4640 1726 4680 censura.
1748 4623 1885 4681 Data
1915 4630 1981 4682 ut
2008 4643 2198 4698 supra.

1305 4747 1510 4804 CXLV.

1148 4869 1220 4910 AD
1259 4861 1638 4910 VALDERAMUM
1646 4898 1656 4908 .

1221 4956 1402 5025 (Anno
1432 4957 1582 5027 878.)

605 5046 788 5102 Mouet
815 5049 883 5102 ut
917 5045 1230 5120 Valderami
1271 5061 1502 5120 causam
1543 5047 1614 5120 ad
1658 5047 1881 5103 exitum
1923 5051 2196 5120 perducat

1108 5117 1194 5172 vel
1223 5117 1296 5172 ad
1324 5134 1381 5173 se
1411 5119 1688 5174 remittat.

676 5232 1022 5288 VALDERAMO
1053 5232 1366 5288 venerabili.

673 5320 1026 5380 Prtesentium
1055 5320 1196 5378 lator
1223 5322 1542 5389 litterarum,
1564 5322 1781 5379 nomine
1813 5321 2188 5391 Valderamus,

598 5411 670 5472 ad
698 5418 938 5468 vestram
968 5408 1358 5466 fraternitatem
1390 5427 1571 5468 coram
1590 5411 1745 5468 nobis
1768 5413 1993 5468 veniens
2018 5412 2195 5486 lacry-

599 5500 866 5556 mabiliter
897 5506 1124 5571 questus
1153 5509 1233 5554 est
1261 5508 1466 5570 patrem
1487 5517 1644 5554 suum
1673 5518 1704 5554 a
1732 5502 1966 5572 quodam
1996 5501 2191 5570 injuste

601 5577 836 5647 carceris
881 5588 1125 5645 custodia
1175 5589 1347 5644 teneri
1391 5588 1668 5644 detrusum
1721 5589 1852 5644 intra
1882 5591 2190 5662 parochiam

2305 4616 2510 4672 nostro,
2543 4617 2599 4662 ut
2628 4609 2810 4664 verbis
2854 4609 2998 4666 dicat
3045 4609 3373 4679 injunximus
3405 4629 3417 4663 :
3451 4627 3611 4681 quem
3663 4609 3894 4682 benigne

2304 4695 2550 4767 recipite,
2582 4706 2634 4753 et
2665 4714 2787 4768 quae
2818 4697 2974 4754 vobis
3003 4715 3068 4754 ex
3099 4707 3284 4753 nostra
3313 4706 3468 4770 parte
3501 4697 3700 4767 tulerit,
3734 4697 3892 4753 indif-

2303 4784 2540 4840 ferenter
2568 4787 2766 4842 audite.
2802 4787 2932 4842 Data
2963 4791 3029 4842 ut
3058 4804 3250 4859 supra.

2965 4907 3222 5003 evan.

2694 5077 2764 5115 AD
2802 5076 3052 5117 AMBTIUM
3091 5078 3506 5118 PRESBYTERCM.

2918 5168 3100 5241 (Anno
3131 5169 3280 5240 878.)

2361 5274 2660 5346 Privilegio
2687 5292 2789 5348 pro
2819 5279 3160 5334 monasterio
3193 5277 3389 5334 Sancti
3420 5278 3580 5332 Petri
3610 5279 3674 5332 in
3699 5293 3836 5348 pago

2447 5377 2454 5384 -
2899 5349 3286 5406 Nemausensi.

2293 5432 2472 5505 [Apud
2503 5435 2566 5488 D.
2601 5435 2862 5508 Bouquet,
2898 5439 3122 5493 Reeueil
3143 5437 3239 5494 des
3269 5438 3602 5504 Historieus,
3636 5444 3764 5492 tom.
3797 5436 3882 5496 iV.

2930 5524 3056 5581 pag.
3106 5508 3248 5580 165.]

2360 5593 2616 5648 Joxxxns
2646 5595 2955 5667 episcopus,
3008 5613 3198 5652 servus
3247 5613 3524 5652 servorum
3575 5596 3692 5660 Dei,
3727 5612 3884 5650 reve-

658 5725 682 5752 ι
702 5716 819 5769 Erat
841 5716 1129 5768 adulterium
1151 5715 1360 5766 delatum
1385 5717 1434 5765 in
1454 5714 1706 5778 judicium,
1727 5719 1779 5765 ut
1806 5728 1865 5766 ex
1890 5717 2032 5779 epist.
2063 5719 2160 5768 145
2184 5723 2404 5782 apparet.
