4160 6320
349 321 450 374 789

1583 311 1936 370 EPISTOLE
1983 315 2069 370 ET
2127 275 2471 372 Danaum.

3553 305 3657 382 .790

345 441 670 498 rentissimis
699 439 1074 496 sacerdotibus
1094 443 1308 495 Auno
1338 439 1664 512 presbytero
1693 445 1746 495 et
1767 438 1944 494 LEONI
1973 439 2028 500 A
2049 437 2228 506 ditiis;
2262 457 2358 496 seu
2387 420 2676 497 ecclesiam
2705 442 2885 498 Sancti
2918 444 3176 514 Stephani
3227 459 3350 501 cum
3396 423 3649 500 omnibu's

347 530 551 586 abbati.
1505 575 1513 591 .

417 618 578 688 Quod
605 615 916 690 postulastis
945 633 976 673 a
1005 617 1184 685 nobis,
1225 617 1582 674 concedimus
1615 616 1955 690 religiositati

343 715 544 763 vestra:
573 706 963 762 monasterium
992 706 1174 763 Sancti
1207 707 1350 762 Petri
1378 721 1501 762 cum
1531 705 1784 761 omnibus
1803 704 1953 761 cellis

343 803 398 852 et
428 797 588 853 rebus
619 795 722 850 sibi
777 794 1194 866 pertinentibus,
1252 795 1307 849 in
1345 811 1454 867 quo
1489 794 1721 866 quiescit
1751 809 1952 865 corpus

344 885 489 941 beati
517 884 714 956 .Egidii
742 884 797 939 in
827 884 980 940 Valle
1009 884 1287 953 Flaviana,
1317 884 1374 938 in
1403 882 1946 955 pagofNemausensi,

343 975 402 1028 in
432 973 630 1030 ﬁnibus
659 972 873 1028 Gothim
904 991 916 1026 :
951 988 1110 1044 quam
1161 972 1369 1028 Vallem
1417 972 1632 1027 Flavius
1677 971 1950 1044 quondam

347 1078 468 1132 rex,
527 1060 754 1133 praefato
808 1061 964 1116 beato
1011 1059 1224 1133 Egidio
1271 1060 1510 1116 donavit.
1575 1059 1678 1129 Qui
1729 1067 1950 1116 sanctus

346 1150 596 1224 Egidius
625 1149 820 1206 exinde
847 1149 1197 1204 donationem
1245 1149 1528 1222 integriter
1555 1149 1813 1206 Romana:
1837 1149 1950 1204 Ec-

348 1239 534 1296 clesia
563 1237 708 1307 fecit,
740 1245 794 1294 et
821 1237 899 1293 ibi
923 1237 980 1292 in
1010 1237 1362 1293 veneratione
1390 1237 1696 1309 principum
1725 1245 1947 1309 aposto-

343 1327 523 1384 lorum
553 1327 700 1382 Petri
727 1334 780 1382 et
822 1327 973 1381 Pauli
1019 1325 1406 1382 monasterium
1437 1324 1744 1382 aediﬁcavit.
1780 1327 1946 1382 Porro

347 1417 479 1472 dum
509 1415 743 1488 spatium
773 1423 935 1472 terras
963 1415 1098 1471 illud
1127 1405 1436 1471 coenobium
1467 1430 1500 1470 a
1529 1415 1767 1471 Romana
1787 1430 1947 1486 sepa-

340 1514 488 1562 raret
529 1504 806 1572 Ecclesia,
853 1503 980 1576 quia
1022 1519 1124 1575 pro
1171 1503 1292 1558 aliis
1337 1503 1484 1560 curis
1532 1502 1658 1558 illuc
1703 1503 1944 1576 legatum

343 1593 558 1650 mittere
612 1593 972 1666 nequiverat,
1019 1592 1414 1648 Nemausensis
1485 1591 1712 1648 antistes
1765 1591 1942 1663 ipsum

342 1683 576 1756 quadam
604 1681 904 1738 temeritate
933 1681 1199 1736 invadens
1229 1681 1558 1736 sustulerat:
1583 1680 1779 1736 deinde
1801 1697 1941 1752 pra:-

2058 528 2172 584 suis
2202 528 2564 600 appenditiis;
2597 530 2686 586 vel
2712 531 2862 602 ipsos
2891 529 3076 586 alodes
3107 532 3198 604 qui
3226 532 3292 586 ad
3321 531 3496 604 ipsum
3525 547 3648 586 mo-

2053 617 2351 673 nasterium
2379 617 2580 673 debent
2606 634 2730 674 esse
2771 618 3147 696 pertinentes;
3191 620 3416 676 Seuram
3463 620 3647 677 villam

2053 722 2176 762 cum
2193 705 2518 778 appenditiis
2539 706 2670 774 suis,
2695 707 2782 762 vel
2806 707 2977 762 servis
3005 707 3208 763 ibidem
3221 697 3646 780 pertinentibus;

2051 794 2309 850 Brascam
2337 811 2458 850 cum
2490 795 2818 866 appenditiis
2857 795 3004 863 suis;
3035 785 3267 852 Bionum
3295 813 3414 852 cum
3443 807 3651 869 appen-

2051 882 2197 938 ditiis
2228 883 2371 952 suis;
2404 883 2459 938 in
2485 884 2754 940 Bruciano
2785 885 2973 940 hortos
3013 891 3068 940 et
3111 901 3336 956 campos
3367 905 3382 953 ;
3443 871 3646 942 Luvam

2053 987 2174 1026 cum
2205 971 2530 1042 appenditiis
2561 973 2700 1038 suis;
2749 958 2922 1044 ripam
2967 973 3257 1030 Gothicam
3282 992 3298 1041 ;
3321 973 3644 1045 Aspiranum

2051 1075 2174 1116 cum
2204 1061 2455 1115 omnibus
2484 1061 2810 1132 appenditiis
2839 1061 2987 1129 suis;
3019 1061 3075 1116 in
3107 1061 3400 1118 Generaco‘
3425 1078 3646 1134 campos

2050 1152 2102 1198 et
2129 1143 2316 1200 vineas
2345 1160 2466 1200 cum
2495 1144 2742 1200 terminis
2763 1143 2908 1211 suis;
2941 1145 2995 1198 in
3017 1145 3412 1201 Costaballenis
3460 1145 3648 1202 vineas

2048 1249 2172 1290 cum
2205 1233 2448 1288 terminis
2470 1233 2617 1301 suis;
2649 1234 2704 1288 in
2735 1233 2938 1308 Gurgis
2968 1243 3190 1306 campos
3221 1242 3274 1290 et
3301 1235 3488 1290 vineas
3525 1241 3647 1292 eum

2047 1321 2292 1376 terminis
2314 1323 2427 1376 suis
2451 1341 2466 1388 ;
2490 1322 2544 1376 in
2565 1322 2784 1378 Tovana
2805 1338 3028 1395 campos
3039 1330 3091 1378 et
3111 1322 3332 1390 vineas;
3374 1323 3445 1378 ’in
3492 1324 3646 1396 Aq’ua

2046 1409 2171 1466 viva
2199 1427 2425 1482 campos
2455 1418 2509 1466 et
2538 1411 2724 1466 vineas
2749 1431 2762 1478 ;
2785 1411 2840 1465 in
2863 1411 3102 1466 Alburno
3133 1427 3356 1482 campos
3379 1420 3432 1468 et
3453 1412 3642 1487 vineas

2046 1514 2168 1554 cum
2181 1499 2430 1554 omnibus
2452 1497 2942 1571 suisjpertinentiis;
2969 1499 3495 1575 inglocojquiﬁicitur
3517 1501 3641 1556 Sta-

2045 1587 2320 1644 cionensis
2332 1603 2556 1660 campos
2571 1595 2625 1644 et
2641 1587 2824 1643 vineas
2835 1605 2958 1644 cum
2971 1587 3224 1644 omnibus
3241 1589 3353 1644 suis
3365 1589 3644 1660 pertinen-

2044 1674 2164 1743 tiis;
2199 1677 2472 1734 Coconem
2494 1693 2618 1731 cum
2639 1676 2890 1732 omnibus
2911 1676 3024 1732 suis
3061 1676 3568 1733 consuetudinariis.

338 1780 558 1844 ceptum
589 1787 656 1826 ex
701 1786 833 1843 rege
877 1770 1212 1826 Francorum
1261 1777 1586 1840 exceperat;
1617 1771 1672 1824 in
1701 1783 1810 1842 quo
1837 1785 1940 1826 nec
1959 1795 2012 1855 Β
2115 1777 2462 1850 Quapropter
2482 1779 2729 1834 volumus
2751 1788 2801 1836 et
2823 1779 3171 1850 praecipimus
3199 1788 3254 1835 ut
3283 1787 3480 1836 cuncta
3524 1781 3642 1839 haec

341 1858 648 1916 ﬁrmitatem
665 1859 916 1925 credens,
937 1859 1242 1914 Romanum
1263 1856 1575 1930 pontificem
1591 1857 1753 1925 adiit;
1778 1874 1942 1929 super

337 1950 446 2005 hoc
475 1949 634 2004 etiam
661 1948 1041 2004 auctoritatem
1069 1945 1274 2013 furtim,
1319 1947 1478 2018 quasi
1519 1947 1588 2001 de
1634 1946 1766 2016 suis,
1801 1962 1938 2018 apo-

338 2037 582 2094 stolicam
616 2036 922 2108 exquisivit.
944 2036 1054 2092 Sed
1069 2043 1274 2092 sanctae
1294 2035 1685 2090 recordationis
1707 2035 1940 2090 domnus

338 2125 615 2192 Nicolaus,
662 2125 788 2182 licet
831 2126 991 2195 hujus
1040 2123 1246 2180 fraudis
1293 2133 1438 2181 esset
1482 2125 1724 2198 ignarus,
1757 2123 1939 2180 divino

337 2223 520 2272 tamen
547 2215 745 2287 Spiritu
772 2215 988 2286 plenus,
1013 2230 1205 2270 omnes
1226 2215 1294 2270 de
1317 2214 1420 2270 hoc
1434 2213 1617 2285 legem
1634 2222 1940 2286 quaerentes

341 2320 606 2362 excusare
651 2303 864 2376 sategit.
913 2303 1022 2360 Sed
1068 2319 1169 2359 nos
1219 2319 1345 2359 cum
1386 2303 1442 2356 in
1484 2311 1668 2358 nostro
1715 2301 1939 2358 archivo

335 2393 666 2450 monimenta
716 2394 1025 2449 chartarum
1071 2392 1495 2464 requireremus,
1527 2391 1600 2446 ibi
1647 2390 1779 2447 illud
1810 2407 1942 2462 pra:-

337 2490 552 2554 ceptum
591 2482 748 2538 beato
796 2481 1010 2553 ngidio
1059 2481 1315 2536 traditum
1357 2479 1682 2552 reperimus.
1729 2479 1939 2536 Dehinc

337 2586 461 2628 cum
507 2570 776 2626 Arelatem
819 2569 1149 2625 maritimali.
1174 2569 1364 2624 itinere
1411 2585 1512 2640 pro
1558 2567 1936 2623 universarum

337 2658 839 2718 EcclesiarumDei
859 2657 1082 2730 negotio
1099 2657 1543 2724 veniremus,hoc
1564 2657 1936 2723 recordantes,

335 2749 512 2820 ipsum
543 2747 932 2802 monasterium
961 2763 1061 2818 per
1091 2747 1308 2802 Deusde
1351 2745 1546 2800 ducem
1574 2745 1936 2812 Ravennates,

334 2837 652 2892 advocatum
678 2843 944 2902 nostrum,
969 2844 1161 2890 contra
1178 2834 1490 2890 Girbertum
1509 2834 1940 2890 Nemausensem

335 2926 646 2998 episcopum
675 2925 1043 2997 quaesivimus.
1095 2925 1208 2979 Imo
1251 2923 1538 2978 ambarum
1574 2923 1812 2994 partium
1842 2923 1941 2978 ad-

335 3015 540 3072 vocatis
567 3031 664 3086 per
691 3012 1069 3084 ﬁdejussorem
1089 3013 1306 3084 legatis,
1339 3019 1658 3068 exsecutore
1679 3011 1941 3067 duntaxat

336 3101 911 3177 Georgio_scriniario,
967 3111 1020 3157 et
1065 3101 1284 3157 Deusde
1331 3109 1548 3174 agente,
1597 3101 1767 3157 voluit
1794 3101 1938 3155 idem

331 3191 616 3249 Girbertus
643 3191 934 3263 episc0pus
998 3207 1099 3261 per
1131 3197 1466 3262 praeceptum
1513 3189 1698 3245 domni
1731 3188 1942 3244 Nicolai

329 3281 434 3354 pia:
461 3279 738 3336 memoria:
766 3279 842 3334 ibi
871 3280 1136 3335 relectum
1179 3295 1238 3335 se
1268 3277 1584 3334 defendere.
1614 3278 1723 3332 Sed
1742 3279 1939 3334 Resta-

327 3386 472 3444 gnus
501 3368 834 3424 Arelatensis
859 3368 1326 3440 archiepiscopus,
1363 3375 1416 3422 et
1447 3366 1753 3440 Sigebodus
1789 3356 1938 3422 Nar-

329 3459 585 3515 bonensis
615 3457 1077 3530 archiepiscOpus,
1121 3465 1175 3512 et
1213 3455 1495 3512 Aribertus
1528 3455 1939 3512 Ebredunensis

325 3547 764 3619 archiepiscOpus
789 3588 802 3615 ,
857 3545 1180 3602 Walbertus
1258 3544 1574 3600 Portuensis
1623 3545 1934 3615 episcopus,

330 3635 607 3694 Paschalis
655 3635 940 3691 Amerinus
985 3635 1296 3706 episcopus,
1349 3633 1638 3690 Ratbertus
1681 3633 1936 3688 Valentia:

331 3725 646 3799 episcopus,
677 3724 979 3780 Litidumus
1005 3723 1363 3778 Massiliensis
1393 3721 1703 3795 episcopus,
1727 3721 1934 3777 Alicta-

325 3814 438 3870 rius
466 3813 800 3870 Vivariensis
819 3813 1128 3884 episcopus,
1153 3819 1206 3868 et
1225 3811 1317 3867 alii
1333 3811 1574 3883 episcOpi
1591 3811 1890 3883 provincia
1915 3837 1929 3883 ;

327 3911 382 3960 et
401 3903 635 3972 judices,
665 3903 904 3957 Joannes
934 3901 1044 3956 dux
1074 3909 1126 3956 et
1151 3901 1408 3973 princeps
1423 3891 1922 3966 RavennamArdus,

322 3992 611 4059 Adbertus,
645 3990 1005 4060 Giselfredus,
1036 3991 1362 4058 Alderadus,
1395 3989 1702 4059 Godultius,
1745 3995 1797 4043 et
1833 3987 1930 4044 alii

320 4080 564 4138 nonnulli
591 4079 956 4152 provinciales
977 4079 1214 4149 judices,
1266 4087 1324 4133 ut
1353 4093 1688 4150 preceptum
1725 4078 1928 4134 lectum

329 4169 636 4237 audierunt,
659 4185 786 4224 mox
815 4175 1194 4242 cognoverunt
1223 4167 1577 4239 apostolicam
1613 4165 1799 4222 domni
1824 4164 1925 4221 Ni-

319 4258 461 4316 colai
489 4275 780 4315 censuram
809 4273 1070 4316 excusare
1099 4258 1168 4312 de
1211 4258 1317 4312 hoc
1366 4257 1548 4330 legem
1593 4261 1920 4326 quaerentes,

325 4355 380 4406 et
397 4348 648 4404 dixerunt
683 4365 784 4420 per
823 4347 957 4402 illud
1002 4355 1334 4418 praeceptum
1381 4346 1486 4401 hoc
1531 4343 1922 4400 monasterium

2040 1867 2286 1942 praefata,
2306 1867 2392 1923 vel
2413 1883 2534 1940 quae
2564 1865 2748 1936 offerri
2777 1867 3062 1942 contigerit
3092 1868 3450 1942 subsequenti
3490 1877 3634 1926 tem-

2037 1940 2194 2028 pore,
2227 1955 2427 2010 illibata
2451 1964 2503 2010 et
2523 1955 2640 2010 sine
2661 1940 3034 2028 inquietudine
3071 1943 3129 2011 in
3170 1971 3331 2012 usum
3369 1940 3626 2026 coenobii,

2039 2051 2092 2100 et
2121 2043 2178 2098 in
2204 2043 2406 2100 salario
2436 2044 2580 2099 beati
2609 2045 2754 2100 Petri
2802 2031 3037 2116 apostoli
3083 2045 3482 2120 possideantur.
3520 2047 3637 2122 'Ve-

2039 2140 2345 2188 rumtamen
2373 2141 2431 2187 ut
2460 2132 2564 2187 sibi
2593 2148 2691 2204 pro
2723 2133 3089 2205 quorumlibet
3137 2134 3529 2191 sustentatione
3577 2150 3642 2202 ac

2037 2221 2431 2292 gubernatione
2455 2236 2717 2277 concessa
2732 2229 2878 2288 sunt,
2915 2219 3046 2276 fiant
3070 2205 3248 2279 modis
3273 2223 3524 2278 omnibus
3540 2240 3642 2295 pro

2039 2307 2239 2378 futura,
2273 2325 2340 2365 ea
2367 2299 2676 2366 conditiOne
2704 2318 2762 2364 ut
2791 2307 2975 2366 nullus
3003 2327 3386 2367 successorum
3423 2322 3640 2370 nostro-

2041 2414 2162 2453 rum
2189 2399 2244 2452 in
2275 2399 2373 2453 hac
2401 2407 2589 2454 sancta
2620 2399 2770 2464 sede,
2803 2399 2892 2454 cui
2921 2408 3144 2474 auctore
3175 2399 3428 2467 Domino,
3461 2401 3646 2458 deser-

2037 2486 2234 2552 vimus,
2257 2501 2498 2558 unquam
2526 2487 2611 2542 vel
2640 2502 2869 2559 usquam
2901 2487 3107 2565 aliquid
3133 2488 3203 2544 de
3227 2475 3428 2565 iisdem
3471 2491 3638 2546 rebus

2037 2574 2386 2642 beneficiare,
2417 2583 2769 2643 commutare,
2801 2591 2864 2632 ac
2891 2576 2994 2630 sub
3018 2562 3191 2646 censu
3210 2562 3511 2654 concedere
3538 2596 3636 2650 per

2038 2663 2223 2719 futura.
2245 2671 2492 2742 tempora
2520 2664 2776 2735 patiatur,
2799 2665 2906 2719 nisi
2933 2665 3202 2721 Amelium
3232 2667 3630 2742 presbyterum,

2038 2752 2132 2826 qui
2160 2737 2348 2808 noster
2395 2752 2616 2808 omnino
2672 2752 3030 2826 dignoscitur.
3090 2755 3260 2824 Hujus
3317 2737 3410 2809 rei
3465 2737 3639 2832 gratia

2037 2841 2485 2896 commendamus
2515 2841 2672 2896 vobis
2701 2842 2846 2897 hanc
2876 2841 3126 2898 notitiam
3155 2843 3226 2897 ad
3254 2843 3554 2922 regendum
3585 2853 3637 2900 et

2037 2929 2295 2985 tuendum
2325 2931 2379 2984 e't
2407 2930 2546 2984 bene
2575 2927 2952 3006 aediﬁcandum
2977 2921 3324 3002 ,cte'nobium,
3384 2932 3457 2987 ita
3510 2921 3642 2988 sane

2039 3025 2158 3072 uta
2185 3018 2358 3088 vobis,
2391 3017 2622 3088 singulis
2670 3016 3083 3090 quibuscunque
3139 3018 3314 3085 annis,
3357 3021 3638 3091 pensionis

2037 3106 2275 3174 nomine,
2309 3106 2367 3160 in
2402 3106 2704 3162 rationibus
2735 3106 3119 3162 ecclesiasticis
3158 3122 3220 3182 χ,
3243 3109 3455 3181 argenti
3499 3105 3634 3164 solii

2043 3195 2221 3264 diana,
2279 3195 2530 3250 denarios
2584 3210 2668 3250 xu
2724 3195 3075 3266 accipientes,
3133 3195 3238 3266 pia;
3303 3197 3636 3271 paternitatis

2040 3281 2362 3356 suﬂ'ragium
2373 3283 2550 3339 eidem
2574 3283 2908 3339 monasterio
2920 3292 3106 3340 contra
3117 3299 3308 3340 omnes
3318 3284 3638 3354 infestantes

2037 3372 2356 3444 impendere
2387 3373 2661 3428 studeant.
2696 3374 2944 3445 Itemque
2975 3373 3264 3429 statuimus
3293 3382 3372 3442 ut,
3403 3375 3638 3440 obeunte

2035 3461 2228 3516 abbate
2259 3461 2506 3532 praedicti
2534 3461 2869 3532 monasterii,
2901 3477 3012 3517 non
3039 3461 3178 3518 alius
3206 3462 3282 3517 ibi
3309 3448 3635 3536 quocunque

2035 3549 2370 3622 obreptionis
2402 3551 2576 3604 studio
2605 3551 2910 3618 ordinetur,
2959 3551 3064 3605 nisi
3112 3566 3276 3622 quem
3334 3567 3636 3608 consensus

2034 3639 2445 3706 monachorum,
2479 3639 2781 3712 secundum
2809 3637 3062 3695 timorem
3090 3639 3309 3695 Domini
3338 3647 3391 3695 et
3420 3640 3626 3696 institu-

2037 3727 2238 3783 tionem
2269 3727 2480 3801 re'gulaa
2506 3728 2682 3783 sancti
2711 3727 3006 3796 Benedicti,
3055 3727 3306 3802 elegerit,
3363 3737 3418 3785 et
3471 3730 3634 3800 hujus

2034 3812 2343 3888 apostolica:
2373 3816 2522 3888 sedis
2536 3815 2775 3888 pontifex
2795 3817 3096 3888 providerit
3124 3817 3508 3890 ordinandum,
3543 3827 3638 3874 aut

2032 3905 2315 3978 suggestio
2344 3907 2736 3961 monachorum
2779 3906 3118 3962 consenserit
3181 3907 3488 3962 ordinatum
3517 3907 3633 3963 Ro-

2030 4009 2178 4049 mam
2207 3979 2424 4050 adduci.
2459 3995 2574 4050 Hoc
2603 4010 2817 4066 quoque
2871 3994 3106 4066 capitulo
3147 3995 3402 4066 praesenti
3451 3995 3638 4064 adjun-

2027 4083 2228 4153 gimus,
2260 4091 2318 4136 ut
2349 4083 2528 4137 locum
2566 4081 2805 4137 avaritiae
2870 4082 3236 4149 recludamus,
3296 4083 3503 4138 nullum
3559 4083 3626 4160 de
3710 4096 3731 4105 ί

2026 4170 2272 4244 regibus,
2321 4168 2530 4224 nullum
2559 4169 2626 4223 de
2679 4169 3079 4236 sacerdotibus,
3128 4169 3214 4226 vel
3245 4161 3624 4243 quemcunque

2024 4257 2285 4324 ﬁdelium,
2305 4273 2405 4328 per
2435 4255 2774 4328 suppositam
2789 4256 2875 4312 vel
2891 4273 2991 4328 per
3011 4255 3292 4314 suffectam
3307 4274 3618 4330 personam,

2023 4347 2090 4402 de
2120 4345 2462 4402 ordinatione
2493 4345 2739 4415 ejusdem
2767 4345 2994 4414 abbatis,
3025 4346 3112 4403 vel
3139 4341 3483 4414 clericbrum,
3533 4348 3623 4404 vel

320 4452 434 4494 non
459 4453 622 4508 posse
665 4435 922 4504 defendi;
949 4435 1254 4506 judicantes
1303 4434 1484 4489 statim
1531 4441 1586 4488 ut
1633 4431 1920 4504 praefatum
2021 4435 2485 4506 presbyterorum,
2507 4435 2592 4491 vel
2615 4435 2683 4490 de
2702 4434 2992 4508 largitione
3025 4435 3354 4504 chrismatis,
3383 4437 3474 4494 aut
3491 4451 3622 4493 con-

317 4525 704 4582 monasterium
744 4525 953 4581 Amelio
1007 4523 1329 4596 presbytero
1390 4530 1444 4578 et
1502 4521 1668 4577 Leoni
1725 4521 1910 4576 abbati
1940 4513 1993 4573 D
2015 4523 2318 4581 secratione
2343 4524 2604 4592 basilica,
2635 4531 2728 4580 aut
2755 4524 2824 4580 de
2869 4541 3190 4600 quacunque
3239 4523 3623 4582 commoditate

327 4614 612 4670 Girbertus
670 4614 958 4686 episcopus
987 4613 1261 4680 redderet,
1296 4619 1348 4667 et
1376 4627 1590 4684 poenam
1619 4608 1916 4666 invasionis

321 4703 482 4759 nobis
509 4709 882 4774 componeret.
914 4702 1028 4757 Nos
1058 4717 1279 4773 poenam
1305 4717 1407 4772 pro
1437 4700 1552 4770 ejus
1599 4706 1914 4772 paupertate

317 4791 420 4860 illi,
453 4791 496 4846 si
523 4791 754 4862 amplius
779 4806 890 4846 non
930 4789 1256 4862 peccaverit,
1306 4789 1661 4862 reliquimus;
1701 4797 1756 4843 et
1791 4804 1914 4843 mo-

313 4881 611 4936 nasterium
641 4881 742 4934 sub
787 4879 934 4935 omni
979 4879 1291 4952 integritate
1339 4879 1686 4949 recepimus;
1736 4876 1914 4949 ipsum

315 4970 637 5025 advocatum
666 4977 915 5024 nostrum
952 4968 1170 5024 Deusde
1215 4968 1410 5023 ducem
1452 4967 1584 5023 illuc
1634 4967 1913 5022 transmit-

316 5067 511 5128 tentes,
546 5059 638 5131 qui
669 5075 836 5130 super
883 5059 988 5114 hoc
1035 5057 1405 5128 comporalem
1452 5057 1794 5112 traditionem
1843 5057 1912 5112 de

313 5147 567 5203 omnibus
596 5149 762 5204 rebus
793 5147 1040 5219 praedicti
1071 5145 1387 5202 monasterii
1437 5161 1467 5199 a
1509 5145 1738 5216 praefato
1787 5145 1912 5200 Gir-

315 5237 472 5292 berto
509 5236 718 5308 accepit
779 5235 1068 5308 episcopo;
1131 5235 1314 5291 villam
1365 5234 1740 5307 Agarnelliam
1787 5251 1913 5290 cum

315 5321 548 5378 ecclesia
570 5321 753 5377 Sancti
770 5321 980 5390 Jacobi,
1003 5321 1092 5376 vel
1117 5335 1240 5376 cum
1269 5318 1523 5375 omnibus
1553 5317 1666 5373 suis
1699 5334 1909 5390 appen-

309 5408 500 5476 ditiis;
531 5409 780 5465 similiter
811 5409 1100 5466 ecclesiam
1132 5408 1316 5465 Sancti
1346 5408 1580 5463 Andreae
1623 5423 1746 5463 cum
1795 5407 1909 5462 suis

315 5497 697 5570 pertinentiis;
747 5506 798 5554 et
856 5497 1140 5554 ecclesiam
1201 5497 1414 5552 Sancta:
1461 5496 1708 5563 Carcilize,
1744 5505 1907 5568 atque

308 5586 600 5642 ecclesiam
622 5587 801 5642 Sancti
826 5587 1102 5641 Saturnini
1120 5602 1244 5641 cum
1269 5585 1520 5642 omnibus
1542 5585 1654 5640 suis
1696 5601 1905 5656 appen-

2018 4612 2314 4686 spiritualis
2339 4614 2426 4670 vel
2457 4613 2768 4686 temporalis
2798 4607 3067 4686 obsequii,
3113 4615 3228 4671 sive
3275 4613 3344 4670 de
3387 4609 3616 4686 quibus-

2017 4719 2232 4775 cunque
2261 4703 2439 4759 causis
2469 4703 2538 4758 ad
2567 4703 2714 4760 idem
2756 4703 3147 4759 monasterium
3193 4695 3613 4774 pertinentibus,

2015 4791 2072 4846 in
2101 4809 2232 4859 mre,
2267 4791 2323 4846 in
2353 4809 2510 4863 auro,
2539 4793 2625 4848 vel
2654 4792 2763 4848 alia
2810 4791 3047 4864 qualibet
3095 4791 3296 4863 specie,
3343 4792 3616 4848 commodi

2015 4880 2101 4936 vel
2133 4881 2311 4936 exenii
2339 4881 2479 4949 loco,
2513 4881 2808 4954 quidquam
2837 4880 3106 4952 accipere,
3139 4871 3315 4953 neque
3361 4881 3613 4938 eumdem

2013 4969 2283 5035 abbatem,
2316 4968 2672 5026 ordinationis
2700 4984 2814 5024 sum
2841 4984 3026 5034 causa,
3059 4968 3193 5024 dare
3220 4986 3558 5041 praesumere
3591 4993 3606 5039 ;

2014 5074 2084 5114 ne
2112 5059 2215 5115 hac
2243 5058 2534 5116 occasione
2564 5074 2649 5128 ea,
2683 5073 2801 5130 quas
2831 5073 2863 5113 a
2893 5055 3144 5112 fidelibus
3171 5074 3274 5129 pro
3304 5058 3426 5116 loco
3477 5045 3614 5116 oﬁ‘e-

2013 5155 2224 5215 runtur,
2259 5157 2351 5203 aut
2374 5148 2488 5216 jam
2517 5147 2700 5202 oblata
2747 5153 2889 5212 sunt,
2949 5153 3355 5228 consumantur.
3417 5149 3608 5228 Neque

2011 5237 2302 5309 episcopus
2331 5235 2561 5292 civitatis
2590 5233 2760 5306 ipsius
2795 5234 3090 5307 parochias,
3121 5227 3240 5290 ‘nisi
3283 5236 3354 5292 ab
3409 5238 3607 5294 abbate
3636 5303 3640 5308 _

2009 5325 2181 5396 ipsius
2208 5323 2520 5380 monasterii
2550 5324 2824 5390 invitatus,
2873 5323 3072 5380 ibidem
3109 5325 3358 5396 publicas
3405 5326 3603 5382 missas
3631 5311 3640 5322 ’

2009 5421 2158 5486 agat,
2192 5429 2370 5484 neque
2400 5411 2656 5468 stationes
2689 5413 2743 5466 in
2775 5413 3028 5470 coenobio
3057 5411 3248 5470 eodem
3268 5413 3505 5482 inducat,
3529 5432 3598 5470 ne
3637 5405 3643 5410 ’

2009 5517 2296 5558 servorum
2323 5501 2423 5556 Dei
2459 5501 2610 5574 quies
2642 5503 3027 5575 quoquomodo
3057 5504 3598 5576 p0pulari_'conventu

2008 5590 2518 5663 valeatjperturbari
2533 5609 2548 5657 ;
2563 5607 2742 5664 neque
2773 5593 3050 5664 paraticas
3072 5601 3163 5646 aut
3177 5589 3602 5647 mansionaticas
