4160 6312
565 237 671 293 791

1836 236 2131 293 JOANNIS
2186 237 2383 292 PAPE
2433 237 2569 292 VIII.

3752 239 3867 293 792

567 360 763 416 exinde
777 369 1074 432 praesumat
1091 361 1316 434 exigere
1336 360 1790 432 subscriptionem
1811 369 1991 416 autem
2018 360 2160 417 fide-
2188 366 2245 427 Α
2259 360 2482 430 ,Ῑιιειὶῐίιθ
2513 360 2903 427 intercedente,
2946 361 3149 417 illaesus
3180 371 3232 416 et
3276 362 3539 417 innocens
3595 336 3860 417 recedere

559 447 691 504 lium
719 457 773 504 et
800 448 1183 521 religiosorum
1220 464 1288 505 ac
1342 448 1749 517 beneﬁciorum,
1802 465 1968 522 quam
2010 450 2164 518 jubet

561 537 855 609 Apostolus
877 537 1089 594 cunctis
1109 538 1493 603 exhibendam,
1526 554 1628 609 pro
1659 538 2019 610 possibilitate
2054 538 2162 594 loci

561 633 616 681 et
645 624 918 692 facultate,
950 642 1062 681 non
1076 626 1242 682 modo
1256 626 1458 681 ibidem
1480 627 1653 699 gratis
1664 624 1783 682 ﬁeri
1800 627 2156 700 denegamus,

562 729 749 773 verum
777 713 943 770 etiam
970 723 1029 769 ut
1057 712 1152 769 ﬁat
1208 715 1535 781 suademus;
1596 715 1692 770 sed
1747 722 1801 769 et
1855 715 2049 769 modus
2105 715 2159 771 in

560 819 791 859 numero
832 803 1275 877 congregationis
1325 804 1464 859 adeo
1508 812 1885 869 conservetur,
1944 812 2004 858 ut
2057 819 2161 861 nec

561 886 842 959 pluralitas
869 888 939 942 ad
966 887 1267 959 penuriam,
1318 887 1405 942 vel
1452 887 1700 958 paucitas
1747 887 2157 943 inhabitantium

563 974 632 1031 ad
660 974 1067 1031 destitutionem
1095 976 1201 1032 loci
1230 976 1492 1031 accedere
1548 975 1749 1031 valeat.
1809 976 1937 1032 Haec
1991 975 2159 1049 igitur

564 1063 744 1119 omnia
773 1080 894 1136 qua
920 1065 1080 1133 hujus
1109 1064 1367 1136 praecepti
1395 1064 1709 1136 decretique
1739 1064 1912 1121 nostri
1954 1065 2158 1137 pagina

565 1151 827 1219 continet,
859 1152 1069 1209 cunctis
1097 1159 1220 1223 post
1266 1168 1367 1208 nos
1405 1152 1846 1219 succedentibus,
1897 1154 1992 1224 qui
2034 1169 2156 1210 mo-

564 1240 863 1297 nasterium
924 1256 958 1296 a
1005 1240 1165 1296 nobis
1206 1240 1532 1313 acquisitum
1585 1240 1689 1296 sub
1755 1240 2157 1297 usufructuario

564 1328 825 1394 retinetis,
858 1328 945 1383 vel
973 1328 1053 1385 eis
1084 1345 1318 1401 quorum
1348 1329 1610 1386 interesse
1638 1331 1891 1401 potuerit,
1922 1331 1978 1384 in
2023 1347 2156 1402 per-

558 1421 778 1485 petuum
807 1415 1081 1469 servanda
1106 1414 1471 1470 decernimus.
1505 1415 1563 1471 Si
1620 1415 1742 1487 quis
1788 1431 1917 1471 vero
1965 1431 2154 1471 sacer-

557 1501 764 1568 dotum,
790 1501 1036 1571 judicum
1072 1510 1235 1574 atque
1267 1503 1593 1559 secularium
1616 1519 1977 1575 personarum
2012 1504 2155 1560 hanc

556 1598 759 1645 nostra
778 1589 1176 1646 constitutionis
1197 1590 1453 1665 paginam
1473 1607 1800 1665 agnoscens,
1826 1600 2015 1648 contra
2031 1608 2154 1648 eam

556 1677 744 1733 venire
764 1679 1070 1745 tentaverit,
1092 1679 1374 1750 potestatis
1394 1681 1727 1752 honorisque
1757 1680 1842 1735 sui
1863 1681 2147 1755 dignitate,

554 1782 848 1838 percussus
876 1768 1179 1838 apostolico
1224 1770 1581 1836 anathemate,
1627 1777 1830 1835 careat,
1885 1786 2152 1842 reumque

556 1871 617 1910 se
663 1855 848 1911 divino
879 1856 1087 1925 judicio
1133 1856 1368 1912 existere
1415 1858 1484 1913 de
1513 1866 1827 1929 perpetrato
1847 1867 2148 1931 agnoscat:

556 1950 612 1998 et
638 1942 743 1998 nisi
770 1944 857 1999 vel
886 1960 1007 2016 qua;
1034 1945 1102 1999 ab
1136 1944 1231 2000 illo
1259 1952 1387 2001 sunt
1417 1946 1560 2001 male
1608 1946 1791 2001 ablata
1835 1947 2149 2014 restituerit,

552 2030 640 2086 vel
659 2041 988 2103 prasumpta
1007 2033 1318 2101 correxerit,
1341 2034 1429 2090 vel
1450 2034 1618 2107 digna
1640 2035 1957 2105 paenitentia
1971 2034 2154 2093 illicita

555 2127 678 2174 acta
705 2119 1005 2189 defleverit,
1036 2136 1070 2176 a
1100 2121 1469 2177 sacratissimo
1501 2138 1731 2193 corpore
1746 2123 1962 2178 Domini
1979 2124 2152 2179 nostri

555 2206 688 2264 Iesu
718 2207 914 2263 Christi
944 2208 1157 2264 alienus
1185 2209 1299 2276 fiat,
1332 2218 1387 2266 et
1413 2226 1537 2266 cum
1556 2211 1772 2266 diabolo
1797 2220 1850 2266 et
1869 2213 2151 2268 atrocissi-

556 2295 662 2351 mis
676 2296 891 2368 pompis
912 2298 1029 2367 ejus
1049 2298 1104 2352 in
1123 2307 1367 2355 extremo
1400 2299 1649 2355 examine
1669 2299 1926 2356 districta:
1962 2301 2151 2357 ultioni

557 2384 854 2454 subjaceat.
1002 2388 1007 2391 ’

628 2474 846 2529 Cunctis
874 2482 1054 2529 autem
1074 2475 1253 2531 eidem
1273 2476 1396 2532 loco
1409 2476 1527 2531 haec
1543 2485 1744 2533 nostra:
1760 2478 2148 2548 preceptionis

543 2564 672 2633 jura
700 2562 1039 2618 servantibus
1069 2563 1139 2618 sit
1156 2580 1259 2635 pax
1288 2564 1507 2619 Domini
1548 2565 1721 2620 nostri
1756 2566 1886 2620 Jesu
1924 2566 2143 2633 Christi,

552 2659 817 2723 quatenus
846 2650 925 2706 illi
955 2650 1127 2706 fotum
1156 2653 1316 2708 bona:
1337 2653 1569 2709 actionis
1596 2653 1885 2725 recipiant,
1917 2662 1968 2710 et
2000 2655 2145 2726 apud

552 2738 857 2794 districtum
878 2739 1119 2808 judicem
1146 2741 1373 2811 praemia
1400 2749 1619 2797 δίει-ηαξ
1646 2742 1798 2813 pacis
1845 2742 2140 2798 inveniant.

553 2826 698 2882 Bene
741 2826 936 2883 valete.
1826 2897 1834 2908 _

621 2915 889 2986 Scriptum
913 2931 1015 2986 per
1033 2930 1226 2971 manus
1247 2916 1473 2991 Georgii
1502 2917 1769 2974 scriniarii
1799 2927 2004 2976 sanctae
2036 2920 2145 2976 Ro-

546 3018 724 3071 mana:
741 3003 1025 3070 Ecclesiae,
1047 3004 1105 3058 in
1122 3020 1313 3061 mense
1333 3008 1598 3079 Augusto.

2265 450 2467 504 valeas.
2503 450 2620 505 Hoc
2648 449 2972 505 reverentiae
2989 458 3094 505 tuae
3116 449 3463 505 consulentes
3485 450 3681 504 damus
3719 466 3859 505 con-

2264 537 2461 605 silium,
2483 554 2551 593 ne
2572 538 2874 593 absentiam
2896 547 3041 592 tuam
3058 538 3155 592 tibi
3175 538 3379 610 aliquid
3401 546 3559 609 putes
3570 539 3860 609 prodesse,

2263 627 2360 682 sed
2390 627 2500 681 imo
2553 627 2849 682 secundum
2885 627 3100 681 Patrum
3148 635 3366 694 statuta,
3414 627 3592 699 magis
3638 628 3856 684 obesse.

2262 714 2613 786 Privilegium
2636 724 2797 787 atque
2839 717 3139 786 scripturas
3164 716 3233 770 de
3282 715 3493 770 sedium
3536 716 3853 783 mutatione,

2260 802 2307 857 si
2338 818 2445 875 qua
2474 819 2506 858 a
2526 803 2685 859 nobis
2706 803 2792 859 vel
2815 804 3313 874 praedecessoribus
3334 804 3536 858 nostris
3557 804 3757 859 habere
3778 805 3858 861 sic

2259 889 2520 957 fatemini,
2554 891 2837 947 vobiscum
2865 892 2983 947 sine
3012 908 3166 946 mora
3194 890 3409 947 deferre
3442 892 3681 947 studeas.

3079 981 3175 1035 IX.
3230 976 3239 981 ’

2936 981 3175 1035 CXLIX.

2365 1083 2725 1124 PRIVILEGIUM
2756 1084 2861 1123 pao
2892 1084 3246 1124 uomsmmo
3281 1083 3475 1124 SANCTI
3532 1084 3741 1125 EGIDII.

2826 1159 3006 1227 (Anno
3055 1159 3207 1230 878.)

2258 1244 2439 1317 [Apud
2468 1247 2535 1300 D.
2568 1246 2738 1318 Bouq.
2775 1247 2999 1302 Recueil
3047 1246 3141 1302 des
3178 1248 3512 1315 Historieizs,
3562 1256 3691 1303 tom.
3752 1249 3851 1315 IX,

2895 1351 3022 1408 pag.
3068 1334 3214 1407 167.]

2324 1423 2579 1477 onxxas
2607 1422 2918 1494 episcopus,
2939 1439 3132 1478 servus
3153 1439 3436 1479 servorum
3452 1424 3573 1490 Dei,
3599 1426 3850 1481 omnibus

2256 1511 2527 1582 episc0pis
2556 1527 2657 1583 per
2684 1512 2972 1567 universas
3002 1511 3195 1567 Galliae
3223 1512 3535 1583 provincias
3551 1515 3853 1570 consisten-

2254 1599 2417 1665 tibus,
2449 1599 2754 1668 abbatibus,
2788 1599 3145 1671 presbyteris,
3178 1601 3491 1672 cunctisque
3539 1602 3698 1657 simul
3752 1620 3850 1658 or-

2255 1687 2471 1741 dinibus
2500 1688 2683 1742 divino
2712 1687 3016 1743 ministerio
3044 1688 3381 1760 mancipatis,
3414 1704 3630 1745 necnon
3676 1692 3849 1747 comi-

2255 1776 2418 1845 tibus,
2449 1776 2876 1843 vicecomitibus,
2910 1777 3142 1845 vicariis,
3175 1777 3517 1844 centenariis,
3557 1779 3848 1849 judicibus,

2255 1873 2307 1919 et
2335 1863 2585 1919 omnibus
2616 1865 2670 1918 in
2698 1865 3055 1936 potestatibus
3085 1866 3407 1931 constitutis,
3452 1875 3505 1921 et
3552 1868 3699 1922 omni
3746 1884 3849 1939 po-

2254 1952 2400 2024 pulo,
2435 1961 2488 2007 et
2518 1961 2726 2009 cunctae
2756 1954 2916 2008 simul
2946 1954 3186 2022 generali
3207 1954 3487 2011 Ecclesiae.

2324 2045 2562 2097 Auctore
2589 2042 2959 2113 omnipotente
2990 2044 3126 2109 Deo,
3159 2043 3451 2110 mediante,
3483 2061 3624 2101 anno
3659 2046 3847 2103 Incar-

2252 2130 2488 2185 nationis
2520 2131 2736 2185 Domini
2781 2132 2949 2187 nostri
2997 2133 3127 2187 Jesu
3175 2132 3376 2187 Christi
3424 2135 3549 2200 878,
3599 2149 3678 2189 xv
3724 2136 3844 2192 Kal.

2252 2206 2611 2289 Septembris,
2680 2218 2974 2276 indictione
3030 2235 3112 2288 xi,
3175 2220 3407 2277 Domino
3462 2221 3710 2289 feliciter,
3792 2225 3845 2278 in

2251 2308 2539 2379 praesentia
2566 2308 2750 2363 domni
2780 2309 3038 2364 Ludovici
3069 2309 3405 2365 serenissimi
3433 2312 3584 2383 regis
3613 2311 3667 2366 in
3696 2328 3841 2383 pra:-

2252 2397 2389 2451 senti
2418 2396 2648 2453 concilio
2676 2397 2988 2465 residentis,
3033 2406 3136 2454 etc.

2318 2486 2520 2540 Notum
2551 2486 2619 2540 sit
2645 2486 2897 2541 omnibus
2925 2486 3165 2558 praefatis
3197 2488 3341 2559 quod
3372 2490 3658 2545 retroactis
3701 2499 3841 2546 tem-

2248 2574 2494 2645 poribus,
2508 2590 2634 2629 cum
2654 2574 2927 2629 Arelatem
2950 2575 3265 2631 maritimali
3285 2576 3478 2632 itinere
3490 2594 3587 2648 pro
3605 2579 3844 2635 omnium

2247 2663 2615 2717 Ecclesiarum
2644 2664 2864 2736 negotio
2895 2664 3224 2730 veniremus,
3258 2666 3614 2721 recordantes
3655 2684 3847 2724 mona-

2248 2752 2471 2807 sterium
2529 2751 2585 2807 S.
2648 2752 2810 2819 Petri,
2852 2753 2908 2807 in
2964 2768 3073 2826 quo
3142 2753 3371 2825 quiescit
3425 2770 3627 2826 corpus
3702 2758 3848 2813 beati

2246 2840 2463 2913 .Egidii,
2497 2840 2551 2894 in
2584 2839 2733 2895 Valle
2756 2840 3030 2907 Flaviana,
3070 2843 3126 2896 in
3165 2843 3416 2898 comitatu
3450 2845 3847 2914 Nemausense,

2244 2926 2299 2980 in
2329 2927 2528 2982 ﬁnibus
2557 2928 2918 3000 Septimaniae,
2953 2946 3118 3002 quam
3146 2931 3354 2986 Vallem
3391 2932 3608 2988 Flavius
3666 2951 3849 3006 quon-

2244 3015 2371 3071 dam
2402 3015 2705 3072 Gothorum
2735 3035 2828 3073 rex
2855 3019 3137 3089 praelibato
3185 3020 3346 3076 beato
3391 3021 3605 3095 Egidio
3652 3024 3843 3087 dedit;

615 3092 811 3146 Datum
841 3106 924 3147 xu
954 3092 1076 3148 Kal.
1134 3078 1441 3167 Augustas,
1488 3078 1590 3167 per
1644 3112 1834 3152 manus
1865 3096 2139 3152 Walberti
2171 3078 2220 3141 Ο
2246 3112 2299 3159 et
2327 3104 2523 3160 iterum
2554 3114 2773 3161 sanctus
2801 3078 3045 3177 Egidius
3074 3108 3387 3179 apostolica:
3429 3078 3546 3165 εξάί
3588 3078 3853 3169 Romana;

544 3180 831 3236 humillimi
860 3180 1104 3253 episcopi
1132 3192 1335 3239 sancta:
1356 3185 1670 3240 Portuensis
1702 3186 1967 3255 ecclesiae,
1993 3202 2138 3243 anno

550 3269 784 3325 Domino
811 3269 1048 3341 propitio
1076 3271 1421 3341 pontificatus
1447 3273 1653 3329 domini
1699 3275 1871 3330 nostri
1916 3276 2139 3331 Joannis

540 3358 738 3412 summi
757 3357 1029 3430 pontiﬁcis
1057 3367 1109 3414 et
1138 3360 1462 3417 universalis
1491 3378 1646 3433 papae
1674 3364 1730 3417 in
1768 3363 2138 3420 sacratissima

520 3446 653 3503 sede
688 3446 833 3503 beati
863 3448 1005 3503 Petri
1035 3449 1269 3520 apostoli
1305 3465 1376 3517 vi,
1420 3450 1717 3507 indictione
1763 3466 1845 3507 χι.

1185 3624 1468 3681 CXLVIII.

602 3720 675 3763 AD
716 3724 1036 3767 ηοτΑιιυιί
1067 3726 1544 3769 ARCHIBPISCOPUI
1576 3730 2059 3773 BUBDIGALBNSEI.

1152 3801 1335 3871 (Anno
1373 3803 1523 3874 8‘78.)

521 3898 592 3963 ἃ
614 3904 687 3960 ad
706 3906 983 3976 synodum
999 3907 1209 3977 veniat,
1225 3912 1283 3964 et
1289 3909 1651 3982 privilegium
1670 3910 1736 3968 de
1755 3911 1977 3969 sedium
2002 3930 2138 3970 mu-

1085 3982 1300 4036 tatione
1358 3981 1582 4053 a/ferat.

606 4082 889 4139 ΡιιοτΑιιιο
921 4085 1218 4141 venerabili
1265 4087 1679 4162 archiepiscOpo
1726 4090 2127 4164 Burdigalensi.

600 4172 684 4227 Ad
704 4174 974 4244 synodum
993 4173 1178 4248 igitur,
1213 4194 1394 4248 quam,
1423 4179 1537 4234 Deo
1557 4188 1802 4247 auctore,
1827 4181 1971 4251 apud
1990 4181 2131 4236 Tre~

527 4270 623 4315 cas
652 4260 1014 4337 celebramus,
1048 4280 1172 4320 cum
1189 4265 1416 4338 reliquis
1439 4275 1648 4337 septem
1669 4267 1970 4323 Galliarum
2005 4284 2137 4340 pro-

529 4348 828 4405 vinciarum
848 4351 1210 4409 confratribus
1242 4362 1294 4409 et
1315 4355 1673 4427 coepiscopis,
1737 4355 2131 4413 fraternitatem

2242 3192 2530 3267 integriter
2560 3194 2909 3250 donationem
2930 3194 3075 3251 fecit.
3103 3197 3242 3251 Dum
3264 3207 3450 3253 autem
3470 3198 3843 3272 longinquitas

2241 3290 2403 3339 terrae
2430 3282 2563 3337 illud
2594 3284 2904 3339 ccenobium
2935 3300 2968 3339 a
3022 3294 3211 3340 nostra
3257 3297 3530 3357 separaret
3564 3289 3837 3358 Ecclesia,

2241 3371 2368 3442 quia
2398 3387 2495 3442 pro
2528 3370 2651 3427 aliis
2682 3372 2829 3428 curis
2858 3374 3101 3447 legatum
3139 3374 3269 3432 illuc
3314 3376 3529 3432 mittere
3575 3378 3841 3450 nequive-

2241 3475 2447 3526 ramus,
2479 3461 2869 3517 Nemausensis
2921 3463 3149 3518 antistes
3206 3464 3386 3534 ipsum
3441 3467 3837 3522 monasterium

2239 3565 2441 3620 magna
2471 3550 2770 3605 temeritate
2801 3567 3065 3622 usurpare
3096 3562 3538 3624 praesumpserat.
3576 3554 3684 3610 Sed
3740 3572 3841 3611 nos

2238 3653 2362 3693 cum
2394 3638 2447 3692 in
2478 3646 2667 3694 nostro
2694 3640 2921 3696 archivo
2950 3641 3248 3696 munimina
3278 3643 3589 3698 chartarum
3652 3644 3838 3716 inqui-

2238 3742 2501 3795 reremus,
2536 3727 2609 3781 ibi
2657 3735 2711 3782 et
2763 3728 2895 3783 illud
2952 3738 3283 3801 praeceptum
3315 3746 3347 3785 a
3402 3732 3562 3787 beato
3620 3733 3838 3805 Egidio

2237 3815 2493 3870 traditum
2521 3816 2843 3872 invenimus.
2875 3819 3025 3873 Tunc
3052 3818 3184 3873 illud
3212 3835 3313 3890 per
3356 3828 3603 3875 nostrum
3661 3822 3836 3877 advo-

2236 3912 2417 3961 catum
2448 3905 2667 3960 Deusde
2695 3906 2889 3963 ducem
2918 3907 3260 3963 Ravennates
3299 3915 3491 3964 contra
3522 3910 3837 3966 Girbertum

2236 3992 2667 4049 Nemausensem
2697 3995 3036 4066 episcopum,
3070 3997 3161 4069 qui
3203 3997 3258 4051 in
3301 3999 3559 4068 praesenti
3605 3999 3839 4056 concilio

2237 4082 2457 4152 residet,
2506 4082 2872 4154 quassivimus.
2934 4084 3113 4139 Voluit
3167 4084 3312 4141 idem
3369 4086 3659 4143 Girbertus
3691 4087 3833 4161 [per]

2234 4180 2567 4243 praeceptum
2594 4172 2781 4227 domni
2808 4172 3017 4229 Nicolai
3046 4174 3189 4246 quod
3220 4174 3403 4229 furtim
3437 4176 3592 4247 quasi
3623 4177 3693 4232 de
3714 4177 3827 4232 suis

2234 4275 2300 4315 ex
2329 4260 2624 4331 apostolica
2664 4261 2795 4316 sede
2837 4260 3204 4327 fraudaverat,
3252 4272 3304 4318 et
3340 4280 3452 4334 per
3503 4274 3833 4337 praeceptum

2235 4349 2381 4420 quod
2410 4366 2477 4405 ex
2505 4350 2738 4422 quodam
2768 4368 2902 4424 rege
2932 4352 3285 4417 Francorum,
3316 4352 3372 4407 in
3404 4370 3511 4426 quo
3543 4355 3695 4410 nulla
3727 4354 3821 4410 tir-

526 4445 674 4492 tuam
690 4453 811 4494 cum
832 4440 937 4494 tuis
957 4440 1321 4515 suﬂ'raganeis
1351 4443 1646 4514 episcopis,
1679 4452 1791 4499 tam
1820 4445 1938 4501 viva
1989 4462 2126 4503 voce
2156 4435 2209 4494 D
2230 4438 2392 4494 mitas
2421 4439 2770 4508 subsistebat,
2804 4440 2998 4495 falsum
3029 4450 3317 4513 exceperat
3367 4442 3665 4498 vindicare.
3723 4444 3830 4500 Sed

525 4541 691 4598 quam
709 4526 943 4597 litterali,
976 4529 1275 4585 admonere
1295 4537 1351 4584 ut
1384 4530 1621 4598 venires,
1646 4532 1794 4587 omni
1820 4535 2125 4604 postposita

524 4608 813 4672 occasione
842 4617 1213 4689 cujuscunque
1241 4618 1548 4674 occasionis
1607 4620 1931 4690 studuimus,
1982 4621 2124 4678 fate-

521 4717 661 4770 mur,
683 4704 796 4774 jam
825 4705 1000 4771 tertio,
1032 4715 1089 4761 ut
1119 4706 1281 4760 simul
1312 4706 1475 4778 positi
1525 4709 1926 4781 emergentium
1974 4727 2121 4782 quaa-

522 4792 729 4848 stiones
759 4809 1051 4850 causarum
1074 4795 1287 4849 statutis
1318 4795 1595 4851 canonicis
1642 4797 2013 4863 demerentur,
2068 4809 2121 4855 et

524 4883 871 4940 sacerdotum
913 4883 1130 4937 Domini
1180 4900 1286 4937 una
1330 4885 1627 4951 concordia
1676 4885 1918 4941 omnium
1966 4886 2121 4949 fieret

519 4971 849 5027 dilectionis.
880 4971 988 5026 Sed
1010 4970 1305 5027 curvenire
1326 4971 1625 5041 distuleris,
1675 4975 1905 5031 moleste
1938 4978 2118 5033 cuncti

520 5059 747 5124 ferimus
763 5066 816 5114 et
839 5059 998 5114 valde
1018 5059 1297 5116 miramur.
1323 5059 1689 5133 QuaprOpter,
1709 5064 1922 5135 repulsa
1940 5081 2114 5129 mora,

518 5147 869 5219 praesentiam
898 5155 1042 5203 tuam
1079 5164 1204 5205 cum
1259 5150 1533 5220 praedictis
1563 5150 1926 5226 suﬂ‘raganeis
1958 5153 2117 5208 nobis

516 5246 572 5293 et
597 5243 799 5292 sancta
815 5237 1024 5317 synodo
1045 5237 1304 5299 citissime
1333 5239 1545 5295 exhibe.
1582 5239 1670 5296 Sic
1689 5248 1874 5296 tamen
1912 5241 2116 5297 instru-

513 5335 652 5392 ctus,
677 5332 735 5381 ut
754 5340 880 5389 cum
906 5325 974 5381 de
1002 5327 1299 5392 mutatione
1340 5337 1527 5391 contra
1586 5343 1825 5385 canones
1880 5330 2113 5397 sedium,

508 5425 562 5471 et
590 5416 660 5472 de
690 5414 812 5482 aliis
843 5418 1180 5485 excessibus,
1214 5419 1428 5492 quibus,
1489 5418 1637 5499 quad
1696 5434 1803 5475 non
1837 5426 2111 5491 optamus,

515 5505 731 5567 Patrum
765 5507 977 5587 regulis
1009 5507 1153 5575 feriri
1185 5508 1386 5593 possis,
1431 5507 1704 5592 impetitus
1734 5507 1919 5573 fueris,
1949 5522 2114 5563 causa

2228 4544 2333 4600 ego
2364 4544 2554 4584 omnes
2586 4529 2871 4600 episcopos
2901 4538 2953 4585 et
2978 4530 3191 4599 judices
3232 4531 3419 4589 Romae
3466 4531 3552 4587 vel
3599 4533 3826 4603 provin-

2227 4618 2414 4682 ciales,
2448 4618 2547 4672 sub
2578 4619 3150 4675 excommunicationis
3170 4621 3528 4689 anathemate,
3564 4621 3821 4677 admonui

2227 4706 2296 4761 de
2326 4706 2429 4762 hoc
2459 4715 2661 4762 rectam
2718 4706 2899 4779 legem
2957 4708 3200 4764 dicturos
3258 4717 3311 4764 et
3366 4708 3622 4765 facturos.
3684 4710 3832 4767 Tunc

2228 4796 2537 4868 Bostagnus
2570 4795 2903 4851 Arelatensis
2962 4798 3426 4869 archiepiscopus,
3504 4799 3822 4855 Walbertus

2226 4883 2541 4939 Portuensis
2572 4884 2878 4956 episcOpus,
2930 4886 3205 4941 Paschalis
3261 4887 3550 4942 Amerinus
3608 4888 3827 4959 cpisco-

2222 4989 2358 5043 pus,
2441 4973 2750 5028 Radbertus
2807 4975 3077 5031 Valencias
3141 4975 3464 5046 episcopus,
3526 4976 3826 5031 Litidumus

2222 5060 2577 5116 Massiliensis
2608 5062 2913 5134 episcopus,
2957 5063 3184 5119 Ictarius
3228 5064 3557 5119 Vivariensis
3605 5064 3824 5136 episco-

2221 5166 2344 5220 pus,
2379 5160 2428 5204 et
2461 5150 2553 5205 alii
2584 5152 2826 5222 episcopi
2856 5153 3173 5217 Prbvincias,
3207 5161 3260 5207 et
3288 5153 3521 5222 judices,
3554 5154 3813 5219 Joannes,

2219 5238 2327 5292 dux
2358 5246 2410 5293 et
2459 5239 2676 5295 Bativus
2736 5241 3028 5305 Ravennae,
3081 5241 3282 5306 Ardus,
3316 5242 3610 5306 Adbertus,
3635 5243 3819 5297 Gisal-

2219 5325 2426 5392 fredus,
2462 5329 2795 5397 Arderadus,
2831 5330 3120 5395 Godulfus,
3155 5339 3208 5385 et
3238 5330 3329 5384 alii
3369 5330 3613 5385 nonnulli
3674 5346 3809 5401 pro-

2217 5415 2477 5472 vinciales
2502 5418 2752 5486 judices;
2783 5427 2840 5474 ut
2868 5427 3205 5490 praeceptum
3244 5419 3445 5475 lectum
3504 5419 3812 5485 audierunt,

2216 5519 2339 5559 mox
2370 5516 2745 5579 cognoverunt
2775 5508 3130 5579 apostolicam
3163 5508 3347 5563 domni
3377 5507 3587 5563 Nicolai
3637 5524 3824 5564 censu-
