  <div class='ocr_page' id='page_1' title='image "/cluster/home/n/w/nwhite01/storage/ocr_20150623/126/umn.31951002477419r/462.png"; bbox 0 0 4160 6316; ppageno 0'>
   <div class='ocr_carea' id='block_1_1' title="bbox 351 288 457 342">
    <p class='ocr_par' dir='ltr' id='par_1_1' title="bbox 351 288 457 342">
     <span class='ocr_line' id='line_1_1' title="bbox 351 288 457 342; baseline -0.009 0"><span class='ocrx_word' id='word_1_1' title='bbox 351 288 457 342; x_wconf 86' lang='lat'><strong>793</strong></span> 
     </span>
    </p>
   </div>
   <div class='ocr_carea' id='block_1_2' title="bbox 1561 279 2460 340">
    <p class='ocr_par' dir='ltr' id='par_1_2' title="bbox 1561 279 2460 340">
     <span class='ocr_line' id='line_1_2' title="bbox 1561 279 2460 340; baseline -0.003 0"><span class='ocrx_word' id='word_1_2' title='bbox 1561 281 1914 340; x_wconf 71' lang='lat' dir='ltr'><strong>EPISTOL/E</strong></span> <span class='ocrx_word' id='word_1_3' title='bbox 1972 281 2061 336; x_wconf 83' lang='lat' dir='ltr'><strong>ET</strong></span> <span class='ocrx_word' id='word_1_4' title='bbox 2114 279 2460 337; x_wconf 79' lang='lat' dir='ltr'><strong>DECRETA.</strong></span> 
     </span>
    </p>
   </div>
   <div class='ocr_carea' id='block_1_3' title="bbox 3549 285 3653 339">
    <p class='ocr_par' dir='ltr' id='par_1_3' title="bbox 3549 285 3653 339">
     <span class='ocr_line' id='line_1_3' title="bbox 3549 285 3653 339; baseline -0.01 0"><span class='ocrx_word' id='word_1_5' title='bbox 3549 285 3653 339; x_wconf 69' lang='grc'><strong>’794</strong></span> 
     </span>
    </p>
   </div>
   <div class='ocr_carea' id='block_1_4' title="bbox 355 405 1945 497">
    <p class='ocr_par' dir='ltr' id='par_1_4' title="bbox 355 405 1945 482">
     <span class='ocr_line' id='line_1_4' title="bbox 355 405 1945 482; baseline -0.003 -18"><span class='ocrx_word' id='word_1_6' title='bbox 355 425 479 464; x_wconf 90' lang='lat' dir='ltr'><strong>ram</strong></span> <span class='ocrx_word' id='word_1_7' title='bbox 507 424 770 465; x_wconf 86' lang='lat' dir='ltr'><strong>excusare</strong></span> <span class='ocrx_word' id='word_1_8' title='bbox 798 409 1000 482; x_wconf 86' lang='lat' dir='ltr'><strong>legem,</strong></span> <span class='ocrx_word' id='word_1_9' title='bbox 1051 417 1340 480; x_wconf 79' lang='lat' dir='ltr'><strong>querentes</strong></span> <span class='ocrx_word' id='word_1_10' title='bbox 1373 409 1626 464; x_wconf 81' lang='lat' dir='ltr'><strong>dixerunt</strong></span> <span class='ocrx_word' id='word_1_11' title='bbox 1672 423 1773 478; x_wconf 92' lang='lat' dir='ltr'><strong>per</strong></span> <span class='ocrx_word' id='word_1_12' title='bbox 1815 405 1945 460; x_wconf 90' lang='lat' dir='ltr'><strong>illud</strong></span> 
     </span>
    </p>
   </div>
   <div class='ocr_carea' id='block_1_5' title="bbox 2046 405 3654 497">
    <p class='ocr_par' dir='ltr' id='par_1_5' title="bbox 2055 421 3654 497">
     <span class='ocr_line' id='line_1_5' title="bbox 2055 421 3654 497; baseline 0.001 -19"><span class='ocrx_word' id='word_1_13' title='bbox 2055 421 2414 488; x_wconf 82' lang='lat' dir='ltr'><strong>comminans,</strong></span> <span class='ocrx_word' id='word_1_14' title='bbox 2447 437 2639 478; x_wconf 90' lang='lat' dir='ltr'><strong>omnes</strong></span> <span class='ocrx_word' id='word_1_15' title='bbox 2694 439 2794 494; x_wconf 91' lang='lat' dir='ltr'><strong>per</strong></span> <span class='ocrx_word' id='word_1_16' title='bbox 2848 425 3166 495; x_wconf 74' lang='lat' dir='ltr'><strong>prophetam</strong></span> <span class='ocrx_word' id='word_1_17' title='bbox 3208 424 3512 497; x_wconf 81' lang='lat' dir='ltr'><strong>alloquitur,</strong></span> <span class='ocrx_word' id='word_1_18' title='bbox 3563 425 3654 480; x_wconf 82' lang='lat' dir='ltr'><strong>di-</strong></span> 
     </span>
    </p>
   </div>
   <div class='ocr_carea' id='block_1_6' title="bbox 355 495 1950 570">
    <p class='ocr_par' dir='ltr' id='par_1_6' title="bbox 355 495 1950 570">
     <span class='ocr_line' id='line_1_6' title="bbox 355 495 1950 570; baseline -0.003 -17"><span class='ocrx_word' id='word_1_19' title='bbox 355 506 684 570; x_wconf 68' lang='lat' dir='ltr'><strong>praeceptum</strong></span> <span class='ocrx_word' id='word_1_20' title='bbox 703 497 808 553; x_wconf 90' lang='lat' dir='ltr'><strong>hoc</strong></span> <span class='ocrx_word' id='word_1_21' title='bbox 837 497 1228 553; x_wconf 84' lang='lat' dir='ltr'><strong>monasterium</strong></span> <span class='ocrx_word' id='word_1_22' title='bbox 1259 513 1370 552; x_wconf 89' lang='lat' dir='ltr'><strong>non</strong></span> <span class='ocrx_word' id='word_1_23' title='bbox 1398 513 1563 568; x_wconf 86' lang='lat' dir='ltr'><strong>posse</strong></span> <span class='ocrx_word' id='word_1_24' title='bbox 1586 495 1828 562; x_wconf 86' lang='lat' dir='ltr'><strong>defendi,</strong></span> <span class='ocrx_word' id='word_1_25' title='bbox 1855 495 1950 564; x_wconf 88' lang='lat' dir='ltr'><strong>ju-</strong></span> 
     </span>
    </p>
   </div>
   <div class='ocr_carea' id='block_1_7' title="bbox 354 584 1950 657">
    <p class='ocr_par' dir='ltr' id='par_1_7' title="bbox 354 584 1950 657">
     <span class='ocr_line' id='line_1_7' title="bbox 354 584 1950 657; baseline -0.001 -17"><span class='ocrx_word' id='word_1_26' title='bbox 354 586 603 643; x_wconf 89' lang='lat' dir='ltr'><strong>dicantes</strong></span> <span class='ocrx_word' id='word_1_27' title='bbox 623 586 803 641; x_wconf 86' lang='lat' dir='ltr'><strong>statim</strong></span> <span class='ocrx_word' id='word_1_28' title='bbox 833 593 890 640; x_wconf 91' lang='lat' dir='ltr'><strong>ut</strong></span> <span class='ocrx_word' id='word_1_29' title='bbox 915 584 1200 657; x_wconf 67' lang='lat' dir='ltr'><strong>praefatum</strong></span> <span class='ocrx_word' id='word_1_30' title='bbox 1230 585 1622 642; x_wconf 84' lang='lat' dir='ltr'><strong>monasterium</strong></span> <span class='ocrx_word' id='word_1_31' title='bbox 1659 584 1950 640; x_wconf 88' lang='lat' dir='ltr'><strong>Girbertus</strong></span> 
     </span>
    </p>
   </div>
   <div class='ocr_carea' id='block_1_8' title="bbox 353 672 1949 746">
    <p class='ocr_par' dir='ltr' id='par_1_8' title="bbox 353 672 1949 746">
     <span class='ocr_line' id='line_1_8' title="bbox 353 672 1949 746; baseline -0.003 -16"><span class='ocrx_word' id='word_1_32' title='bbox 353 675 645 746; x_wconf 90' lang='lat' dir='ltr'><strong>episcopus</strong></span> <span class='ocrx_word' id='word_1_33' title='bbox 673 675 927 730; x_wconf 85' lang='lat' dir='ltr'><strong>redderet</strong></span> <span class='ocrx_word' id='word_1_34' title='bbox 954 675 1130 738; x_wconf 90' lang='lat' dir='ltr'><strong>nobis,</strong></span> <span class='ocrx_word' id='word_1_35' title='bbox 1162 683 1216 729; x_wconf 91' lang='lat' dir='ltr'><strong>et</strong></span> <span class='ocrx_word' id='word_1_36' title='bbox 1233 690 1454 746; x_wconf 75' lang='lat' dir='ltr'><strong>poenam</strong></span> <span class='ocrx_word' id='word_1_37' title='bbox 1477 673 1778 728; x_wconf 90' lang='lat' dir='ltr'><strong>invasionis</strong></span> <span class='ocrx_word' id='word_1_38' title='bbox 1815 672 1949 727; x_wconf 91' lang='lat' dir='ltr'><strong>mihi</strong></span> 
     </span>
    </p>
   </div>
   <div class='ocr_carea' id='block_1_9' title="bbox 351 761 1949 834">
    <p class='ocr_par' dir='ltr' id='par_1_9' title="bbox 351 761 1949 834">
     <span class='ocr_line' id='line_1_9' title="bbox 351 761 1949 834; baseline -0.002 -15"><span class='ocrx_word' id='word_1_39' title='bbox 351 771 724 834; x_wconf 88' lang='lat' dir='ltr'><strong>componeret.</strong></span> <span class='ocrx_word' id='word_1_40' title='bbox 754 763 870 818; x_wconf 85' lang='lat' dir='ltr'><strong>Nos</strong></span> <span class='ocrx_word' id='word_1_41' title='bbox 896 778 1117 834; x_wconf 72' lang='lat' dir='ltr'><strong>pmnam</strong></span> <span class='ocrx_word' id='word_1_42' title='bbox 1148 779 1248 834; x_wconf 91' lang='lat' dir='ltr'><strong>pro</strong></span> <span class='ocrx_word' id='word_1_43' title='bbox 1280 763 1398 832; x_wconf 89' lang='lat' dir='ltr'><strong>ejus</strong></span> <span class='ocrx_word' id='word_1_44' title='bbox 1429 769 1759 833; x_wconf 83' lang='lat' dir='ltr'><strong>paupertate</strong></span> <span class='ocrx_word' id='word_1_45' title='bbox 1788 761 1949 830; x_wconf 90' lang='lat' dir='ltr'><strong>illi,si</strong></span> 
     </span>
    </p>
   </div>
   <div class='ocr_carea' id='block_1_10' title="bbox 352 850 1948 923">
    <p class='ocr_par' dir='ltr' id='par_1_10' title="bbox 352 850 1948 923">
     <span class='ocr_line' id='line_1_10' title="bbox 352 850 1948 923; baseline -0.001 -17"><span class='ocrx_word' id='word_1_46' title='bbox 352 851 583 923; x_wconf 88' lang='lat' dir='ltr'><strong>amplius</strong></span> <span class='ocrx_word' id='word_1_47' title='bbox 611 867 722 906; x_wconf 92' lang='lat' dir='ltr'><strong>non</strong></span> <span class='ocrx_word' id='word_1_48' title='bbox 749 851 1078 922; x_wconf 82' lang='lat' dir='ltr'><strong>peccaverit,</strong></span> <span class='ocrx_word' id='word_1_49' title='bbox 1110 850 1446 922; x_wconf 87' lang='lat' dir='ltr'><strong>reliquimus,</strong></span> <span class='ocrx_word' id='word_1_50' title='bbox 1481 859 1532 905; x_wconf 92' lang='lat' dir='ltr'><strong>et</strong></span> <span class='ocrx_word' id='word_1_51' title='bbox 1555 850 1948 906; x_wconf 84' lang='lat' dir='ltr'><strong>monasterium</strong></span> 
     </span>
    </p>
   </div>
   <div class='ocr_carea' id='block_1_11' title="bbox 350 938 1946 1012">
    <p class='ocr_par' dir='ltr' id='par_1_11' title="bbox 350 938 1946 1012">
     <span class='ocr_line' id='line_1_11' title="bbox 350 938 1946 1012; baseline -0.001 -17"><span class='ocrx_word' id='word_1_52' title='bbox 350 940 452 995; x_wconf 86' lang='lat' dir='ltr'><strong>sub</strong></span> <span class='ocrx_word' id='word_1_53' title='bbox 499 938 645 996; x_wconf 89' lang='lat' dir='ltr'><strong>omni</strong></span> <span class='ocrx_word' id='word_1_54' title='bbox 687 939 999 1012; x_wconf 83' lang='lat' dir='ltr'><strong>integritate</strong></span> <span class='ocrx_word' id='word_1_55' title='bbox 1028 939 1338 1010; x_wconf 85' lang='lat' dir='ltr'><strong>recepimus</strong></span> <span class='ocrx_word' id='word_1_56' title='bbox 1376 959 1390 1004; x_wconf 88' lang='lat'><strong>;</strong></span> <span class='ocrx_word' id='word_1_57' title='bbox 1424 939 1714 1011; x_wconf 85' lang='lat' dir='ltr'><strong>ipsumque</strong></span> <span class='ocrx_word' id='word_1_58' title='bbox 1773 939 1946 994; x_wconf 84' lang='lat' dir='ltr'><strong>advo-</strong></span> 
     </span>
    </p>
   </div>
   <div class='ocr_carea' id='block_1_12' title="bbox 351 1028 1948 1100">
    <p class='ocr_par' dir='ltr' id='par_1_12' title="bbox 351 1028 1948 1100">
     <span class='ocr_line' id='line_1_12' title="bbox 351 1028 1948 1100; baseline -0.002 -16"><span class='ocrx_word' id='word_1_59' title='bbox 351 1036 534 1084; x_wconf 88' lang='lat' dir='ltr'><strong>catum</strong></span> <span class='ocrx_word' id='word_1_60' title='bbox 608 1028 823 1084; x_wconf 90' lang='lat' dir='ltr'><strong>Deusde</strong></span> <span class='ocrx_word' id='word_1_61' title='bbox 890 1029 1084 1084; x_wconf 91' lang='lat' dir='ltr'><strong>ducem</strong></span> <span class='ocrx_word' id='word_1_62' title='bbox 1155 1028 1281 1084; x_wconf 90' lang='lat' dir='ltr'><strong>illuc</strong></span> <span class='ocrx_word' id='word_1_63' title='bbox 1352 1028 1796 1097; x_wconf 88' lang='lat' dir='ltr'><strong>transmittentes,</strong></span> <span class='ocrx_word' id='word_1_64' title='bbox 1857 1028 1948 1100; x_wconf 90' lang='lat' dir='ltr'><strong>qui</strong></span> 
     </span>
    </p>
   </div>
   <div class='ocr_carea' id='block_1_13' title="bbox 348 1115 1946 1189">
    <p class='ocr_par' dir='ltr' id='par_1_13' title="bbox 348 1115 1946 1189">
     <span class='ocr_line' id='line_1_13' title="bbox 348 1115 1946 1189; baseline -0.001 -17"><span class='ocrx_word' id='word_1_65' title='bbox 348 1132 515 1189; x_wconf 88' lang='lat' dir='ltr'><strong>super</strong></span> <span class='ocrx_word' id='word_1_66' title='bbox 545 1117 648 1172; x_wconf 90' lang='lat' dir='ltr'><strong>hoc</strong></span> <span class='ocrx_word' id='word_1_67' title='bbox 677 1117 1018 1188; x_wconf 87' lang='lat' dir='ltr'><strong>corporalem</strong></span> <span class='ocrx_word' id='word_1_68' title='bbox 1036 1116 1380 1171; x_wconf 87' lang='lat' dir='ltr'><strong>traditionem</strong></span> <span class='ocrx_word' id='word_1_69' title='bbox 1401 1116 1470 1170; x_wconf 91' lang='lat' dir='ltr'><strong>de</strong></span> <span class='ocrx_word' id='word_1_70' title='bbox 1509 1116 1762 1172; x_wconf 88' lang='lat' dir='ltr'><strong>omnibus</strong></span> <span class='ocrx_word' id='word_1_71' title='bbox 1784 1115 1946 1170; x_wconf 89' lang='lat' dir='ltr'><strong>rebus</strong></span> 
     </span>
    </p>
   </div>
   <div class='ocr_carea' id='block_1_14' title="bbox 279 1203 1946 1277">
    <p class='ocr_par' dir='ltr' id='par_1_14' title="bbox 279 1203 1946 1277">
     <span class='ocr_line' id='line_1_14' title="bbox 279 1203 1946 1277; baseline -0.001 -17"><span class='ocrx_word' id='word_1_72' title='bbox 279 1232 296 1244; x_wconf 70' lang='grc' dir='ltr'><em>ι</em></span> <span class='ocrx_word' id='word_1_73' title='bbox 349 1205 594 1277; x_wconf 80' lang='lat' dir='ltr'><strong>praedicti</strong></span> <span class='ocrx_word' id='word_1_74' title='bbox 624 1205 944 1260; x_wconf 85' lang='lat' dir='ltr'><strong>monasterii</strong></span> <span class='ocrx_word' id='word_1_75' title='bbox 973 1221 1007 1258; x_wconf 90' lang='lat' dir='ltr'><strong>a</strong></span> <span class='ocrx_word' id='word_1_76' title='bbox 1036 1204 1263 1276; x_wconf 64' lang='lat' dir='ltr'><strong>praefato</strong></span> <span class='ocrx_word' id='word_1_77' title='bbox 1287 1204 1542 1260; x_wconf 90' lang='lat' dir='ltr'><strong>Girberto</strong></span> <span class='ocrx_word' id='word_1_78' title='bbox 1571 1203 1779 1274; x_wconf 90' lang='lat' dir='ltr'><strong>accepit</strong></span> <span class='ocrx_word' id='word_1_79' title='bbox 1825 1203 1946 1276; x_wconf 90' lang='lat' dir='ltr'><strong>epi-</strong></span> 
     </span>
    </p>
   </div>
   <div class='ocr_carea' id='block_1_15' title="bbox 352 1309 542 1365">
    <p class='ocr_par' dir='ltr' id='par_1_15' title="bbox 352 1309 542 1365">
     <span class='ocr_line' id='line_1_15' title="bbox 352 1309 542 1365; baseline 0 -17"><span class='ocrx_word' id='word_1_80' title='bbox 352 1309 542 1365; x_wconf 87' lang='lat' dir='ltr'><strong>scopo.</strong></span> 
     </span>
    </p>
   </div>
   <div class='ocr_carea' id='block_1_16' title="bbox 425 1379 1948 1453">
    <p class='ocr_par' dir='ltr' id='par_1_16' title="bbox 425 1379 1948 1453">
     <span class='ocr_line' id='line_1_16' title="bbox 425 1379 1948 1453; baseline -0.001 -15"><span class='ocrx_word' id='word_1_81' title='bbox 425 1381 510 1438; x_wconf 91' lang='lat' dir='ltr'><strong>Ob</strong></span> <span class='ocrx_word' id='word_1_82' title='bbox 530 1383 583 1438; x_wconf 88' lang='lat' dir='ltr'><strong>id</strong></span> <span class='ocrx_word' id='word_1_83' title='bbox 607 1383 770 1438; x_wconf 90' lang='lat' dir='ltr'><strong>etiam</strong></span> <span class='ocrx_word' id='word_1_84' title='bbox 799 1381 988 1436; x_wconf 92' lang='lat' dir='ltr'><strong>divino</strong></span> <span class='ocrx_word' id='word_1_85' title='bbox 1021 1379 1194 1436; x_wconf 89' lang='lat' dir='ltr'><strong>fretus</strong></span> <span class='ocrx_word' id='word_1_86' title='bbox 1219 1381 1515 1452; x_wconf 89' lang='lat' dir='ltr'><strong>juvamine,</strong></span> <span class='ocrx_word' id='word_1_87' title='bbox 1540 1397 1645 1453; x_wconf 84' lang='lat' dir='ltr'><strong>ego</strong></span> <span class='ocrx_word' id='word_1_88' title='bbox 1675 1390 1728 1437; x_wconf 91' lang='lat' dir='ltr'><strong>et</strong></span> <span class='ocrx_word' id='word_1_89' title='bbox 1755 1397 1948 1437; x_wconf 92' lang='lat' dir='ltr'><strong>omnes</strong></span> 
     </span>
    </p>
   </div>
   <div class='ocr_carea' id='block_1_17' title="bbox 348 1469 1947 1542">
    <p class='ocr_par' dir='ltr' id='par_1_17' title="bbox 348 1469 1947 1542">
     <span class='ocr_line' id='line_1_17' title="bbox 348 1469 1947 1542; baseline -0.002 -16"><span class='ocrx_word' id='word_1_90' title='bbox 348 1471 592 1542; x_wconf 89' lang='lat' dir='ltr'><strong>episcopi</strong></span> <span class='ocrx_word' id='word_1_91' title='bbox 621 1471 782 1540; x_wconf 88' lang='lat' dir='ltr'><strong>hujus</strong></span> <span class='ocrx_word' id='word_1_92' title='bbox 803 1469 1038 1535; x_wconf 90' lang='lat' dir='ltr'><strong>concilii,</strong></span> <span class='ocrx_word' id='word_1_93' title='bbox 1095 1486 1159 1525; x_wconf 88' lang='lat' dir='ltr'><strong>ex</strong></span> <span class='ocrx_word' id='word_1_94' title='bbox 1190 1470 1511 1526; x_wconf 86' lang='lat' dir='ltr'><strong>auctoritate</strong></span> <span class='ocrx_word' id='word_1_95' title='bbox 1533 1469 1750 1526; x_wconf 86' lang='lat' dir='ltr'><strong>Domini</strong></span> <span class='ocrx_word' id='word_1_96' title='bbox 1779 1470 1947 1526; x_wconf 83' lang='lat' dir='ltr'><strong>nostri</strong></span> 
     </span>
    </p>
   </div>
   <div class='ocr_carea' id='block_1_18' title="bbox 347 1559 1945 1632">
    <p class='ocr_par' dir='ltr' id='par_1_18' title="bbox 347 1559 1945 1632">
     <span class='ocr_line' id='line_1_18' title="bbox 347 1559 1945 1632; baseline -0.001 -18"><span class='ocrx_word' id='word_1_97' title='bbox 347 1560 482 1616; x_wconf 83' lang='lat' dir='ltr'><strong>Jesu</strong></span> <span class='ocrx_word' id='word_1_98' title='bbox 511 1559 724 1626; x_wconf 87' lang='lat' dir='ltr'><strong>Christi,</strong></span> <span class='ocrx_word' id='word_1_99' title='bbox 757 1575 856 1630; x_wconf 87' lang='lat' dir='ltr'><strong>per</strong></span> <span class='ocrx_word' id='word_1_100' title='bbox 879 1574 1059 1630; x_wconf 90' lang='lat' dir='ltr'><strong>quem,</strong></span> <span class='ocrx_word' id='word_1_101' title='bbox 1093 1567 1144 1613; x_wconf 89' lang='lat' dir='ltr'><strong>et</strong></span> <span class='ocrx_word' id='word_1_102' title='bbox 1163 1575 1264 1630; x_wconf 89' lang='lat' dir='ltr'><strong>per</strong></span> <span class='ocrx_word' id='word_1_103' title='bbox 1292 1575 1488 1630; x_wconf 78' lang='lat' dir='ltr'><strong>ipsum,</strong></span> <span class='ocrx_word' id='word_1_104' title='bbox 1523 1559 1652 1614; x_wconf 89' lang='lat' dir='ltr'><strong>etin</strong></span> <span class='ocrx_word' id='word_1_105' title='bbox 1680 1575 1788 1632; x_wconf 93' lang='lat' dir='ltr'><strong>quo</strong></span> <span class='ocrx_word' id='word_1_106' title='bbox 1807 1574 1945 1614; x_wconf 90' lang='lat' dir='ltr'><strong>con-</strong></span> 
     </span>
    </p>
   </div>
   <div class='ocr_carea' id='block_1_19' title="bbox 349 1647 1948 1717">
    <p class='ocr_par' dir='ltr' id='par_1_19' title="bbox 349 1647 1948 1717">
     <span class='ocr_line' id='line_1_19' title="bbox 349 1647 1948 1717; baseline 0 -15"><span class='ocrx_word' id='word_1_107' title='bbox 349 1656 496 1703; x_wconf 86' lang='lat' dir='ltr'><strong>stant</strong></span> <span class='ocrx_word' id='word_1_108' title='bbox 522 1647 719 1713; x_wconf 87' lang='lat' dir='ltr'><strong>omnia,</strong></span> <span class='ocrx_word' id='word_1_109' title='bbox 774 1647 876 1704; x_wconf 91' lang='lat' dir='ltr'><strong>sub</strong></span> <span class='ocrx_word' id='word_1_110' title='bbox 907 1647 1056 1702; x_wconf 90' lang='lat' dir='ltr'><strong>omni</strong></span> <span class='ocrx_word' id='word_1_111' title='bbox 1100 1648 1449 1702; x_wconf 88' lang='lat' dir='ltr'><strong>anathemate</strong></span> <span class='ocrx_word' id='word_1_112' title='bbox 1500 1648 1852 1717; x_wconf 88' lang='lat' dir='ltr'><strong>detestamus,</strong></span> <span class='ocrx_word' id='word_1_113' title='bbox 1895 1657 1948 1703; x_wconf 91' lang='lat' dir='ltr'><strong>et</strong></span> 
     </span>
    </p>
   </div>
   <div class='ocr_carea' id='block_1_20' title="bbox 2053 509 3650 586">
    <p class='ocr_par' dir='ltr' id='par_1_20' title="bbox 2053 509 3650 586">
     <span class='ocr_line' id='line_1_20' title="bbox 2053 509 3650 586; baseline 0.003 -21"><span class='ocrx_word' id='word_1_114' title='bbox 2053 525 2183 565; x_wconf 91' lang='lat' dir='ltr'><strong>cens</strong></span> <span class='ocrx_word' id='word_1_115' title='bbox 2217 509 2419 576; x_wconf 66' lang='grc' dir='ltr'><strong>εὐθυς,</strong></span> <span class='ocrx_word' id='word_1_116' title='bbox 2453 528 2526 566; x_wconf 84' lang='lat' dir='ltr'><strong>ne</strong></span> <span class='ocrx_word' id='word_1_117' title='bbox 2558 515 2744 567; x_wconf 84' lang='lat' dir='ltr'><strong>taceas</strong></span> <span class='ocrx_word' id='word_1_118' title='bbox 2775 513 2898 577; x_wconf 81' lang='lat' dir='ltr'><strong>tibi,</strong></span> <span class='ocrx_word' id='word_1_119' title='bbox 2931 529 3004 568; x_wconf 82' lang='lat' dir='ltr'><strong>ne</strong></span> <span class='ocrx_word' id='word_1_120' title='bbox 3030 513 3294 578; x_wconf 59' lang='grc' dir='ltr'><strong>πιαιθεί</strong></span> <span class='ocrx_word' id='word_1_121' title='bbox 3311 515 3650 586; x_wconf 74' lang='lat' dir='ltr'><strong>nequicscas</strong></span> 
     </span>
    </p>
   </div>
   <div class='ocr_carea' id='block_1_21' title="bbox 2051 599 3651 672">
    <p class='ocr_par' dir='ltr' id='par_1_21' title="bbox 2051 599 3651 672">
     <span class='ocr_line' id='line_1_21' title="bbox 2051 599 3651 672; baseline 0.001 -18"><span class='ocrx_word' id='word_1_122' title='bbox 2051 601 2218 665; x_wconf 77' lang='lat' dir='ltr'><strong>Deus,</strong></span> <span class='ocrx_word' id='word_1_123' title='bbox 2252 607 2352 654; x_wconf 88' lang='lat' dir='ltr'><strong>etc.</strong></span> <span class='ocrx_word' id='word_1_124' title='bbox 2380 600 2440 653; x_wconf 90' lang='lat' dir='ltr'><strong>In</strong></span> <span class='ocrx_word' id='word_1_125' title='bbox 2459 599 2690 670; x_wconf 83' lang='lat' dir='ltr'><strong>epistola</strong></span> <span class='ocrx_word' id='word_1_126' title='bbox 2709 615 2867 670; x_wconf 60' lang='lat' dir='ltr'><strong>papa;</strong></span> <span class='ocrx_word' id='word_1_127' title='bbox 2884 599 3194 672; x_wconf 81' lang='lat' dir='ltr'><strong>Symmachi</strong></span> <span class='ocrx_word' id='word_1_128' title='bbox 3227 619 3240 655; x_wconf 90' lang='lat'><strong>:</strong></span> <span class='ocrx_word' id='word_1_129' title='bbox 3276 625 3298 649; x_wconf 76' lang='grc' dir='ltr'><strong>ιε</strong></span> <span class='ocrx_word' id='word_1_130' title='bbox 3334 601 3479 656; x_wconf 91' lang='lat' dir='ltr'><strong>Nulli</strong></span> <span class='ocrx_word' id='word_1_131' title='bbox 3511 617 3651 672; x_wconf 79' lang='lat' dir='ltr'><strong>apo-</strong></span> 
     </span>
    </p>
   </div>
   <div class='ocr_carea' id='block_1_22' title="bbox 2052 687 3740 768">
    <p class='ocr_par' dir='ltr' id='par_1_22' title="bbox 2052 687 3740 768">
     <span class='ocr_line' id='line_1_22' title="bbox 2052 687 3740 768; baseline 0.004 -28"><span class='ocrx_word' id='word_1_132' title='bbox 2052 687 2260 743; x_wconf 78' lang='lat' dir='ltr'><strong>stolicae</strong></span> <span class='ocrx_word' id='word_1_133' title='bbox 2279 687 2426 742; x_wconf 88' lang='lat' dir='ltr'><strong>sedis</strong></span> <span class='ocrx_word' id='word_1_134' title='bbox 2471 687 2688 759; x_wconf 71' lang='lat' dir='ltr'><strong>praesuli</strong></span> <span class='ocrx_word' id='word_1_135' title='bbox 2716 689 3027 759; x_wconf 73' lang='lat' dir='ltr'><strong>apraesenti</strong></span> <span class='ocrx_word' id='word_1_136' title='bbox 3057 689 3164 756; x_wconf 92' lang='lat' dir='ltr'><strong>die,</strong></span> <span class='ocrx_word' id='word_1_137' title='bbox 3216 691 3412 755; x_wconf 87' lang='lat' dir='ltr'><strong>donec,</strong></span> <span class='ocrx_word' id='word_1_138' title='bbox 3455 690 3649 768; x_wconf 32' lang='lat' dir='ltr'><strong>di‘spo-</strong></span> <span class='ocrx_word' id='word_1_139' title='bbox 3737 695 3740 699; x_wconf 83' lang='grc'>’</span> 
     </span>
    </p>
   </div>
   <div class='ocr_carea' id='block_1_23' title="bbox 2049 775 3656 855">
    <p class='ocr_par' dir='ltr' id='par_1_23' title="bbox 2049 775 3656 855">
     <span class='ocr_line' id='line_1_23' title="bbox 2049 775 3656 855; baseline 0.001 -25"><span class='ocrx_word' id='word_1_140' title='bbox 2049 783 2212 830; x_wconf 89' lang='lat' dir='ltr'><strong>nente</strong></span> <span class='ocrx_word' id='word_1_141' title='bbox 2268 775 2522 842; x_wconf 91' lang='lat' dir='ltr'><strong>Domino,</strong></span> <span class='ocrx_word' id='word_1_142' title='bbox 2573 775 2822 855; x_wconf 75' lang='lat' dir='ltr'><strong>doctrina</strong></span> <span class='ocrx_word' id='word_1_143' title='bbox 2879 776 3159 832; x_wconf 64' lang='lat' dir='ltr'><strong>catholicae</strong></span> <span class='ocrx_word' id='word_1_144' title='bbox 3207 776 3333 833; x_wconf 90' lang='lat' dir='ltr'><strong>ﬁdei</strong></span> <span class='ocrx_word' id='word_1_145' title='bbox 3391 777 3656 833; x_wconf 87' lang='lat' dir='ltr'><strong>manserit</strong></span> 
     </span>
    </p>
   </div>
   <div class='ocr_carea' id='block_1_24' title="bbox 2052 865 3653 938">
    <p class='ocr_par' dir='ltr' id='par_1_24' title="bbox 2052 865 3653 938">
     <span class='ocr_line' id='line_1_24' title="bbox 2052 865 3653 938; baseline 0.001 -18"><span class='ocrx_word' id='word_1_146' title='bbox 2052 865 2366 932; x_wconf 89' lang='lat' dir='ltr'><strong>Salvatoris,</strong></span> <span class='ocrx_word' id='word_1_147' title='bbox 2407 865 2676 936; x_wconf 72' lang='lat' dir='ltr'><strong>praedium</strong></span> <span class='ocrx_word' id='word_1_148' title='bbox 2711 865 3163 932; x_wconf 88' lang='lat' dir='ltr'><strong>ecclesiasticum,</strong></span> <span class='ocrx_word' id='word_1_149' title='bbox 3221 875 3653 938; x_wconf 64' lang='lat' dir='ltr'><strong>quantaecunque</strong></span> 
     </span>
    </p>
   </div>
   <div class='ocr_carea' id='block_1_25' title="bbox 2051 953 3652 1026">
    <p class='ocr_par' dir='ltr' id='par_1_25' title="bbox 2051 953 3652 1026">
     <span class='ocr_line' id='line_1_25' title="bbox 2051 953 3652 1026; baseline 0.002 -20"><span class='ocrx_word' id='word_1_150' title='bbox 2051 953 2119 1006; x_wconf 91' lang='lat' dir='ltr'><strong>sit</strong></span> <span class='ocrx_word' id='word_1_151' title='bbox 2144 953 2537 1026; x_wconf 86' lang='lat' dir='ltr'><strong>magnitudinis</strong></span> <span class='ocrx_word' id='word_1_152' title='bbox 2568 953 2653 1008; x_wconf 87' lang='lat' dir='ltr'><strong>vel</strong></span> <span class='ocrx_word' id='word_1_153' title='bbox 2681 953 3014 1026; x_wconf 83' lang='lat' dir='ltr'><strong>exiguitatis,</strong></span> <span class='ocrx_word' id='word_1_154' title='bbox 3059 954 3158 1008; x_wconf 91' lang='lat' dir='ltr'><strong>sub</strong></span> <span class='ocrx_word' id='word_1_155' title='bbox 3203 963 3465 1026; x_wconf 88' lang='lat' dir='ltr'><strong>perpetua</strong></span> <span class='ocrx_word' id='word_1_156' title='bbox 3512 954 3652 1010; x_wconf 88' lang='lat' dir='ltr'><strong>alie-</strong></span> 
     </span>
    </p>
   </div>
   <div class='ocr_carea' id='block_1_26' title="bbox 2050 1040 3648 1112">
    <p class='ocr_par' dir='ltr' id='par_1_26' title="bbox 2050 1040 3648 1112">
     <span class='ocr_line' id='line_1_26' title="bbox 2050 1040 3648 1112; baseline 0 -16"><span class='ocrx_word' id='word_1_157' title='bbox 2050 1041 2265 1096; x_wconf 85' lang='lat' dir='ltr'><strong>natione</strong></span> <span class='ocrx_word' id='word_1_158' title='bbox 2287 1040 2373 1096; x_wconf 91' lang='lat' dir='ltr'><strong>vel</strong></span> <span class='ocrx_word' id='word_1_159' title='bbox 2402 1042 2826 1097; x_wconf 87' lang='lat' dir='ltr'><strong>commutatione</strong></span> <span class='ocrx_word' id='word_1_160' title='bbox 2856 1042 2927 1097; x_wconf 92' lang='lat' dir='ltr'><strong>ad</strong></span> <span class='ocrx_word' id='word_1_161' title='bbox 2979 1042 3267 1111; x_wconf 89' lang='lat' dir='ltr'><strong>cujuslibet</strong></span> <span class='ocrx_word' id='word_1_162' title='bbox 3295 1043 3418 1112; x_wconf 89' lang='lat' dir='ltr'><strong>jura</strong></span> <span class='ocrx_word' id='word_1_163' title='bbox 3466 1051 3648 1098; x_wconf 87' lang='lat' dir='ltr'><strong>trans-</strong></span> 
     </span>
    </p>
   </div>
   <div class='ocr_carea' id='block_1_27' title="bbox 2050 1127 3653 1202">
    <p class='ocr_par' dir='ltr' id='par_1_27' title="bbox 2050 1127 3653 1202">
     <span class='ocr_line' id='line_1_27' title="bbox 2050 1127 3653 1202; baseline 0.001 -18"><span class='ocrx_word' id='word_1_164' title='bbox 2050 1127 2194 1184; x_wconf 84' lang='lat' dir='ltr'><strong>ferre</strong></span> <span class='ocrx_word' id='word_1_165' title='bbox 2225 1129 2400 1184; x_wconf 87' lang='lat' dir='ltr'><strong>liceat.</strong></span> <span class='ocrx_word' id='word_1_166' title='bbox 2433 1151 2454 1178; x_wconf 75' lang='grc' dir='ltr'><strong><em>ι</em></strong></span> <span class='ocrx_word' id='word_1_167' title='bbox 2489 1129 2560 1184; x_wconf 92' lang='lat' dir='ltr'><strong>Et</strong></span> <span class='ocrx_word' id='word_1_168' title='bbox 2608 1145 2680 1184; x_wconf 76' lang='lat' dir='ltr'><strong>ex</strong></span> <span class='ocrx_word' id='word_1_169' title='bbox 2734 1129 2967 1200; x_wconf 89' lang='lat' dir='ltr'><strong>epistola</strong></span> <span class='ocrx_word' id='word_1_170' title='bbox 2997 1147 3152 1202; x_wconf 72' lang='lat' dir='ltr'><strong>papas</strong></span> <span class='ocrx_word' id='word_1_171' title='bbox 3183 1130 3470 1202; x_wconf 89' lang='lat' dir='ltr'><strong>Simplicii.</strong></span> <span class='ocrx_word' id='word_1_172' title='bbox 3503 1153 3524 1182; x_wconf 73' lang='grc' dir='ltr'><strong>α</strong></span> <span class='ocrx_word' id='word_1_173' title='bbox 3585 1132 3653 1188; x_wconf 90' lang='lat' dir='ltr'><strong>Ut</strong></span> 
     </span>
    </p>
   </div>
   <div class='ocr_carea' id='block_1_28' title="bbox 2051 1216 3650 1290">
    <p class='ocr_par' dir='ltr' id='par_1_28' title="bbox 2051 1216 3650 1290">
     <span class='ocr_line' id='line_1_28' title="bbox 2051 1216 3650 1290; baseline 0.002 -20"><span class='ocrx_word' id='word_1_174' title='bbox 2051 1231 2161 1272; x_wconf 91' lang='lat' dir='ltr'><strong>non</strong></span> <span class='ocrx_word' id='word_1_175' title='bbox 2193 1216 2354 1272; x_wconf 90' lang='lat' dir='ltr'><strong>liceat</strong></span> <span class='ocrx_word' id='word_1_176' title='bbox 2385 1217 2704 1288; x_wconf 90' lang='lat' dir='ltr'><strong>episcopum</strong></span> <span class='ocrx_word' id='word_1_177' title='bbox 2735 1217 3015 1272; x_wconf 87' lang='lat' dir='ltr'><strong>titulorum</strong></span> <span class='ocrx_word' id='word_1_178' title='bbox 3047 1234 3268 1274; x_wconf 89' lang='lat' dir='ltr'><strong>suorum</strong></span> <span class='ocrx_word' id='word_1_179' title='bbox 3291 1219 3518 1290; x_wconf 69' lang='lat' dir='ltr'><strong>praedia,</strong></span> <span class='ocrx_word' id='word_1_180' title='bbox 3552 1235 3650 1276; x_wconf 90' lang='lat' dir='ltr'><strong>seu</strong></span> 
     </span>
    </p>
   </div>
   <div class='ocr_carea' id='block_1_29' title="bbox 2049 1304 3651 1380">
    <p class='ocr_par' dir='ltr' id='par_1_29' title="bbox 2049 1304 3651 1380">
     <span class='ocr_line' id='line_1_29' title="bbox 2049 1304 3651 1380; baseline 0.002 -20"><span class='ocrx_word' id='word_1_181' title='bbox 2049 1304 2312 1377; x_wconf 88' lang='lat' dir='ltr'><strong>quidquid</strong></span> <span class='ocrx_word' id='word_1_182' title='bbox 2335 1306 2476 1374; x_wconf 90' lang='lat' dir='ltr'><strong>juris</strong></span> <span class='ocrx_word' id='word_1_183' title='bbox 2507 1323 2695 1361; x_wconf 90' lang='lat' dir='ltr'><strong>eorum</strong></span> <span class='ocrx_word' id='word_1_184' title='bbox 2727 1305 2905 1372; x_wconf 86' lang='lat' dir='ltr'><strong>fuerit,</strong></span> <span class='ocrx_word' id='word_1_185' title='bbox 2941 1305 3184 1380; x_wconf 92' lang='lat' dir='ltr'><strong>quolibet</strong></span> <span class='ocrx_word' id='word_1_186' title='bbox 3211 1307 3376 1362; x_wconf 91' lang='lat' dir='ltr'><strong>modo</strong></span> <span class='ocrx_word' id='word_1_187' title='bbox 3408 1309 3651 1363; x_wconf 87' lang='lat' dir='ltr'><strong>alienare</strong></span> 
     </span>
    </p>
   </div>
   <div class='ocr_carea' id='block_1_30' title="bbox 2049 1393 3654 1468">
    <p class='ocr_par' dir='ltr' id='par_1_30' title="bbox 2049 1393 3654 1468">
     <span class='ocr_line' id='line_1_30' title="bbox 2049 1393 3654 1468; baseline 0.001 -20"><span class='ocrx_word' id='word_1_188' title='bbox 2049 1393 2138 1449; x_wconf 89' lang='lat' dir='ltr'><strong>vel</strong></span> <span class='ocrx_word' id='word_1_189' title='bbox 2166 1402 2505 1450; x_wconf 90' lang='lat' dir='ltr'><strong>commutare</strong></span> <span class='ocrx_word' id='word_1_190' title='bbox 2539 1411 2552 1450; x_wconf 90' lang='lat'><strong>:</strong></span> <span class='ocrx_word' id='word_1_191' title='bbox 2587 1396 2678 1466; x_wconf 90' lang='lat' dir='ltr'><strong>qui</strong></span> <span class='ocrx_word' id='word_1_192' title='bbox 2709 1411 2843 1450; x_wconf 91' lang='lat' dir='ltr'><strong>vero</strong></span> <span class='ocrx_word' id='word_1_193' title='bbox 2873 1395 2978 1452; x_wconf 88' lang='lat' dir='ltr'><strong>hoc</strong></span> <span class='ocrx_word' id='word_1_194' title='bbox 3007 1411 3178 1468; x_wconf 89' lang='lat' dir='ltr'><strong>agere</strong></span> <span class='ocrx_word' id='word_1_195' title='bbox 3207 1397 3518 1462; x_wconf 90' lang='lat' dir='ltr'><strong>tentaverit,</strong></span> <span class='ocrx_word' id='word_1_196' title='bbox 3565 1412 3654 1452; x_wconf 84' lang='lat' dir='ltr'><strong>or-</strong></span> 
     </span>
    </p>
   </div>
   <div class='ocr_carea' id='block_1_31' title="bbox 2049 1481 3650 1554">
    <p class='ocr_par' dir='ltr' id='par_1_31' title="bbox 2049 1481 3650 1554">
     <span class='ocr_line' id='line_1_31' title="bbox 2049 1481 3650 1554; baseline 0.002 -18"><span class='ocrx_word' id='word_1_197' title='bbox 2049 1481 2192 1537; x_wconf 90' lang='lat' dir='ltr'><strong>dinis</strong></span> <span class='ocrx_word' id='word_1_198' title='bbox 2241 1483 2324 1536; x_wconf 92' lang='lat' dir='ltr'><strong>sui</strong></span> <span class='ocrx_word' id='word_1_199' title='bbox 2369 1483 2695 1539; x_wconf 88' lang='lat' dir='ltr'><strong>detrimento</strong></span> <span class='ocrx_word' id='word_1_200' title='bbox 2746 1484 3029 1554; x_wconf 85' lang='lat' dir='ltr'><strong>plectatur.</strong></span> <span class='ocrx_word' id='word_1_201' title='bbox 3069 1506 3089 1533; x_wconf 71' lang='grc' dir='ltr'><strong><em>ν</em></strong></span> <span class='ocrx_word' id='word_1_202' title='bbox 3125 1485 3260 1538; x_wconf 89' lang='lat' dir='ltr'><strong>Item</strong></span> <span class='ocrx_word' id='word_1_203' title='bbox 3307 1485 3361 1538; x_wconf 92' lang='lat' dir='ltr'><strong>in</strong></span> <span class='ocrx_word' id='word_1_204' title='bbox 3407 1485 3650 1540; x_wconf 88' lang='lat' dir='ltr'><strong>eodem:</strong></span> 
     </span>
    </p>
   </div>
   <div class='ocr_carea' id='block_1_32' title="bbox 2053 1569 3652 1643">
    <p class='ocr_par' dir='ltr' id='par_1_32' title="bbox 2053 1569 3652 1643">
     <span class='ocr_line' id='line_1_32' title="bbox 2053 1569 3652 1643; baseline 0.005 -23"><span class='ocrx_word' id='word_1_205' title='bbox 2053 1592 2075 1620; x_wconf 71' lang='grc' dir='ltr'><strong><em>α</em></strong></span> <span class='ocrx_word' id='word_1_206' title='bbox 2109 1569 2211 1639; x_wconf 86' lang='lat' dir='ltr'><strong>Qui</strong></span> <span class='ocrx_word' id='word_1_207' title='bbox 2265 1571 2482 1642; x_wconf 87' lang='lat' dir='ltr'><strong>petierit</strong></span> <span class='ocrx_word' id='word_1_208' title='bbox 2527 1573 2792 1642; x_wconf 72' lang='lat' dir='ltr'><strong>praedium</strong></span> <span class='ocrx_word' id='word_1_209' title='bbox 2847 1571 3111 1637; x_wconf 72' lang='lat' dir='ltr'><strong>ecclesiae,</strong></span> <span class='ocrx_word' id='word_1_210' title='bbox 3171 1579 3226 1626; x_wconf 92' lang='lat' dir='ltr'><strong>et</strong></span> <span class='ocrx_word' id='word_1_211' title='bbox 3281 1573 3554 1643; x_wconf 90' lang='lat' dir='ltr'><strong>acceperit</strong></span> <span class='ocrx_word' id='word_1_212' title='bbox 3593 1572 3652 1628; x_wconf 89' lang='lat' dir='ltr'><strong>in</strong></span> 
     </span>
    </p>
   </div>
   <div class='ocr_carea' id='block_1_33' title="bbox 2047 1658 3650 1732">
    <p class='ocr_par' dir='ltr' id='par_1_33' title="bbox 2047 1658 3650 1732">
     <span class='ocr_line' id='line_1_33' title="bbox 2047 1658 3650 1732; baseline 0.003 -20"><span class='ocrx_word' id='word_1_213' title='bbox 2047 1658 2270 1730; x_wconf 88' lang='lat' dir='ltr'><strong>proprio</strong></span> <span class='ocrx_word' id='word_1_214' title='bbox 2294 1659 2451 1728; x_wconf 89' lang='lat' dir='ltr'><strong>jure;</strong></span> <span class='ocrx_word' id='word_1_215' title='bbox 2477 1669 2570 1714; x_wconf 89' lang='lat' dir='ltr'><strong>aut</strong></span> <span class='ocrx_word' id='word_1_216' title='bbox 2589 1661 2636 1714; x_wconf 92' lang='lat' dir='ltr'><strong>si</strong></span> <span class='ocrx_word' id='word_1_217' title='bbox 2665 1660 2786 1732; x_wconf 90' lang='lat' dir='ltr'><strong>quis</strong></span> <span class='ocrx_word' id='word_1_218' title='bbox 2836 1661 3278 1732; x_wconf 84' lang='lat' dir='ltr'><strong>presbyterorum</strong></span> <span class='ocrx_word' id='word_1_219' title='bbox 3324 1667 3414 1715; x_wconf 89' lang='lat' dir='ltr'><strong>aut</strong></span> <span class='ocrx_word' id='word_1_220' title='bbox 3460 1661 3650 1716; x_wconf 86' lang='lat' dir='ltr'><strong>diaco-</strong></span> 
     </span>
    </p>
   </div>
   <div class='ocr_carea' id='block_1_34' title="bbox 350 1735 3648 1822">
    <p class='ocr_par' dir='ltr' id='par_1_34' title="bbox 350 1735 3648 1822">
     <span class='ocr_line' id='line_1_34' title="bbox 350 1735 3648 1822; baseline 0.004 -32"><span class='ocrx_word' id='word_1_221' title='bbox 350 1735 736 1803; x_wconf 89' lang='lat' dir='ltr'><strong>interdicimus,</strong></span> <span class='ocrx_word' id='word_1_222' title='bbox 788 1742 841 1790; x_wconf 91' lang='lat' dir='ltr'><strong>et</strong></span> <span class='ocrx_word' id='word_1_223' title='bbox 871 1735 1425 1804; x_wconf 83' lang='lat' dir='ltr'><strong>excommunicamus,</strong></span> <span class='ocrx_word' id='word_1_224' title='bbox 1475 1743 1534 1790; x_wconf 90' lang='lat' dir='ltr'><strong>ut</strong></span> <span class='ocrx_word' id='word_1_225' title='bbox 1581 1735 1760 1791; x_wconf 90' lang='lat' dir='ltr'><strong>nullus</strong></span> <span class='ocrx_word' id='word_1_226' title='bbox 1817 1752 1944 1792; x_wconf 84' lang='lat' dir='ltr'><strong>suc-</strong></span> <span class='ocrx_word' id='word_1_227' title='bbox 1981 1763 2271 1822; x_wconf 74' lang='lat' dir='ltr'><strong>Bnorum,</strong></span> <span class='ocrx_word' id='word_1_228' title='bbox 2315 1763 2416 1802; x_wconf 82' lang='lat' dir='ltr'><strong>nec</strong></span> <span class='ocrx_word' id='word_1_229' title='bbox 2474 1763 2582 1802; x_wconf 84' lang='lat' dir='ltr'><strong>non</strong></span> <span class='ocrx_word' id='word_1_230' title='bbox 2638 1747 2986 1804; x_wconf 84' lang='lat' dir='ltr'><strong>defensorum</strong></span> <span class='ocrx_word' id='word_1_231' title='bbox 3043 1747 3194 1803; x_wconf 88' lang='lat' dir='ltr'><strong>denti</strong></span> <span class='ocrx_word' id='word_1_232' title='bbox 3251 1747 3648 1820; x_wconf 87' lang='lat' dir='ltr'><strong>subscripserit,</strong></span> 
     </span>
    </p>
   </div>
   <div class='ocr_carea' id='block_1_35' title="bbox 347 1823 1948 1896">
    <p class='ocr_par' dir='ltr' id='par_1_35' title="bbox 347 1823 1948 1896">
     <span class='ocr_line' id='line_1_35' title="bbox 347 1823 1948 1896; baseline -0.001 -15"><span class='ocrx_word' id='word_1_233' title='bbox 347 1841 628 1881; x_wconf 88' lang='lat' dir='ltr'><strong>cessorum</strong></span> <span class='ocrx_word' id='word_1_234' title='bbox 659 1832 970 1880; x_wconf 90' lang='lat' dir='ltr'><strong>nostrorum</strong></span> <span class='ocrx_word' id='word_1_235' title='bbox 1001 1823 1056 1878; x_wconf 89' lang='lat' dir='ltr'><strong>in</strong></span> <span class='ocrx_word' id='word_1_236' title='bbox 1097 1825 1197 1879; x_wconf 89' lang='lat' dir='ltr'><strong>hac</strong></span> <span class='ocrx_word' id='word_1_237' title='bbox 1227 1833 1415 1880; x_wconf 88' lang='lat' dir='ltr'><strong>sancta</strong></span> <span class='ocrx_word' id='word_1_238' title='bbox 1461 1825 1758 1896; x_wconf 89' lang='lat' dir='ltr'><strong>apostolica</strong></span> <span class='ocrx_word' id='word_1_239' title='bbox 1797 1826 1948 1891; x_wconf 90' lang='lat' dir='ltr'><strong>sede,</strong></span> 
     </span>
    </p>
   </div>
   <div class='ocr_carea' id='block_1_36' title="bbox 352 1912 1953 1985">
    <p class='ocr_par' dir='ltr' id='par_1_36' title="bbox 352 1912 1953 1985">
     <span class='ocr_line' id='line_1_36' title="bbox 352 1912 1953 1985; baseline -0.001 -15"><span class='ocrx_word' id='word_1_240' title='bbox 352 1913 439 1971; x_wconf 90' lang='lat' dir='ltr'><strong>cui</strong></span> <span class='ocrx_word' id='word_1_241' title='bbox 455 1921 667 1968; x_wconf 87' lang='lat' dir='ltr'><strong>auctore</strong></span> <span class='ocrx_word' id='word_1_242' title='bbox 690 1913 944 1980; x_wconf 92' lang='lat' dir='ltr'><strong>Domino,</strong></span> <span class='ocrx_word' id='word_1_243' title='bbox 967 1912 1330 1981; x_wconf 89' lang='lat' dir='ltr'><strong>deservimus,</strong></span> <span class='ocrx_word' id='word_1_244' title='bbox 1355 1929 1592 1985; x_wconf 87' lang='lat' dir='ltr'><strong>unquam</strong></span> <span class='ocrx_word' id='word_1_245' title='bbox 1616 1913 1701 1968; x_wconf 89' lang='lat' dir='ltr'><strong>vel</strong></span> <span class='ocrx_word' id='word_1_246' title='bbox 1722 1929 1953 1985; x_wconf 89' lang='lat' dir='ltr'><strong>usquam</strong></span> 
     </span>
    </p>
   </div>
   <div class='ocr_carea' id='block_1_37' title="bbox 349 1999 1952 2075">
    <p class='ocr_par' dir='ltr' id='par_1_37' title="bbox 349 1999 1952 2075">
     <span class='ocr_line' id='line_1_37' title="bbox 349 1999 1952 2075; baseline -0.002 -15"><span class='ocrx_word' id='word_1_247' title='bbox 349 2001 713 2074; x_wconf 71' lang='lat' dir='ltr'><strong>praesentibus</strong></span> <span class='ocrx_word' id='word_1_248' title='bbox 759 2001 848 2056; x_wconf 85' lang='lat' dir='ltr'><strong>vel</strong></span> <span class='ocrx_word' id='word_1_249' title='bbox 889 1999 1085 2056; x_wconf 88' lang='lat' dir='ltr'><strong>futuris</strong></span> <span class='ocrx_word' id='word_1_250' title='bbox 1140 2002 1479 2072; x_wconf 87' lang='lat' dir='ltr'><strong>temporibus</strong></span> <span class='ocrx_word' id='word_1_251' title='bbox 1527 2003 1822 2075; x_wconf 85' lang='lat' dir='ltr'><strong>quidquam</strong></span> <span class='ocrx_word' id='word_1_252' title='bbox 1883 2003 1952 2058; x_wconf 92' lang='lat' dir='ltr'><strong>de</strong></span> 
     </span>
    </p>
   </div>
   <div class='ocr_carea' id='block_1_38' title="bbox 349 2089 1953 2159">
    <p class='ocr_par' dir='ltr' id='par_1_38' title="bbox 349 2089 1953 2159">
     <span class='ocr_line' id='line_1_38' title="bbox 349 2089 1953 2159; baseline 0 -15"><span class='ocrx_word' id='word_1_253' title='bbox 349 2090 540 2145; x_wconf 89' lang='lat' dir='ltr'><strong>iisdem</strong></span> <span class='ocrx_word' id='word_1_254' title='bbox 606 2089 787 2157; x_wconf 89' lang='lat' dir='ltr'><strong>rebus,</strong></span> <span class='ocrx_word' id='word_1_255' title='bbox 845 2105 948 2144; x_wconf 90' lang='lat' dir='ltr'><strong>nec</strong></span> <span class='ocrx_word' id='word_1_256' title='bbox 1003 2089 1318 2159; x_wconf 87' lang='lat' dir='ltr'><strong>imperator,</strong></span> <span class='ocrx_word' id='word_1_257' title='bbox 1379 2105 1481 2145; x_wconf 91' lang='lat' dir='ltr'><strong>nec</strong></span> <span class='ocrx_word' id='word_1_258' title='bbox 1528 2107 1642 2157; x_wconf 83' lang='lat' dir='ltr'><strong>rex,</strong></span> <span class='ocrx_word' id='word_1_259' title='bbox 1701 2107 1801 2146; x_wconf 91' lang='lat' dir='ltr'><strong>nec</strong></span> <span class='ocrx_word' id='word_1_260' title='bbox 1843 2091 1953 2144; x_wconf 88' lang='lat' dir='ltr'><strong>ulla</strong></span> 
     </span>
    </p>
   </div>
   <div class='ocr_carea' id='block_1_39' title="bbox 348 2177 1951 2250">
    <p class='ocr_par' dir='ltr' id='par_1_39' title="bbox 348 2177 1951 2250">
     <span class='ocr_line' id='line_1_39' title="bbox 348 2177 1951 2250; baseline 0 -16"><span class='ocrx_word' id='word_1_261' title='bbox 348 2178 641 2234; x_wconf 88' lang='lat' dir='ltr'><strong>mundialis</strong></span> <span class='ocrx_word' id='word_1_262' title='bbox 661 2185 902 2250; x_wconf 89' lang='lat' dir='ltr'><strong>potestas</strong></span> <span class='ocrx_word' id='word_1_263' title='bbox 951 2177 1300 2247; x_wconf 87' lang='lat' dir='ltr'><strong>beneficiare,</strong></span> <span class='ocrx_word' id='word_1_264' title='bbox 1344 2187 1696 2245; x_wconf 90' lang='lat' dir='ltr'><strong>commutare,</strong></span> <span class='ocrx_word' id='word_1_265' title='bbox 1740 2196 1801 2234; x_wconf 89' lang='lat' dir='ltr'><strong>ac</strong></span> <span class='ocrx_word' id='word_1_266' title='bbox 1851 2180 1951 2234; x_wconf 90' lang='lat' dir='ltr'><strong>sub</strong></span> 
     </span>
    </p>
   </div>
   <div class='ocr_carea' id='block_1_40' title="bbox 348 2265 1951 2339">
    <p class='ocr_par' dir='ltr' id='par_1_40' title="bbox 348 2265 1951 2339">
     <span class='ocr_line' id='line_1_40' title="bbox 348 2265 1951 2339; baseline -0.001 -16"><span class='ocrx_word' id='word_1_267' title='bbox 348 2283 519 2324; x_wconf 86' lang='lat' dir='ltr'><strong>censu</strong></span> <span class='ocrx_word' id='word_1_268' title='bbox 548 2267 851 2322; x_wconf 90' lang='lat' dir='ltr'><strong>concedere</strong></span> <span class='ocrx_word' id='word_1_269' title='bbox 869 2281 968 2337; x_wconf 91' lang='lat' dir='ltr'><strong>per</strong></span> <span class='ocrx_word' id='word_1_270' title='bbox 984 2265 1161 2320; x_wconf 89' lang='lat' dir='ltr'><strong>futura</strong></span> <span class='ocrx_word' id='word_1_271' title='bbox 1181 2275 1432 2338; x_wconf 89' lang='lat' dir='ltr'><strong>tempora</strong></span> <span class='ocrx_word' id='word_1_272' title='bbox 1472 2268 1664 2338; x_wconf 89' lang='lat' dir='ltr'><strong>possit;</strong></span> <span class='ocrx_word' id='word_1_273' title='bbox 1681 2284 1780 2324; x_wconf 91' lang='lat' dir='ltr'><strong>nec</strong></span> <span class='ocrx_word' id='word_1_274' title='bbox 1808 2283 1951 2339; x_wconf 91' lang='lat' dir='ltr'><strong>pon-</strong></span> 
     </span>
    </p>
   </div>
   <div class='ocr_carea' id='block_1_41' title="bbox 353 2354 1953 2427">
    <p class='ocr_par' dir='ltr' id='par_1_41' title="bbox 353 2354 1953 2427">
     <span class='ocr_line' id='line_1_41' title="bbox 353 2354 1953 2427; baseline 0.001 -18"><span class='ocrx_word' id='word_1_275' title='bbox 353 2354 485 2410; x_wconf 82' lang='lat' dir='ltr'><strong>tifex</strong></span> <span class='ocrx_word' id='word_1_276' title='bbox 507 2355 747 2426; x_wconf 89' lang='lat' dir='ltr'><strong>ejusdem</strong></span> <span class='ocrx_word' id='word_1_277' title='bbox 767 2355 1042 2420; x_wconf 70' lang='lat' dir='ltr'><strong>dimcesis,</strong></span> <span class='ocrx_word' id='word_1_278' title='bbox 1077 2355 1146 2410; x_wconf 91' lang='lat' dir='ltr'><strong>ad</strong></span> <span class='ocrx_word' id='word_1_279' title='bbox 1165 2355 1321 2424; x_wconf 91' lang='lat' dir='ltr'><strong>cujus</strong></span> <span class='ocrx_word' id='word_1_280' title='bbox 1357 2357 1672 2426; x_wconf 89' lang='lat' dir='ltr'><strong>parochiam</strong></span> <span class='ocrx_word' id='word_1_281' title='bbox 1717 2357 1953 2427; x_wconf 89' lang='lat' dir='ltr'><strong>pertinet</strong></span> 
     </span>
    </p>
   </div>
   <div class='ocr_carea' id='block_1_42' title="bbox 351 2443 1950 2517">
    <p class='ocr_par' dir='ltr' id='par_1_42' title="bbox 351 2443 1950 2517">
     <span class='ocr_line' id='line_1_42' title="bbox 351 2443 1950 2517; baseline 0.001 -19"><span class='ocrx_word' id='word_1_282' title='bbox 351 2443 504 2500; x_wconf 90' lang='lat' dir='ltr'><strong>locus</strong></span> <span class='ocrx_word' id='word_1_283' title='bbox 523 2445 661 2516; x_wconf 80' lang='lat' dir='ltr'><strong>ipse,</strong></span> <span class='ocrx_word' id='word_1_284' title='bbox 685 2459 790 2500; x_wconf 92' lang='lat' dir='ltr'><strong>nec</strong></span> <span class='ocrx_word' id='word_1_285' title='bbox 821 2459 1014 2500; x_wconf 91' lang='lat' dir='ltr'><strong>omnes</strong></span> <span class='ocrx_word' id='word_1_286' title='bbox 1045 2443 1287 2512; x_wconf 89' lang='lat' dir='ltr'><strong>ejusdem</strong></span> <span class='ocrx_word' id='word_1_287' title='bbox 1319 2445 1602 2515; x_wconf 88' lang='lat' dir='ltr'><strong>potestatis</strong></span> <span class='ocrx_word' id='word_1_288' title='bbox 1651 2445 1950 2517; x_wconf 76' lang='lat' dir='ltr'><strong>quidquam</strong></span> 
     </span>
    </p>
   </div>
   <div class='ocr_carea' id='block_1_43' title="bbox 347 2531 1952 2602">
    <p class='ocr_par' dir='ltr' id='par_1_43' title="bbox 347 2531 1952 2602">
     <span class='ocr_line' id='line_1_43' title="bbox 347 2531 1952 2602; baseline 0 -14"><span class='ocrx_word' id='word_1_289' title='bbox 347 2549 413 2588; x_wconf 84' lang='lat' dir='ltr'><strong>ex</strong></span> <span class='ocrx_word' id='word_1_290' title='bbox 445 2533 700 2588; x_wconf 88' lang='lat' dir='ltr'><strong>monitate</strong></span> <span class='ocrx_word' id='word_1_291' title='bbox 731 2533 985 2602; x_wconf 90' lang='lat' dir='ltr'><strong>accipere</strong></span> <span class='ocrx_word' id='word_1_292' title='bbox 1028 2531 1202 2602; x_wconf 87' lang='lat' dir='ltr'><strong>ipsius</strong></span> <span class='ocrx_word' id='word_1_293' title='bbox 1249 2533 1568 2588; x_wconf 88' lang='lat' dir='ltr'><strong>monasterii</strong></span> <span class='ocrx_word' id='word_1_294' title='bbox 1623 2534 1838 2590; x_wconf 86' lang='lat' dir='ltr'><strong>audeat.</strong></span> <span class='ocrx_word' id='word_1_295' title='bbox 1882 2535 1952 2588; x_wconf 92' lang='lat' dir='ltr'><strong>Et</strong></span> 
     </span>
    </p>
   </div>
   <div class='ocr_carea' id='block_1_44' title="bbox 343 2619 1950 2693">
    <p class='ocr_par' dir='ltr' id='par_1_44' title="bbox 343 2619 1950 2693">
     <span class='ocr_line' id='line_1_44' title="bbox 343 2619 1950 2693; baseline 0.001 -17"><span class='ocrx_word' id='word_1_296' title='bbox 343 2622 568 2693; x_wconf 89' lang='lat' dir='ltr'><strong>insuper</strong></span> <span class='ocrx_word' id='word_1_297' title='bbox 605 2621 738 2676; x_wconf 89' lang='lat' dir='ltr'><strong>nulli</strong></span> <span class='ocrx_word' id='word_1_298' title='bbox 784 2620 1006 2676; x_wconf 92' lang='lat' dir='ltr'><strong>omnino</strong></span> <span class='ocrx_word' id='word_1_299' title='bbox 1066 2619 1230 2675; x_wconf 89' lang='lat' dir='ltr'><strong>liceat</strong></span> <span class='ocrx_word' id='word_1_300' title='bbox 1273 2636 1490 2692; x_wconf 90' lang='lat' dir='ltr'><strong>quoquo</strong></span> <span class='ocrx_word' id='word_1_301' title='bbox 1537 2623 1701 2678; x_wconf 91' lang='lat' dir='ltr'><strong>modo</strong></span> <span class='ocrx_word' id='word_1_302' title='bbox 1747 2623 1803 2676; x_wconf 93' lang='lat' dir='ltr'><strong>in</strong></span> <span class='ocrx_word' id='word_1_303' title='bbox 1863 2623 1950 2678; x_wconf 89' lang='lat' dir='ltr'><strong>his</strong></span> 
     </span>
    </p>
   </div>
   <div class='ocr_carea' id='block_1_45' title="bbox 345 2708 1948 2784">
    <p class='ocr_par' dir='ltr' id='par_1_45' title="bbox 345 2708 1948 2784">
     <span class='ocr_line' id='line_1_45' title="bbox 345 2708 1948 2784; baseline 0.001 -20"><span class='ocrx_word' id='word_1_304' title='bbox 345 2710 597 2765; x_wconf 88' lang='lat' dir='ltr'><strong>omnibus</strong></span> <span class='ocrx_word' id='word_1_305' title='bbox 625 2710 864 2781; x_wconf 90' lang='lat' dir='ltr'><strong>aliquam</strong></span> <span class='ocrx_word' id='word_1_306' title='bbox 909 2708 1327 2764; x_wconf 89' lang='lat' dir='ltr'><strong>minorationem</strong></span> <span class='ocrx_word' id='word_1_307' title='bbox 1373 2710 1460 2766; x_wconf 91' lang='lat' dir='ltr'><strong>vel</strong></span> <span class='ocrx_word' id='word_1_308' title='bbox 1507 2709 1736 2766; x_wconf 89' lang='lat' dir='ltr'><strong>forciam</strong></span> <span class='ocrx_word' id='word_1_309' title='bbox 1787 2712 1948 2784; x_wconf 87' lang='lat' dir='ltr'><strong>inge-</strong></span> 
     </span>
    </p>
   </div>
   <div class='ocr_carea' id='block_1_46' title="bbox 348 2797 1949 2868">
    <p class='ocr_par' dir='ltr' id='par_1_46' title="bbox 348 2797 1949 2868">
     <span class='ocr_line' id='line_1_46' title="bbox 348 2797 1949 2868; baseline 0.001 -15"><span class='ocrx_word' id='word_1_310' title='bbox 348 2814 494 2854; x_wconf 90' lang='lat' dir='ltr'><strong>rere.</strong></span> <span class='ocrx_word' id='word_1_311' title='bbox 531 2799 714 2854; x_wconf 89' lang='lat' dir='ltr'><strong>Potius</strong></span> <span class='ocrx_word' id='word_1_312' title='bbox 742 2805 926 2853; x_wconf 90' lang='lat' dir='ltr'><strong>autem</strong></span> <span class='ocrx_word' id='word_1_313' title='bbox 955 2814 985 2851; x_wconf 89' lang='lat' dir='ltr'><strong>a</strong></span> <span class='ocrx_word' id='word_1_314' title='bbox 1013 2797 1269 2868; x_wconf 68' lang='lat' dir='ltr'><strong>praesenti</strong></span> <span class='ocrx_word' id='word_1_315' title='bbox 1316 2798 1549 2854; x_wconf 91' lang='lat' dir='ltr'><strong>concilio</strong></span> <span class='ocrx_word' id='word_1_316' title='bbox 1598 2801 1780 2854; x_wconf 85' lang='lat' dir='ltr'><strong>omnia</strong></span> <span class='ocrx_word' id='word_1_317' title='bbox 1833 2801 1949 2856; x_wconf 58' lang='lat' dir='ltr'><strong>haec</strong></span> 
     </span>
    </p>
   </div>
   <div class='ocr_carea' id='block_1_47' title="bbox 344 2885 1948 2960">
    <p class='ocr_par' dir='ltr' id='par_1_47' title="bbox 344 2885 1948 2960">
     <span class='ocr_line' id='line_1_47' title="bbox 344 2885 1948 2960; baseline 0.001 -18"><span class='ocrx_word' id='word_1_318' title='bbox 344 2887 414 2942; x_wconf 88' lang='lat' dir='ltr'><strong>ad</strong></span> <span class='ocrx_word' id='word_1_319' title='bbox 437 2887 546 2956; x_wconf 90' lang='lat' dir='ltr'><strong>jam</strong></span> <span class='ocrx_word' id='word_1_320' title='bbox 589 2887 796 2942; x_wconf 91' lang='lat' dir='ltr'><strong>dictum</strong></span> <span class='ocrx_word' id='word_1_321' title='bbox 848 2885 1239 2942; x_wconf 89' lang='lat' dir='ltr'><strong>monasterium</strong></span> <span class='ocrx_word' id='word_1_322' title='bbox 1297 2901 1420 2941; x_wconf 91' lang='lat' dir='ltr'><strong>cum</strong></span> <span class='ocrx_word' id='word_1_323' title='bbox 1450 2888 1705 2942; x_wconf 88' lang='lat' dir='ltr'><strong>omnibus</strong></span> <span class='ocrx_word' id='word_1_324' title='bbox 1735 2903 1948 2960; x_wconf 88' lang='lat' dir='ltr'><strong>appen-</strong></span> 
     </span>
    </p>
   </div>
   <div class='ocr_carea' id='block_1_48' title="bbox 341 2973 1946 3049">
    <p class='ocr_par' dir='ltr' id='par_1_48' title="bbox 341 2973 1946 3049">
     <span class='ocr_line' id='line_1_48' title="bbox 341 2973 1946 3049; baseline 0.001 -19"><span class='ocrx_word' id='word_1_325' title='bbox 341 2975 508 3046; x_wconf 90' lang='lat' dir='ltr'><strong>ditiis,</strong></span> <span class='ocrx_word' id='word_1_326' title='bbox 560 2985 612 3030; x_wconf 90' lang='lat' dir='ltr'><strong>et</strong></span> <span class='ocrx_word' id='word_1_327' title='bbox 655 2975 937 3041; x_wconf 88' lang='lat' dir='ltr'><strong>cathedra,</strong></span> <span class='ocrx_word' id='word_1_328' title='bbox 969 2973 1075 3028; x_wconf 89' lang='lat' dir='ltr'><strong>alia</strong></span> <span class='ocrx_word' id='word_1_329' title='bbox 1115 2974 1236 3029; x_wconf 90' lang='lat' dir='ltr'><strong>loca</strong></span> <span class='ocrx_word' id='word_1_330' title='bbox 1266 2975 1485 3030; x_wconf 90' lang='lat' dir='ltr'><strong>mobilia</strong></span> <span class='ocrx_word' id='word_1_331' title='bbox 1517 2975 1946 3049; x_wconf 87' lang='lat' dir='ltr'><strong>immobiliaque,</strong></span> 
     </span>
    </p>
   </div>
   <div class='ocr_carea' id='block_1_49' title="bbox 341 3064 1945 3140">
    <p class='ocr_par' dir='ltr' id='par_1_49' title="bbox 341 3064 1945 3140">
     <span class='ocr_line' id='line_1_49' title="bbox 341 3064 1945 3140; baseline 0.002 -22"><span class='ocrx_word' id='word_1_332' title='bbox 341 3081 461 3136; x_wconf 69' lang='lat' dir='ltr'><strong>qua?</strong></span> <span class='ocrx_word' id='word_1_333' title='bbox 481 3081 582 3135; x_wconf 89' lang='lat' dir='ltr'><strong>per</strong></span> <span class='ocrx_word' id='word_1_334' title='bbox 601 3066 774 3120; x_wconf 92' lang='lat' dir='ltr'><strong>Deum</strong></span> <span class='ocrx_word' id='word_1_335' title='bbox 791 3064 1094 3124; x_wconf 89' lang='lat' dir='ltr'><strong>timentium</strong></span> <span class='ocrx_word' id='word_1_336' title='bbox 1115 3067 1425 3140; x_wconf 82' lang='lat' dir='ltr'><strong>largitatem</strong></span> <span class='ocrx_word' id='word_1_337' title='bbox 1449 3065 1579 3120; x_wconf 88' lang='lat' dir='ltr'><strong>inibi</strong></span> <span class='ocrx_word' id='word_1_338' title='bbox 1597 3065 1791 3121; x_wconf 90' lang='lat' dir='ltr'><strong>collata</strong></span> <span class='ocrx_word' id='word_1_339' title='bbox 1823 3082 1945 3121; x_wconf 90' lang='lat' dir='ltr'><strong>esse</strong></span> 
     </span>
    </p>
   </div>
   <div class='ocr_carea' id='block_1_50' title="bbox 341 3154 1944 3229">
    <p class='ocr_par' dir='ltr' id='par_1_50' title="bbox 341 3154 1944 3229">
     <span class='ocr_line' id='line_1_50' title="bbox 341 3154 1944 3229; baseline 0.001 -21"><span class='ocrx_word' id='word_1_340' title='bbox 341 3162 661 3220; x_wconf 88' lang='lat' dir='ltr'><strong>noscuntur,</strong></span> <span class='ocrx_word' id='word_1_341' title='bbox 695 3155 820 3210; x_wconf 90' lang='lat' dir='ltr'><strong>huic</strong></span> <span class='ocrx_word' id='word_1_342' title='bbox 852 3157 1066 3213; x_wconf 82' lang='lat' dir='ltr'><strong>Amulio</strong></span> <span class='ocrx_word' id='word_1_343' title='bbox 1088 3157 1413 3229; x_wconf 77' lang='lat' dir='ltr'><strong>presbytero</strong></span> <span class='ocrx_word' id='word_1_344' title='bbox 1461 3163 1514 3210; x_wconf 91' lang='lat' dir='ltr'><strong>et</strong></span> <span class='ocrx_word' id='word_1_345' title='bbox 1555 3154 1944 3210; x_wconf 88' lang='lat' dir='ltr'><strong>archidiacono</strong></span> 
     </span>
    </p>
   </div>
   <div class='ocr_carea' id='block_1_51' title="bbox 340 3241 1943 3316">
    <p class='ocr_par' dir='ltr' id='par_1_51' title="bbox 340 3241 1943 3316">
     <span class='ocr_line' id='line_1_51' title="bbox 340 3241 1943 3316; baseline -0.001 -19"><span class='ocrx_word' id='word_1_346' title='bbox 340 3241 672 3297; x_wconf 86' lang='lat' dir='ltr'><strong>Uzeticensis</strong></span> <span class='ocrx_word' id='word_1_347' title='bbox 707 3243 956 3300; x_wconf 73' lang='lat' dir='ltr'><strong>ecclesiae</strong></span> <span class='ocrx_word' id='word_1_348' title='bbox 985 3245 1390 3302; x_wconf 88' lang='lat' dir='ltr'><strong>conﬁrmamus.</strong></span> <span class='ocrx_word' id='word_1_349' title='bbox 1424 3243 1594 3312; x_wconf 85' lang='lat' dir='ltr'><strong>Hujus</strong></span> <span class='ocrx_word' id='word_1_350' title='bbox 1633 3244 1713 3296; x_wconf 87' lang='lat' dir='ltr'><strong>rei</strong></span> <span class='ocrx_word' id='word_1_351' title='bbox 1770 3243 1943 3316; x_wconf 88' lang='lat' dir='ltr'><strong>gratia</strong></span> 
     </span>
    </p>
   </div>
   <div class='ocr_carea' id='block_1_52' title="bbox 339 3331 1936 3404">
    <p class='ocr_par' dir='ltr' id='par_1_52' title="bbox 339 3331 1936 3404">
     <span class='ocr_line' id='line_1_52' title="bbox 339 3331 1936 3404; baseline -0.001 -18"><span class='ocrx_word' id='word_1_352' title='bbox 339 3331 782 3386; x_wconf 86' lang='lat' dir='ltr'><strong>commendamus</strong></span> <span class='ocrx_word' id='word_1_353' title='bbox 811 3333 968 3389; x_wconf 89' lang='lat' dir='ltr'><strong>vobis</strong></span> <span class='ocrx_word' id='word_1_354' title='bbox 995 3335 1134 3390; x_wconf 89' lang='lat' dir='ltr'><strong>hanc</strong></span> <span class='ocrx_word' id='word_1_355' title='bbox 1163 3334 1411 3390; x_wconf 88' lang='lat' dir='ltr'><strong>notitiam</strong></span> <span class='ocrx_word' id='word_1_356' title='bbox 1451 3333 1518 3386; x_wconf 88' lang='lat' dir='ltr'><strong>ad</strong></span> <span class='ocrx_word' id='word_1_357' title='bbox 1555 3332 1854 3404; x_wconf 84' lang='lat' dir='ltr'><strong>regendum</strong></span> <span class='ocrx_word' id='word_1_358' title='bbox 1885 3339 1936 3386; x_wconf 92' lang='lat' dir='ltr'><strong>et</strong></span> 
     </span>
    </p>
   </div>
   <div class='ocr_carea' id='block_1_53' title="bbox 338 3419 1950 3487">
    <p class='ocr_par' dir='ltr' id='par_1_53' title="bbox 338 3419 1950 3487">
     <span class='ocr_line' id='line_1_53' title="bbox 338 3419 1950 3487; baseline 0.002 -15"><span class='ocrx_word' id='word_1_359' title='bbox 338 3419 596 3474; x_wconf 91' lang='lat' dir='ltr'><strong>tuendum</strong></span> <span class='ocrx_word' id='word_1_360' title='bbox 618 3428 671 3475; x_wconf 90' lang='lat' dir='ltr'><strong>et</strong></span> <span class='ocrx_word' id='word_1_361' title='bbox 691 3422 828 3482; x_wconf 86' lang='lat' dir='ltr'><strong>bene</strong></span> <span class='ocrx_word' id='word_1_362' title='bbox 848 3423 1229 3480; x_wconf 67' lang='lat' dir='ltr'><strong>aediﬁcandum</strong></span> <span class='ocrx_word' id='word_1_363' title='bbox 1247 3422 1559 3480; x_wconf 84' lang='lat' dir='ltr'><strong>coenobium</strong></span> <span class='ocrx_word' id='word_1_364' title='bbox 1591 3441 1606 3487; x_wconf 91' lang='lat'><strong>;</strong></span> <span class='ocrx_word' id='word_1_365' title='bbox 1631 3421 1704 3476; x_wconf 91' lang='lat' dir='ltr'><strong>ita</strong></span> <span class='ocrx_word' id='word_1_366' title='bbox 1737 3437 1866 3475; x_wconf 89' lang='lat' dir='ltr'><strong>sane</strong></span> <span class='ocrx_word' id='word_1_367' title='bbox 1891 3430 1950 3476; x_wconf 90' lang='lat' dir='ltr'><strong>ut</strong></span> 
     </span>
    </p>
   </div>
   <div class='ocr_carea' id='block_1_54' title="bbox 341 3507 1948 3584">
    <p class='ocr_par' dir='ltr' id='par_1_54' title="bbox 341 3507 1948 3584">
     <span class='ocr_line' id='line_1_54' title="bbox 341 3507 1948 3584; baseline 0.002 -23"><span class='ocrx_word' id='word_1_368' title='bbox 341 3521 375 3560; x_wconf 87' lang='lat' dir='ltr'><strong>a</strong></span> <span class='ocrx_word' id='word_1_369' title='bbox 413 3507 586 3577; x_wconf 91' lang='lat' dir='ltr'><strong>vobis,</strong></span> <span class='ocrx_word' id='word_1_370' title='bbox 619 3508 848 3582; x_wconf 82' lang='lat' dir='ltr'><strong>singulis</strong></span> <span class='ocrx_word' id='word_1_371' title='bbox 879 3513 1296 3584; x_wconf 87' lang='lat' dir='ltr'><strong>quibuscunque</strong></span> <span class='ocrx_word' id='word_1_372' title='bbox 1327 3510 1504 3579; x_wconf 89' lang='lat' dir='ltr'><strong>annis,</strong></span> <span class='ocrx_word' id='word_1_373' title='bbox 1527 3509 1810 3580; x_wconf 90' lang='lat' dir='ltr'><strong>pensionis</strong></span> <span class='ocrx_word' id='word_1_374' title='bbox 1841 3525 1948 3564; x_wconf 86' lang='lat' dir='ltr'><strong>no-</strong></span> 
     </span>
    </p>
   </div>
   <div class='ocr_carea' id='block_1_55' title="bbox 340 3595 1946 3670">
    <p class='ocr_par' dir='ltr' id='par_1_55' title="bbox 340 3595 1946 3670">
     <span class='ocr_line' id='line_1_55' title="bbox 340 3595 1946 3670; baseline 0.003 -21"><span class='ocrx_word' id='word_1_375' title='bbox 340 3595 506 3664; x_wconf 90' lang='lat' dir='ltr'><strong>mine,</strong></span> <span class='ocrx_word' id='word_1_376' title='bbox 531 3597 586 3651; x_wconf 90' lang='lat' dir='ltr'><strong>in</strong></span> <span class='ocrx_word' id='word_1_377' title='bbox 614 3599 914 3655; x_wconf 89' lang='lat' dir='ltr'><strong>rationibus</strong></span> <span class='ocrx_word' id='word_1_378' title='bbox 935 3601 1322 3656; x_wconf 87' lang='lat' dir='ltr'><strong>ecclesiasticis</strong></span> <span class='ocrx_word' id='word_1_379' title='bbox 1353 3618 1383 3654; x_wconf 86' lang='lat' dir='ltr'><strong>x</strong></span> <span class='ocrx_word' id='word_1_380' title='bbox 1417 3598 1626 3670; x_wconf 89' lang='lat' dir='ltr'><strong>argenti</strong></span> <span class='ocrx_word' id='word_1_381' title='bbox 1659 3597 1946 3664; x_wconf 88' lang='lat' dir='ltr'><strong>solidiana,</strong></span> 
     </span>
    </p>
   </div>
   <div class='ocr_carea' id='block_1_56' title="bbox 339 3683 1945 3761">
    <p class='ocr_par' dir='ltr' id='par_1_56' title="bbox 339 3683 1945 3761">
     <span class='ocr_line' id='line_1_56' title="bbox 339 3683 1945 3761; baseline 0.001 -23"><span class='ocrx_word' id='word_1_382' title='bbox 339 3683 596 3741; x_wconf 89' lang='lat' dir='ltr'><strong>denarios</strong></span> <span class='ocrx_word' id='word_1_383' title='bbox 625 3701 707 3741; x_wconf 67' lang='grc' dir='ltr'>χιι</span> <span class='ocrx_word' id='word_1_384' title='bbox 723 3688 1075 3760; x_wconf 88' lang='lat' dir='ltr'><strong>accipientes,</strong></span> <span class='ocrx_word' id='word_1_385' title='bbox 1122 3690 1228 3761; x_wconf 78' lang='lat' dir='ltr'><strong>piae</strong></span> <span class='ocrx_word' id='word_1_386' title='bbox 1257 3688 1600 3760; x_wconf 90' lang='lat' dir='ltr'><strong>paternitatis</strong></span> <span class='ocrx_word' id='word_1_387' title='bbox 1631 3685 1945 3759; x_wconf 70' lang='lat' dir='ltr'><strong>suffragium</strong></span> 
     </span>
    </p>
   </div>
   <div class='ocr_carea' id='block_1_57' title="bbox 341 3773 1945 3847">
    <p class='ocr_par' dir='ltr' id='par_1_57' title="bbox 341 3773 1945 3847">
     <span class='ocr_line' id='line_1_57' title="bbox 341 3773 1945 3847; baseline 0.001 -19"><span class='ocrx_word' id='word_1_388' title='bbox 341 3773 520 3828; x_wconf 90' lang='lat' dir='ltr'><strong>eidem</strong></span> <span class='ocrx_word' id='word_1_389' title='bbox 541 3777 872 3832; x_wconf 89' lang='lat' dir='ltr'><strong>monasterio</strong></span> <span class='ocrx_word' id='word_1_390' title='bbox 914 3787 1106 3834; x_wconf 89' lang='lat' dir='ltr'><strong>contra</strong></span> <span class='ocrx_word' id='word_1_391' title='bbox 1134 3795 1326 3834; x_wconf 89' lang='lat' dir='ltr'><strong>omnes</strong></span> <span class='ocrx_word' id='word_1_392' title='bbox 1371 3776 1690 3832; x_wconf 77' lang='lat' dir='ltr'><strong>infestantes</strong></span> <span class='ocrx_word' id='word_1_393' title='bbox 1729 3775 1945 3847; x_wconf 90' lang='lat' dir='ltr'><strong>impen-</strong></span> 
     </span>
    </p>
   </div>
   <div class='ocr_carea' id='block_1_58' title="bbox 338 3862 1946 3936">
    <p class='ocr_par' dir='ltr' id='par_1_58' title="bbox 338 3862 1946 3936">
     <span class='ocr_line' id='line_1_58' title="bbox 338 3862 1946 3936; baseline 0.002 -20"><span class='ocrx_word' id='word_1_394' title='bbox 338 3862 472 3917; x_wconf 88' lang='lat' dir='ltr'><strong>dere</strong></span> <span class='ocrx_word' id='word_1_395' title='bbox 503 3865 774 3920; x_wconf 89' lang='lat' dir='ltr'><strong>studeant.</strong></span> <span class='ocrx_word' id='word_1_396' title='bbox 794 3866 941 3920; x_wconf 90' lang='lat' dir='ltr'><strong>Nulli</strong></span> <span class='ocrx_word' id='word_1_397' title='bbox 974 3883 1106 3923; x_wconf 90' lang='lat' dir='ltr'><strong>vero</strong></span> <span class='ocrx_word' id='word_1_398' title='bbox 1135 3867 1360 3922; x_wconf 90' lang='lat' dir='ltr'><strong>dubium</strong></span> <span class='ocrx_word' id='word_1_399' title='bbox 1391 3875 1494 3933; x_wconf 90' lang='lat' dir='ltr'><strong>est,</strong></span> <span class='ocrx_word' id='word_1_400' title='bbox 1549 3863 1766 3931; x_wconf 85' lang='lat' dir='ltr'><strong>fratres,</strong></span> <span class='ocrx_word' id='word_1_401' title='bbox 1799 3865 1946 3936; x_wconf 93' lang='lat' dir='ltr'><strong>quod</strong></span> 
     </span>
    </p>
   </div>
   <div class='ocr_carea' id='block_1_59' title="bbox 340 3952 1942 4024">
    <p class='ocr_par' dir='ltr' id='par_1_59' title="bbox 340 3952 1942 4024">
     <span class='ocr_line' id='line_1_59' title="bbox 340 3952 1942 4024; baseline 0.002 -20"><span class='ocrx_word' id='word_1_402' title='bbox 340 3952 636 4021; x_wconf 88' lang='lat' dir='ltr'><strong>apostolica</strong></span> <span class='ocrx_word' id='word_1_403' title='bbox 677 3954 921 4010; x_wconf 90' lang='lat' dir='ltr'><strong>Ecclesia</strong></span> <span class='ocrx_word' id='word_1_404' title='bbox 965 3965 1141 4011; x_wconf 89' lang='lat' dir='ltr'><strong>mater</strong></span> <span class='ocrx_word' id='word_1_405' title='bbox 1183 3956 1251 4010; x_wconf 92' lang='lat' dir='ltr'><strong>sit</strong></span> <span class='ocrx_word' id='word_1_406' title='bbox 1273 3955 1514 4011; x_wconf 89' lang='lat' dir='ltr'><strong>omnium</strong></span> <span class='ocrx_word' id='word_1_407' title='bbox 1565 3953 1942 4024; x_wconf 86' lang='lat' dir='ltr'><strong>ecclesiarum,</strong></span> 
     </span>
    </p>
   </div>
   <div class='ocr_carea' id='block_1_60' title="bbox 340 4041 1946 4114">
    <p class='ocr_par' dir='ltr' id='par_1_60' title="bbox 340 4041 1946 4114">
     <span class='ocr_line' id='line_1_60' title="bbox 340 4041 1946 4114; baseline 0.002 -20"><span class='ocrx_word' id='word_1_408' title='bbox 340 4055 370 4093; x_wconf 89' lang='lat' dir='ltr'><strong>a</strong></span> <span class='ocrx_word' id='word_1_409' title='bbox 402 4041 556 4110; x_wconf 88' lang='lat' dir='ltr'><strong>cujus</strong></span> <span class='ocrx_word' id='word_1_410' title='bbox 586 4057 686 4098; x_wconf 92' lang='lat' dir='ltr'><strong>nos</strong></span> <span class='ocrx_word' id='word_1_411' title='bbox 708 4043 919 4114; x_wconf 81' lang='lat' dir='ltr'><strong>regulis</strong></span> <span class='ocrx_word' id='word_1_412' title='bbox 958 4045 1265 4100; x_wconf 90' lang='lat' dir='ltr'><strong>nullatenus</strong></span> <span class='ocrx_word' id='word_1_413' title='bbox 1295 4045 1548 4102; x_wconf 87' lang='lat' dir='ltr'><strong>convenit</strong></span> <span class='ocrx_word' id='word_1_414' title='bbox 1597 4043 1818 4099; x_wconf 88' lang='lat' dir='ltr'><strong>deviare</strong></span> <span class='ocrx_word' id='word_1_415' title='bbox 1851 4061 1864 4098; x_wconf 75' lang='grc' dir='ltr'><strong>ε</strong></span> <span class='ocrx_word' id='word_1_416' title='bbox 1891 4051 1946 4099; x_wconf 92' lang='lat' dir='ltr'><strong>et</strong></span> 
     </span>
    </p>
   </div>
   <div class='ocr_carea' id='block_1_61' title="bbox 344 4127 1943 4206">
    <p class='ocr_par' dir='ltr' id='par_1_61' title="bbox 344 4127 1943 4206">
     <span class='ocr_line' id='line_1_61' title="bbox 344 4127 1943 4206; baseline 0.002 -23"><span class='ocrx_word' id='word_1_417' title='bbox 344 4127 481 4184; x_wconf 90' lang='lat' dir='ltr'><strong>sicut</strong></span> <span class='ocrx_word' id='word_1_418' title='bbox 519 4131 684 4186; x_wconf 84' lang='lat' dir='ltr'><strong>Filius</strong></span> <span class='ocrx_word' id='word_1_419' title='bbox 714 4133 814 4188; x_wconf 88' lang='lat' dir='ltr'><strong>Dei</strong></span> <span class='ocrx_word' id='word_1_420' title='bbox 844 4134 990 4188; x_wconf 91' lang='lat' dir='ltr'><strong>venit</strong></span> <span class='ocrx_word' id='word_1_421' title='bbox 1010 4133 1193 4188; x_wconf 90' lang='lat' dir='ltr'><strong>facere</strong></span> <span class='ocrx_word' id='word_1_422' title='bbox 1228 4134 1561 4206; x_wconf 84' lang='lat' dir='ltr'><strong>voluntatem</strong></span> <span class='ocrx_word' id='word_1_423' title='bbox 1609 4133 1803 4197; x_wconf 90' lang='lat' dir='ltr'><strong>Patris,</strong></span> <span class='ocrx_word' id='word_1_424' title='bbox 1865 4131 1943 4186; x_wconf 92' lang='lat' dir='ltr'><strong>sic</strong></span> 
     </span>
    </p>
   </div>
   <div class='ocr_carea' id='block_1_62' title="bbox 342 4219 1944 4293">
    <p class='ocr_par' dir='ltr' id='par_1_62' title="bbox 342 4219 1944 4293">
     <span class='ocr_line' id='line_1_62' title="bbox 342 4219 1944 4293; baseline 0.001 -21"><span class='ocrx_word' id='word_1_425' title='bbox 342 4225 394 4272; x_wconf 90' lang='lat' dir='ltr'><strong>et</strong></span> <span class='ocrx_word' id='word_1_426' title='bbox 429 4234 525 4274; x_wconf 88' lang='lat' dir='ltr'><strong>vos</strong></span> <span class='ocrx_word' id='word_1_427' title='bbox 555 4219 882 4276; x_wconf 86' lang='lat' dir='ltr'><strong>voluntatem</strong></span> <span class='ocrx_word' id='word_1_428' title='bbox 911 4232 1105 4278; x_wconf 67' lang='lat' dir='ltr'><strong>vestrae</strong></span> <span class='ocrx_word' id='word_1_429' title='bbox 1145 4222 1416 4293; x_wconf 88' lang='lat' dir='ltr'><strong>impleatis</strong></span> <span class='ocrx_word' id='word_1_430' title='bbox 1453 4221 1662 4287; x_wconf 85' lang='lat' dir='ltr'><strong>matris,</strong></span> <span class='ocrx_word' id='word_1_431' title='bbox 1697 4237 1818 4292; x_wconf 62' lang='lat' dir='ltr'><strong>quae</strong></span> <span class='ocrx_word' id='word_1_432' title='bbox 1861 4228 1944 4274; x_wconf 90' lang='lat' dir='ltr'><strong>est</strong></span> 
     </span>
    </p>
   </div>
   <div class='ocr_carea' id='block_1_63' title="bbox 341 4307 1942 4383">
    <p class='ocr_par' dir='ltr' id='par_1_63' title="bbox 341 4307 1942 4383">
     <span class='ocr_line' id='line_1_63' title="bbox 341 4307 1942 4383; baseline 0.001 -21"><span class='ocrx_word' id='word_1_433' title='bbox 341 4307 611 4377; x_wconf 87' lang='lat' dir='ltr'><strong>Ecclesia,</strong></span> <span class='ocrx_word' id='word_1_434' title='bbox 645 4310 799 4380; x_wconf 89' lang='lat' dir='ltr'><strong>cujus</strong></span> <span class='ocrx_word' id='word_1_435' title='bbox 847 4320 1028 4383; x_wconf 92' lang='lat' dir='ltr'><strong>caput,</strong></span> <span class='ocrx_word' id='word_1_436' title='bbox 1083 4320 1140 4366; x_wconf 93' lang='lat' dir='ltr'><strong>ut</strong></span> <span class='ocrx_word' id='word_1_437' title='bbox 1183 4311 1502 4382; x_wconf 71' lang='lat' dir='ltr'><strong>praedictum</strong></span> <span class='ocrx_word' id='word_1_438' title='bbox 1547 4318 1650 4374; x_wconf 86' lang='lat' dir='ltr'><strong>est,</strong></span> <span class='ocrx_word' id='word_1_439' title='bbox 1700 4311 1942 4366; x_wconf 81' lang='lat' dir='ltr'><strong>Romana</strong></span> 
     </span>
    </p>
   </div>
   <div class='ocr_carea' id='block_1_64' title="bbox 337 4396 1938 4474">
    <p class='ocr_par' dir='ltr' id='par_1_64' title="bbox 337 4396 1938 4474">
     <span class='ocr_line' id='line_1_64' title="bbox 337 4396 1938 4474; baseline 0.002 -24"><span class='ocrx_word' id='word_1_440' title='bbox 337 4396 517 4452; x_wconf 88' lang='lat' dir='ltr'><strong>existit</strong></span> <span class='ocrx_word' id='word_1_441' title='bbox 541 4398 808 4455; x_wconf 88' lang='lat' dir='ltr'><strong>Ecclesia.</strong></span> <span class='ocrx_word' id='word_1_442' title='bbox 833 4400 994 4456; x_wconf 86' lang='lat' dir='ltr'><strong>Pater</strong></span> <span class='ocrx_word' id='word_1_443' title='bbox 1022 4416 1159 4474; x_wconf 90' lang='lat' dir='ltr'><strong>ergo</strong></span> <span class='ocrx_word' id='word_1_444' title='bbox 1189 4407 1378 4456; x_wconf 88' lang='lat' dir='ltr'><strong>noster</strong></span> <span class='ocrx_word' id='word_1_445' title='bbox 1405 4401 1523 4454; x_wconf 87' lang='lat' dir='ltr'><strong>sine</strong></span> <span class='ocrx_word' id='word_1_446' title='bbox 1555 4399 1722 4454; x_wconf 89' lang='lat' dir='ltr'><strong>dubio</strong></span> <span class='ocrx_word' id='word_1_447' title='bbox 1771 4399 1938 4462; x_wconf 87' lang='lat' dir='ltr'><strong>Deus,</strong></span> 
     </span>
    </p>
   </div>
   <div class='ocr_carea' id='block_1_65' title="bbox 2055 1836 3654 1892">
    <p class='ocr_par' dir='ltr' id='par_1_65' title="bbox 2055 1836 3654 1892">
     <span class='ocr_line' id='line_1_65' title="bbox 2055 1836 3654 1892; baseline 0.002 -3"><span class='ocrx_word' id='word_1_448' title='bbox 2055 1837 2402 1892; x_wconf 87' lang='lat' dir='ltr'><strong>anathemate</strong></span> <span class='ocrx_word' id='word_1_449' title='bbox 2447 1836 2688 1892; x_wconf 87' lang='lat' dir='ltr'><strong>feriatur.</strong></span> <span class='ocrx_word' id='word_1_450' title='bbox 2756 1857 2779 1885; x_wconf 78' lang='grc' dir='ltr'><strong><em>ι</em></strong></span> <span class='ocrx_word' id='word_1_451' title='bbox 2833 1837 2965 1892; x_wconf 83' lang='lat' dir='ltr'><strong>Item</strong></span> <span class='ocrx_word' id='word_1_452' title='bbox 3026 1837 3084 1890; x_wconf 93' lang='lat' dir='ltr'><strong>in</strong></span> <span class='ocrx_word' id='word_1_453' title='bbox 3157 1837 3454 1892; x_wconf 91' lang='lat' dir='ltr'><strong>canonibus</strong></span> <span class='ocrx_word' id='word_1_454' title='bbox 3487 1855 3500 1890; x_wconf 90' lang='lat'><strong>:</strong></span> <span class='ocrx_word' id='word_1_455' title='bbox 3535 1861 3558 1885; x_wconf 78' lang='grc' dir='ltr'><strong>ιι</strong></span> <span class='ocrx_word' id='word_1_456' title='bbox 3595 1837 3654 1892; x_wconf 92' lang='lat' dir='ltr'><strong>Si</strong></span> 
     </span>
    </p>
   </div>
   <div class='ocr_carea' id='block_1_66' title="bbox 2054 1923 3654 1997">
    <p class='ocr_par' dir='ltr' id='par_1_66' title="bbox 2054 1923 3654 1997">
     <span class='ocr_line' id='line_1_66' title="bbox 2054 1923 3654 1997; baseline 0.001 -19"><span class='ocrx_word' id='word_1_457' title='bbox 2054 1923 2346 1995; x_wconf 85' lang='lat' dir='ltr'><strong>episcOpus</strong></span> <span class='ocrx_word' id='word_1_458' title='bbox 2375 1925 2594 1980; x_wconf 91' lang='lat' dir='ltr'><strong>condito</strong></span> <span class='ocrx_word' id='word_1_459' title='bbox 2622 1933 2948 1980; x_wconf 89' lang='lat' dir='ltr'><strong>testamento</strong></span> <span class='ocrx_word' id='word_1_460' title='bbox 2970 1923 3177 1997; x_wconf 90' lang='lat' dir='ltr'><strong>aliquid</strong></span> <span class='ocrx_word' id='word_1_461' title='bbox 3206 1925 3275 1980; x_wconf 90' lang='lat' dir='ltr'><strong>de</strong></span> <span class='ocrx_word' id='word_1_462' title='bbox 3293 1925 3654 1982; x_wconf 83' lang='lat' dir='ltr'><strong>ecclesiastici</strong></span> 
     </span>
    </p>
   </div>
   <div class='ocr_carea' id='block_1_67' title="bbox 2046 2011 3652 2085">
    <p class='ocr_par' dir='ltr' id='par_1_67' title="bbox 2046 2011 3652 2085">
     <span class='ocr_line' id='line_1_67' title="bbox 2046 2011 3652 2085; baseline 0.001 -19"><span class='ocrx_word' id='word_1_463' title='bbox 2046 2011 2186 2081; x_wconf 89' lang='lat' dir='ltr'><strong>juris</strong></span> <span class='ocrx_word' id='word_1_464' title='bbox 2241 2013 2579 2084; x_wconf 88' lang='lat' dir='ltr'><strong>proprietate</strong></span> <span class='ocrx_word' id='word_1_465' title='bbox 2634 2013 2917 2085; x_wconf 84' lang='lat' dir='ltr'><strong>legaverit,</strong></span> <span class='ocrx_word' id='word_1_466' title='bbox 2959 2012 3120 2068; x_wconf 91' lang='lat' dir='ltr'><strong>aliter</strong></span> <span class='ocrx_word' id='word_1_467' title='bbox 3149 2029 3259 2068; x_wconf 92' lang='lat' dir='ltr'><strong>non</strong></span> <span class='ocrx_word' id='word_1_468' title='bbox 3287 2013 3509 2084; x_wconf 90' lang='lat' dir='ltr'><strong>valebit,</strong></span> <span class='ocrx_word' id='word_1_469' title='bbox 3543 2013 3652 2068; x_wconf 90' lang='lat' dir='ltr'><strong>nisi</strong></span> 
     </span>
    </p>
   </div>
   <div class='ocr_carea' id='block_1_68' title="bbox 2053 2101 3616 2174">
    <p class='ocr_par' dir='ltr' id='par_1_68' title="bbox 2053 2101 3616 2174">
     <span class='ocr_line' id='line_1_68' title="bbox 2053 2101 3616 2174; baseline -0.001 -20"><span class='ocrx_word' id='word_1_470' title='bbox 2053 2108 2257 2154; x_wconf 89' lang='lat' dir='ltr'><strong>tantum</strong></span> <span class='ocrx_word' id='word_1_471' title='bbox 2285 2101 2355 2156; x_wconf 92' lang='lat' dir='ltr'><strong>de</strong></span> <span class='ocrx_word' id='word_1_472' title='bbox 2377 2101 2516 2171; x_wconf 88' lang='lat' dir='ltr'><strong>juris</strong></span> <span class='ocrx_word' id='word_1_473' title='bbox 2545 2101 2748 2174; x_wconf 86' lang='lat' dir='ltr'><strong>proprii</strong></span> <span class='ocrx_word' id='word_1_474' title='bbox 2778 2101 3036 2158; x_wconf 80' lang='lat' dir='ltr'><strong>facultate</strong></span> <span class='ocrx_word' id='word_1_475' title='bbox 3088 2102 3442 2174; x_wconf 86' lang='lat' dir='ltr'><strong>suppleverit.</strong></span> <span class='ocrx_word' id='word_1_476' title='bbox 3483 2124 3504 2152; x_wconf 81' lang='grc'><strong>»</strong></span> <span class='ocrx_word' id='word_1_477' title='bbox 3609 2105 3616 2112; x_wconf 82' lang='grc'><em>“</em></span> 
     </span>
    </p>
   </div>
   <div class='ocr_carea' id='block_1_69' title="bbox 2125 2189 3654 2263">
    <p class='ocr_par' dir='ltr' id='par_1_69' title="bbox 2125 2189 3654 2263">
     <span class='ocr_line' id='line_1_69' title="bbox 2125 2189 3654 2263; baseline 0.003 -21"><span class='ocrx_word' id='word_1_478' title='bbox 2125 2189 2295 2260; x_wconf 84' lang='lat' dir='ltr'><strong>Igitur</strong></span> <span class='ocrx_word' id='word_1_479' title='bbox 2323 2198 2433 2244; x_wconf 89' lang='lat' dir='ltr'><strong>tam</strong></span> <span class='ocrx_word' id='word_1_480' title='bbox 2463 2207 2569 2263; x_wconf 88' lang='lat' dir='ltr'><strong>ego</strong></span> <span class='ocrx_word' id='word_1_481' title='bbox 2598 2207 2757 2262; x_wconf 89' lang='lat' dir='ltr'><strong>quam</strong></span> <span class='ocrx_word' id='word_1_482' title='bbox 2787 2207 2978 2246; x_wconf 90' lang='lat' dir='ltr'><strong>omnes</strong></span> <span class='ocrx_word' id='word_1_483' title='bbox 3028 2191 3274 2262; x_wconf 89' lang='lat' dir='ltr'><strong>episcopi</strong></span> <span class='ocrx_word' id='word_1_484' title='bbox 3332 2191 3492 2260; x_wconf 89' lang='lat' dir='ltr'><strong>hujus</strong></span> <span class='ocrx_word' id='word_1_485' title='bbox 3523 2207 3654 2247; x_wconf 88' lang='lat' dir='ltr'><strong>con-</strong></span> 
     </span>
    </p>
   </div>
   <div class='ocr_carea' id='block_1_70' title="bbox 2051 2277 3652 2350">
    <p class='ocr_par' dir='ltr' id='par_1_70' title="bbox 2051 2277 3652 2350">
     <span class='ocr_line' id='line_1_70' title="bbox 2051 2277 3652 2350; baseline 0.002 -18"><span class='ocrx_word' id='word_1_486' title='bbox 2051 2277 2181 2344; x_wconf 92' lang='lat' dir='ltr'><strong>cilii,</strong></span> <span class='ocrx_word' id='word_1_487' title='bbox 2215 2277 2563 2334; x_wconf 88' lang='lat' dir='ltr'><strong>insidiatores</strong></span> <span class='ocrx_word' id='word_1_488' title='bbox 2591 2295 2657 2334; x_wconf 81' lang='lat' dir='ltr'><strong>ex</strong></span> <span class='ocrx_word' id='word_1_489' title='bbox 2687 2280 2789 2334; x_wconf 91' lang='lat' dir='ltr'><strong>hoc</strong></span> <span class='ocrx_word' id='word_1_490' title='bbox 2818 2279 3151 2334; x_wconf 90' lang='lat' dir='ltr'><strong>monasterio</strong></span> <span class='ocrx_word' id='word_1_491' title='bbox 3191 2279 3505 2350; x_wconf 67' lang='lat' dir='ltr'><strong>apostolicae</strong></span> <span class='ocrx_word' id='word_1_492' title='bbox 3561 2295 3652 2335; x_wconf 85' lang='lat' dir='ltr'><strong>se-</strong></span> 
     </span>
    </p>
   </div>
   <div class='ocr_carea' id='block_1_71' title="bbox 2053 2365 3648 2440">
    <p class='ocr_par' dir='ltr' id='par_1_71' title="bbox 2053 2365 3648 2440">
     <span class='ocr_line' id='line_1_71' title="bbox 2053 2365 3648 2440; baseline 0.001 -20"><span class='ocrx_word' id='word_1_493' title='bbox 2053 2365 2164 2435; x_wconf 91' lang='lat' dir='ltr'><strong>dis,</strong></span> <span class='ocrx_word' id='word_1_494' title='bbox 2192 2375 2242 2420; x_wconf 92' lang='lat' dir='ltr'><strong>et</strong></span> <span class='ocrx_word' id='word_1_495' title='bbox 2274 2365 2400 2422; x_wconf 91' lang='lat' dir='ltr'><strong>huic</strong></span> <span class='ocrx_word' id='word_1_496' title='bbox 2429 2367 2752 2439; x_wconf 87' lang='lat' dir='ltr'><strong>presbytero</strong></span> <span class='ocrx_word' id='word_1_497' title='bbox 2784 2368 2828 2421; x_wconf 90' lang='lat' dir='ltr'><strong>si</strong></span> <span class='ocrx_word' id='word_1_498' title='bbox 2859 2367 3054 2440; x_wconf 90' lang='lat' dir='ltr'><strong>aliquis</strong></span> <span class='ocrx_word' id='word_1_499' title='bbox 3097 2367 3418 2422; x_wconf 87' lang='lat' dir='ltr'><strong>adversatus</strong></span> <span class='ocrx_word' id='word_1_500' title='bbox 3464 2367 3648 2433; x_wconf 87' lang='lat' dir='ltr'><strong>fuerit,</strong></span> 
     </span>
    </p>
   </div>
   <div class='ocr_carea' id='block_1_72' title="bbox 2054 2453 3652 2526">
    <p class='ocr_par' dir='ltr' id='par_1_72' title="bbox 2054 2453 3652 2526">
     <span class='ocr_line' id='line_1_72' title="bbox 2054 2453 3652 2526; baseline 0.003 -18"><span class='ocrx_word' id='word_1_501' title='bbox 2054 2453 2178 2518; x_wconf 89' lang='lat' dir='ltr'><strong>tale,</strong></span> <span class='ocrx_word' id='word_1_502' title='bbox 2231 2454 2412 2510; x_wconf 89' lang='lat' dir='ltr'><strong>scelus</strong></span> <span class='ocrx_word' id='word_1_503' title='bbox 2470 2463 2863 2526; x_wconf 87' lang='lat' dir='ltr'><strong>perpetrantes,</strong></span> <span class='ocrx_word' id='word_1_504' title='bbox 2926 2471 3118 2510; x_wconf 91' lang='lat' dir='ltr'><strong>omnes</strong></span> <span class='ocrx_word' id='word_1_505' title='bbox 3175 2471 3209 2512; x_wconf 88' lang='lat' dir='ltr'><strong>a</strong></span> <span class='ocrx_word' id='word_1_506' title='bbox 3265 2457 3652 2512; x_wconf 88' lang='lat' dir='ltr'><strong>communione</strong></span> 
     </span>
    </p>
   </div>
   <div class='ocr_carea' id='block_1_73' title="bbox 2050 2541 3650 2613">
    <p class='ocr_par' dir='ltr' id='par_1_73' title="bbox 2050 2541 3650 2613">
     <span class='ocr_line' id='line_1_73' title="bbox 2050 2541 3650 2613; baseline 0.003 -18"><span class='ocrx_word' id='word_1_507' title='bbox 2050 2541 2250 2596; x_wconf 89' lang='lat' dir='ltr'><strong>Christi</strong></span> <span class='ocrx_word' id='word_1_508' title='bbox 2281 2543 2526 2613; x_wconf 89' lang='lat' dir='ltr'><strong>corporis</strong></span> <span class='ocrx_word' id='word_1_509' title='bbox 2556 2559 2621 2598; x_wconf 90' lang='lat' dir='ltr'><strong>ac</strong></span> <span class='ocrx_word' id='word_1_510' title='bbox 2660 2541 3010 2598; x_wconf 84' lang='lat' dir='ltr'><strong>fraternitatis</strong></span> <span class='ocrx_word' id='word_1_511' title='bbox 3053 2543 3348 2609; x_wconf 89' lang='lat' dir='ltr'><strong>consortio,</strong></span> <span class='ocrx_word' id='word_1_512' title='bbox 3383 2543 3498 2598; x_wconf 88' lang='lat' dir='ltr'><strong>sive</strong></span> <span class='ocrx_word' id='word_1_513' title='bbox 3527 2559 3650 2599; x_wconf 91' lang='lat' dir='ltr'><strong>om-</strong></span> 
     </span>
    </p>
   </div>
   <div class='ocr_carea' id='block_1_74' title="bbox 2050 2630 3646 2704">
    <p class='ocr_par' dir='ltr' id='par_1_74' title="bbox 2050 2630 3646 2704">
     <span class='ocr_line' id='line_1_74' title="bbox 2050 2630 3646 2704; baseline 0.002 -20"><span class='ocrx_word' id='word_1_514' title='bbox 2050 2631 2199 2684; x_wconf 91' lang='lat' dir='ltr'><strong>nium</strong></span> <span class='ocrx_word' id='word_1_515' title='bbox 2225 2630 2644 2704; x_wconf 75' lang='lat' dir='ltr'><strong>christianorum</strong></span> <span class='ocrx_word' id='word_1_516' title='bbox 2692 2631 2926 2704; x_wconf 87' lang='lat' dir='ltr'><strong>collegio</strong></span> <span class='ocrx_word' id='word_1_517' title='bbox 2958 2639 3384 2703; x_wconf 89' lang='lat' dir='ltr'><strong>sequestramus,</strong></span> <span class='ocrx_word' id='word_1_518' title='bbox 3413 2633 3646 2687; x_wconf 82' lang='lat' dir='ltr'><strong>damna-</strong></span> 
     </span>
    </p>
   </div>
   <div class='ocr_carea' id='block_1_75' title="bbox 2049 2719 3650 2784">
    <p class='ocr_par' dir='ltr' id='par_1_75' title="bbox 2049 2719 3650 2784">
     <span class='ocr_line' id='line_1_75' title="bbox 2049 2719 3650 2784; baseline 0.002 -12"><span class='ocrx_word' id='word_1_519' title='bbox 2049 2735 2190 2784; x_wconf 90' lang='lat' dir='ltr'><strong>mus,</strong></span> <span class='ocrx_word' id='word_1_520' title='bbox 2244 2727 2296 2774; x_wconf 91' lang='lat' dir='ltr'><strong>et</strong></span> <span class='ocrx_word' id='word_1_521' title='bbox 2343 2719 2444 2774; x_wconf 90' lang='lat' dir='ltr'><strong>sub</strong></span> <span class='ocrx_word' id='word_1_522' title='bbox 2500 2720 2648 2774; x_wconf 91' lang='lat' dir='ltr'><strong>omni</strong></span> <span class='ocrx_word' id='word_1_523' title='bbox 2703 2722 3042 2775; x_wconf 85' lang='lat' dir='ltr'><strong>anathemate</strong></span> <span class='ocrx_word' id='word_1_524' title='bbox 3093 2719 3650 2776; x_wconf 83' lang='lat' dir='ltr'><strong>excommunicamus.</strong></span> 
     </span>
    </p>
   </div>
   <div class='ocr_carea' id='block_1_76' title="bbox 2051 2807 3684 2880">
    <p class='ocr_par' dir='ltr' id='par_1_76' title="bbox 2051 2807 3684 2880">
     <span class='ocr_line' id='line_1_76' title="bbox 2051 2807 3684 2880; baseline 0.002 -20"><span class='ocrx_word' id='word_1_525' title='bbox 2051 2807 2168 2861; x_wconf 91' lang='lat' dir='ltr'><strong>Sint</strong></span> <span class='ocrx_word' id='word_1_526' title='bbox 2196 2807 2275 2861; x_wconf 91' lang='lat' dir='ltr'><strong>illi</strong></span> <span class='ocrx_word' id='word_1_527' title='bbox 2325 2807 2598 2864; x_wconf 90' lang='lat' dir='ltr'><strong>maledicti</strong></span> <span class='ocrx_word' id='word_1_528' title='bbox 2654 2807 2708 2862; x_wconf 90' lang='lat' dir='ltr'><strong>in</strong></span> <span class='ocrx_word' id='word_1_529' title='bbox 2750 2809 2988 2876; x_wconf 89' lang='lat' dir='ltr'><strong>civitate,</strong></span> <span class='ocrx_word' id='word_1_530' title='bbox 3047 2808 3323 2864; x_wconf 88' lang='lat' dir='ltr'><strong>maledicti</strong></span> <span class='ocrx_word' id='word_1_531' title='bbox 3381 2809 3438 2864; x_wconf 92' lang='lat' dir='ltr'><strong>in</strong></span> <span class='ocrx_word' id='word_1_532' title='bbox 3465 2825 3684 2880; x_wconf 76' lang='lat' dir='ltr'><strong>agro;°</strong></span> 
     </span>
    </p>
   </div>
   <div class='ocr_carea' id='block_1_77' title="bbox 2048 2894 3652 2954">
    <p class='ocr_par' dir='ltr' id='par_1_77' title="bbox 2048 2894 3652 2954">
     <span class='ocr_line' id='line_1_77' title="bbox 2048 2894 3652 2954; baseline 0.002 -5"><span class='ocrx_word' id='word_1_533' title='bbox 2048 2894 2374 2951; x_wconf 88' lang='lat' dir='ltr'><strong>maledictus</strong></span> <span class='ocrx_word' id='word_1_534' title='bbox 2397 2895 2604 2951; x_wconf 86' lang='lat' dir='ltr'><strong>fructus</strong></span> <span class='ocrx_word' id='word_1_535' title='bbox 2634 2905 2793 2952; x_wconf 66' lang='lat' dir='ltr'><strong>terra:</strong></span> <span class='ocrx_word' id='word_1_536' title='bbox 2821 2913 3034 2952; x_wconf 90' lang='lat' dir='ltr'><strong>eorum.</strong></span> <span class='ocrx_word' id='word_1_537' title='bbox 3081 2896 3198 2953; x_wconf 90' lang='lat' dir='ltr'><strong>Sint</strong></span> <span class='ocrx_word' id='word_1_538' title='bbox 3229 2897 3520 2954; x_wconf 89' lang='lat' dir='ltr'><strong>maledicta</strong></span> <span class='ocrx_word' id='word_1_539' title='bbox 3569 2898 3652 2952; x_wconf 79' lang='lat' dir='ltr'><strong>in-</strong></span> 
     </span>
    </p>
   </div>
   <div class='ocr_carea' id='block_1_78' title="bbox 2048 2983 3710 3056">
    <p class='ocr_par' dir='ltr' id='par_1_78' title="bbox 2048 2983 3710 3056">
     <span class='ocr_line' id='line_1_78' title="bbox 2048 2983 3710 3056; baseline 0.003 -19"><span class='ocrx_word' id='word_1_540' title='bbox 2048 2983 2250 3039; x_wconf 88' lang='lat' dir='ltr'><strong>teriora</strong></span> <span class='ocrx_word' id='word_1_541' title='bbox 2283 3000 2473 3040; x_wconf 90' lang='lat' dir='ltr'><strong>eorum</strong></span> <span class='ocrx_word' id='word_1_542' title='bbox 2497 2993 2549 3040; x_wconf 93' lang='lat' dir='ltr'><strong>et</strong></span> <span class='ocrx_word' id='word_1_543' title='bbox 2579 2985 2873 3040; x_wconf 84' lang='lat' dir='ltr'><strong>exteriora.</strong></span> <span class='ocrx_word' id='word_1_544' title='bbox 2909 2985 3120 3040; x_wconf 77' lang='lat' dir='ltr'><strong>Caelum</strong></span> <span class='ocrx_word' id='word_1_545' title='bbox 3152 2986 3300 3056; x_wconf 90' lang='lat' dir='ltr'><strong>quod</strong></span> <span class='ocrx_word' id='word_1_546' title='bbox 3339 3002 3507 3056; x_wconf 89' lang='lat' dir='ltr'><strong>super</strong></span> <span class='ocrx_word' id='word_1_547' title='bbox 3525 2986 3652 3042; x_wconf 90' lang='lat' dir='ltr'><strong>illos</strong></span> <span class='ocrx_word' id='word_1_548' title='bbox 3707 2999 3710 3004; x_wconf 86' lang='lat'>&#39;</span> 
     </span>
    </p>
   </div>
   <div class='ocr_carea' id='block_1_79' title="bbox 2003 3072 3650 3146">
    <p class='ocr_par' dir='ltr' id='par_1_79' title="bbox 2003 3072 3650 3146">
     <span class='ocr_line' id='line_1_79' title="bbox 2003 3072 3650 3146; baseline 0.003 -20"><span class='ocrx_word' id='word_1_549' title='bbox 2003 3121 2025 3144; x_wconf 52' lang='grc' dir='ltr'><strong>η</strong></span> <span class='ocrx_word' id='word_1_550' title='bbox 2051 3080 2152 3138; x_wconf 93' lang='lat' dir='ltr'><strong>est,</strong></span> <span class='ocrx_word' id='word_1_551' title='bbox 2187 3072 2256 3126; x_wconf 90' lang='lat' dir='ltr'><strong>sit</strong></span> <span class='ocrx_word' id='word_1_552' title='bbox 2283 3089 2520 3140; x_wconf 69' lang='lat' dir='ltr'><strong>aereum;</strong></span> <span class='ocrx_word' id='word_1_553' title='bbox 2589 3083 2641 3128; x_wconf 91' lang='lat' dir='ltr'><strong>et</strong></span> <span class='ocrx_word' id='word_1_554' title='bbox 2683 3082 2827 3128; x_wconf 88' lang='lat' dir='ltr'><strong>terra</strong></span> <span class='ocrx_word' id='word_1_555' title='bbox 2859 3089 3024 3146; x_wconf 90' lang='lat' dir='ltr'><strong>quam</strong></span> <span class='ocrx_word' id='word_1_556' title='bbox 3082 3073 3278 3144; x_wconf 90' lang='lat' dir='ltr'><strong>calcat,</strong></span> <span class='ocrx_word' id='word_1_557' title='bbox 3335 3074 3405 3128; x_wconf 89' lang='lat' dir='ltr'><strong>sit</strong></span> <span class='ocrx_word' id='word_1_558' title='bbox 3457 3074 3650 3131; x_wconf 88' lang='lat' dir='ltr'><strong>ferrea.</strong></span> 
     </span>
    </p>
   </div>
   <div class='ocr_carea' id='block_1_80' title="bbox 2057 3156 3730 3233">
    <p class='ocr_par' dir='ltr' id='par_1_80' title="bbox 2057 3156 3730 3233">
     <span class='ocr_line' id='line_1_80' title="bbox 2057 3156 3730 3233; baseline 0.002 -19"><span class='ocrx_word' id='word_1_559' title='bbox 2057 3156 2246 3216; x_wconf 88' lang='lat' dir='ltr'><strong>Oratio</strong></span> <span class='ocrx_word' id='word_1_560' title='bbox 2273 3177 2464 3216; x_wconf 88' lang='lat' dir='ltr'><strong>eorum</strong></span> <span class='ocrx_word' id='word_1_561' title='bbox 2494 3169 2618 3216; x_wconf 90' lang='lat' dir='ltr'><strong>ante</strong></span> <span class='ocrx_word' id='word_1_562' title='bbox 2649 3163 2820 3217; x_wconf 90' lang='lat' dir='ltr'><strong>Deum</strong></span> <span class='ocrx_word' id='word_1_563' title='bbox 2842 3162 3062 3216; x_wconf 89' lang='lat' dir='ltr'><strong>veniant</strong></span> <span class='ocrx_word' id='word_1_564' title='bbox 3084 3163 3140 3216; x_wconf 90' lang='lat' dir='ltr'><strong>in</strong></span> <span class='ocrx_word' id='word_1_565' title='bbox 3159 3171 3444 3233; x_wconf 75' lang='lat' dir='ltr'><strong>peccatum</strong></span> <span class='ocrx_word' id='word_1_566' title='bbox 3469 3179 3482 3218; x_wconf 76' lang='grc' dir='ltr'>ε</span> <span class='ocrx_word' id='word_1_567' title='bbox 3513 3163 3656 3220; x_wconf 91' lang='lat' dir='ltr'><strong>sicut</strong></span> <span class='ocrx_word' id='word_1_568' title='bbox 3723 3156 3730 3161; x_wconf 62' lang='grc'><strong><em>’</em></strong></span> 
     </span>
    </p>
   </div>
   <div class='ocr_carea' id='block_1_81' title="bbox 2051 3248 3652 3307">
    <p class='ocr_par' dir='ltr' id='par_1_81' title="bbox 2051 3248 3652 3307">
     <span class='ocr_line' id='line_1_81' title="bbox 2051 3248 3652 3307; baseline 0.003 -5"><span class='ocrx_word' id='word_1_569' title='bbox 2051 3249 2224 3303; x_wconf 88' lang='lat' dir='ltr'><strong>Datan</strong></span> <span class='ocrx_word' id='word_1_570' title='bbox 2255 3256 2307 3304; x_wconf 89' lang='lat' dir='ltr'><strong>et</strong></span> <span class='ocrx_word' id='word_1_571' title='bbox 2337 3250 2542 3304; x_wconf 79' lang='lat' dir='ltr'><strong>Abiron</strong></span> <span class='ocrx_word' id='word_1_572' title='bbox 2597 3259 2718 3304; x_wconf 91' lang='lat' dir='ltr'><strong>eant</strong></span> <span class='ocrx_word' id='word_1_573' title='bbox 2747 3250 2989 3306; x_wconf 87' lang='lat' dir='ltr'><strong>viventes</strong></span> <span class='ocrx_word' id='word_1_574' title='bbox 3035 3249 3090 3304; x_wconf 89' lang='lat' dir='ltr'><strong>in</strong></span> <span class='ocrx_word' id='word_1_575' title='bbox 3119 3248 3410 3305; x_wconf 85' lang='lat' dir='ltr'><strong>infernum.</strong></span> <span class='ocrx_word' id='word_1_576' title='bbox 3446 3250 3652 3307; x_wconf 88' lang='lat' dir='ltr'><strong>Omnes</strong></span> 
     </span>
    </p>
   </div>
   <div class='ocr_carea' id='block_1_82' title="bbox 2051 3337 3651 3410">
    <p class='ocr_par' dir='ltr' id='par_1_82' title="bbox 2051 3337 3651 3410">
     <span class='ocr_line' id='line_1_82' title="bbox 2051 3337 3651 3410; baseline 0.003 -20"><span class='ocrx_word' id='word_1_577' title='bbox 2051 3337 2296 3409; x_wconf 91' lang='lat' dir='ltr'><strong>quicum</strong></span> <span class='ocrx_word' id='word_1_578' title='bbox 2342 3337 2450 3393; x_wconf 92' lang='lat' dir='ltr'><strong>illis</strong></span> <span class='ocrx_word' id='word_1_579' title='bbox 2496 3339 2959 3410; x_wconf 87' lang='lat' dir='ltr'><strong>participaverint,</strong></span> <span class='ocrx_word' id='word_1_580' title='bbox 3017 3346 3108 3393; x_wconf 91' lang='lat' dir='ltr'><strong>aut</strong></span> <span class='ocrx_word' id='word_1_581' title='bbox 3163 3354 3288 3395; x_wconf 89' lang='lat' dir='ltr'><strong>cum</strong></span> <span class='ocrx_word' id='word_1_582' title='bbox 3337 3339 3418 3394; x_wconf 89' lang='lat' dir='ltr'><strong>eis</strong></span> <span class='ocrx_word' id='word_1_583' title='bbox 3472 3339 3651 3394; x_wconf 88' lang='lat' dir='ltr'><strong>cibum</strong></span> 
     </span>
    </p>
   </div>
   <div class='ocr_carea' id='block_1_83' title="bbox 2052 3426 3652 3496">
    <p class='ocr_par' dir='ltr' id='par_1_83' title="bbox 2052 3426 3652 3496">
     <span class='ocr_line' id='line_1_83' title="bbox 2052 3426 3652 3496; baseline 0.003 -16"><span class='ocrx_word' id='word_1_584' title='bbox 2052 3426 2400 3496; x_wconf 91' lang='lat' dir='ltr'><strong>sumpserint,</strong></span> <span class='ocrx_word' id='word_1_585' title='bbox 2463 3435 2554 3482; x_wconf 92' lang='lat' dir='ltr'><strong>aut</strong></span> <span class='ocrx_word' id='word_1_586' title='bbox 2607 3427 2822 3483; x_wconf 90' lang='lat' dir='ltr'><strong>cantica</strong></span> <span class='ocrx_word' id='word_1_587' title='bbox 2871 3443 3063 3482; x_wconf 88' lang='lat' dir='ltr'><strong>eorum</strong></span> <span class='ocrx_word' id='word_1_588' title='bbox 3120 3427 3411 3483; x_wconf 88' lang='lat' dir='ltr'><strong>maledicta</strong></span> <span class='ocrx_word' id='word_1_589' title='bbox 3463 3429 3652 3484; x_wconf 87' lang='lat' dir='ltr'><strong>audire</strong></span> 
     </span>
    </p>
   </div>
   <div class='ocr_carea' id='block_1_84' title="bbox 2049 3513 3656 3583">
    <p class='ocr_par' dir='ltr' id='par_1_84' title="bbox 2049 3513 3656 3583">
     <span class='ocr_line' id='line_1_84' title="bbox 2049 3513 3656 3583; baseline 0.003 -15"><span class='ocrx_word' id='word_1_590' title='bbox 2049 3513 2414 3583; x_wconf 88' lang='lat' dir='ltr'><strong>decreverint,</strong></span> <span class='ocrx_word' id='word_1_591' title='bbox 2449 3515 2686 3571; x_wconf 87' lang='lat' dir='ltr'><strong>scientes</strong></span> <span class='ocrx_word' id='word_1_592' title='bbox 2714 3517 2858 3571; x_wconf 88' lang='lat' dir='ltr'><strong>hanc</strong></span> <span class='ocrx_word' id='word_1_593' title='bbox 2888 3515 3342 3583; x_wconf 87' lang='lat' dir='ltr'><strong>maledictionem,</strong></span> <span class='ocrx_word' id='word_1_594' title='bbox 3363 3532 3486 3573; x_wconf 92' lang='lat' dir='ltr'><strong>cum</strong></span> <span class='ocrx_word' id='word_1_595' title='bbox 3515 3517 3656 3572; x_wconf 86' lang='lat' dir='ltr'><strong>Juda</strong></span> 
     </span>
    </p>
   </div>
   <div class='ocr_carea' id='block_1_85' title="bbox 2050 3600 3652 3676">
    <p class='ocr_par' dir='ltr' id='par_1_85' title="bbox 2050 3600 3652 3676">
     <span class='ocr_line' id='line_1_85' title="bbox 2050 3600 3652 3676; baseline 0.002 -19"><span class='ocrx_word' id='word_1_596' title='bbox 2050 3601 2299 3658; x_wconf 88' lang='lat' dir='ltr'><strong>Scarioth</strong></span> <span class='ocrx_word' id='word_1_597' title='bbox 2356 3600 2636 3670; x_wconf 89' lang='lat' dir='ltr'><strong>traditore,</strong></span> <span class='ocrx_word' id='word_1_598' title='bbox 2697 3603 2899 3658; x_wconf 90' lang='lat' dir='ltr'><strong>Christi</strong></span> <span class='ocrx_word' id='word_1_599' title='bbox 2957 3603 3256 3675; x_wconf 89' lang='lat' dir='ltr'><strong>participes</strong></span> <span class='ocrx_word' id='word_1_600' title='bbox 3313 3602 3462 3658; x_wconf 84' lang='lat' dir='ltr'><strong>fiant.</strong></span> <span class='ocrx_word' id='word_1_601' title='bbox 3494 3607 3652 3676; x_wconf 84' lang='lat' dir='ltr'><strong>Aqua</strong></span> 
     </span>
    </p>
   </div>
   <div class='ocr_carea' id='block_1_86' title="bbox 2048 3689 3648 3764">
    <p class='ocr_par' dir='ltr' id='par_1_86' title="bbox 2048 3689 3648 3764">
     <span class='ocr_line' id='line_1_86' title="bbox 2048 3689 3648 3764; baseline 0.002 -18"><span class='ocrx_word' id='word_1_602' title='bbox 2048 3706 2239 3746; x_wconf 89' lang='lat' dir='ltr'><strong>eorum</strong></span> <span class='ocrx_word' id='word_1_603' title='bbox 2294 3689 2546 3762; x_wconf 88' lang='lat' dir='ltr'><strong>putreﬁat</strong></span> <span class='ocrx_word' id='word_1_604' title='bbox 2575 3711 2588 3758; x_wconf 90' lang='lat'><strong>;</strong></span> <span class='ocrx_word' id='word_1_605' title='bbox 2622 3692 2806 3748; x_wconf 90' lang='lat' dir='ltr'><strong>vinum</strong></span> <span class='ocrx_word' id='word_1_606' title='bbox 2861 3708 3052 3748; x_wconf 89' lang='lat' dir='ltr'><strong>eorum</strong></span> <span class='ocrx_word' id='word_1_607' title='bbox 3119 3692 3373 3748; x_wconf 89' lang='lat' dir='ltr'><strong>scaturiat</strong></span> <span class='ocrx_word' id='word_1_608' title='bbox 3405 3713 3419 3760; x_wconf 87' lang='lat'><strong>;</strong></span> <span class='ocrx_word' id='word_1_609' title='bbox 3452 3708 3648 3764; x_wconf 90' lang='lat' dir='ltr'><strong>panem</strong></span> 
     </span>
    </p>
   </div>
   <div class='ocr_carea' id='block_1_87' title="bbox 2048 3780 3652 3854">
    <p class='ocr_par' dir='ltr' id='par_1_87' title="bbox 2048 3780 3652 3854">
     <span class='ocr_line' id='line_1_87' title="bbox 2048 3780 3652 3854; baseline 0.003 -20"><span class='ocrx_word' id='word_1_610' title='bbox 2048 3795 2234 3834; x_wconf 90' lang='lat' dir='ltr'><strong>eorum</strong></span> <span class='ocrx_word' id='word_1_611' title='bbox 2291 3780 2484 3854; x_wconf 90' lang='lat' dir='ltr'><strong>rubigo</strong></span> <span class='ocrx_word' id='word_1_612' title='bbox 2529 3789 2832 3847; x_wconf 90' lang='lat' dir='ltr'><strong>consumat,</strong></span> <span class='ocrx_word' id='word_1_613' title='bbox 2891 3781 3214 3836; x_wconf 88' lang='lat' dir='ltr'><strong>vestimenta</strong></span> <span class='ocrx_word' id='word_1_614' title='bbox 3260 3797 3448 3837; x_wconf 90' lang='lat' dir='ltr'><strong>eorum</strong></span> <span class='ocrx_word' id='word_1_615' title='bbox 3505 3781 3652 3838; x_wconf 87' lang='lat' dir='ltr'><strong>tinea</strong></span> 
     </span>
    </p>
   </div>
   <div class='ocr_carea' id='block_1_88' title="bbox 2047 3869 3651 3941">
    <p class='ocr_par' dir='ltr' id='par_1_88' title="bbox 2047 3869 3651 3941">
     <span class='ocr_line' id='line_1_88' title="bbox 2047 3869 3651 3941; baseline 0.002 -17"><span class='ocrx_word' id='word_1_616' title='bbox 2047 3869 2314 3924; x_wconf 89' lang='lat' dir='ltr'><strong>comedat.</strong></span> <span class='ocrx_word' id='word_1_617' title='bbox 2347 3869 2415 3924; x_wconf 92' lang='lat' dir='ltr'><strong>Et</strong></span> <span class='ocrx_word' id='word_1_618' title='bbox 2445 3869 2572 3940; x_wconf 91' lang='lat' dir='ltr'><strong>quid</strong></span> <span class='ocrx_word' id='word_1_619' title='bbox 2592 3869 2745 3941; x_wconf 91' lang='lat' dir='ltr'><strong>plura</strong></span> <span class='ocrx_word' id='word_1_620' title='bbox 2772 3871 2801 3926; x_wconf 83' lang='lat'><strong>?</strong></span> <span class='ocrx_word' id='word_1_621' title='bbox 2831 3869 3037 3925; x_wconf 89' lang='lat' dir='ltr'><strong>Omnes</strong></span> <span class='ocrx_word' id='word_1_622' title='bbox 3071 3869 3483 3926; x_wconf 91' lang='lat' dir='ltr'><strong>maledictiones</strong></span> <span class='ocrx_word' id='word_1_623' title='bbox 3510 3871 3651 3927; x_wconf 89' lang='lat' dir='ltr'><strong>Novi</strong></span> 
     </span>
    </p>
   </div>
   <div class='ocr_carea' id='block_1_89' title="bbox 2047 3957 3650 4031">
    <p class='ocr_par' dir='ltr' id='par_1_89' title="bbox 2047 3957 3650 4031">
     <span class='ocr_line' id='line_1_89' title="bbox 2047 3957 3650 4031; baseline 0.001 -19"><span class='ocrx_word' id='word_1_624' title='bbox 2047 3971 2112 4012; x_wconf 89' lang='lat' dir='ltr'><strong>ac</strong></span> <span class='ocrx_word' id='word_1_625' title='bbox 2144 3957 2356 4012; x_wconf 89' lang='lat' dir='ltr'><strong>Veteris</strong></span> <span class='ocrx_word' id='word_1_626' title='bbox 2408 3957 2743 4014; x_wconf 87' lang='lat' dir='ltr'><strong>Testamenti</strong></span> <span class='ocrx_word' id='word_1_627' title='bbox 2791 3959 3010 4014; x_wconf 87' lang='lat' dir='ltr'><strong>veniant</strong></span> <span class='ocrx_word' id='word_1_628' title='bbox 3060 3975 3231 4030; x_wconf 91' lang='lat' dir='ltr'><strong>super</strong></span> <span class='ocrx_word' id='word_1_629' title='bbox 3285 3959 3426 4025; x_wconf 92' lang='lat' dir='ltr'><strong>illos,</strong></span> <span class='ocrx_word' id='word_1_630' title='bbox 3475 3975 3650 4031; x_wconf 92' lang='lat' dir='ltr'><strong>usque</strong></span> 
     </span>
    </p>
   </div>
   <div class='ocr_carea' id='block_1_90' title="bbox 2045 4045 3643 4120">
    <p class='ocr_par' dir='ltr' id='par_1_90' title="bbox 2045 4045 3643 4120">
     <span class='ocr_line' id='line_1_90' title="bbox 2045 4045 3643 4120; baseline 0.001 -20"><span class='ocrx_word' id='word_1_631' title='bbox 2045 4045 2172 4100; x_wconf 89' lang='lat' dir='ltr'><strong>dum</strong></span> <span class='ocrx_word' id='word_1_632' title='bbox 2204 4046 2270 4100; x_wconf 91' lang='lat' dir='ltr'><strong>ad</strong></span> <span class='ocrx_word' id='word_1_633' title='bbox 2301 4046 2522 4118; x_wconf 80' lang='lat' dir='ltr'><strong>dignam</strong></span> <span class='ocrx_word' id='word_1_634' title='bbox 2554 4046 2977 4102; x_wconf 88' lang='lat' dir='ltr'><strong>satisfactionem</strong></span> <span class='ocrx_word' id='word_1_635' title='bbox 3009 4055 3061 4102; x_wconf 91' lang='lat' dir='ltr'><strong>et</strong></span> <span class='ocrx_word' id='word_1_636' title='bbox 3093 4047 3421 4120; x_wconf 85' lang='lat' dir='ltr'><strong>condignam</strong></span> <span class='ocrx_word' id='word_1_637' title='bbox 3459 4048 3643 4118; x_wconf 71' lang='lat' dir='ltr'><strong>poeni-</strong></span> 
     </span>
    </p>
   </div>
   <div class='ocr_carea' id='block_1_91' title="bbox 2043 4133 3647 4206">
    <p class='ocr_par' dir='ltr' id='par_1_91' title="bbox 2043 4133 3647 4206">
     <span class='ocr_line' id='line_1_91' title="bbox 2043 4133 3647 4206; baseline 0.003 -19"><span class='ocrx_word' id='word_1_638' title='bbox 2043 4133 2265 4188; x_wconf 90' lang='lat' dir='ltr'><strong>tentiam</strong></span> <span class='ocrx_word' id='word_1_639' title='bbox 2296 4135 2485 4188; x_wconf 88' lang='lat' dir='ltr'><strong>matris</strong></span> <span class='ocrx_word' id='word_1_640' title='bbox 2507 4134 2770 4190; x_wconf 67' lang='lat' dir='ltr'><strong>Ecclesiae</strong></span> <span class='ocrx_word' id='word_1_641' title='bbox 2798 4135 3033 4190; x_wconf 77' lang='lat' dir='ltr'><strong>veniant.</strong></span> <span class='ocrx_word' id='word_1_642' title='bbox 3065 4135 3304 4190; x_wconf 84' lang='lat' dir='ltr'><strong>Joannes</strong></span> <span class='ocrx_word' id='word_1_643' title='bbox 3332 4136 3647 4206; x_wconf 68' lang='lat' dir='ltr'><strong>apostolicae</strong></span> 
     </span>
    </p>
   </div>
   <div class='ocr_carea' id='block_1_92' title="bbox 2043 4221 3647 4292">
    <p class='ocr_par' dir='ltr' id='par_1_92' title="bbox 2043 4221 3647 4292">
     <span class='ocr_line' id='line_1_92' title="bbox 2043 4221 3647 4292; baseline 0.003 -17"><span class='ocrx_word' id='word_1_644' title='bbox 2043 4222 2192 4276; x_wconf 90' lang='lat' dir='ltr'><strong>sedis</strong></span> <span class='ocrx_word' id='word_1_645' title='bbox 2221 4221 2366 4276; x_wconf 82' lang='lat' dir='ltr'><strong>Petri</strong></span> <span class='ocrx_word' id='word_1_646' title='bbox 2396 4223 2648 4292; x_wconf 87' lang='lat' dir='ltr'><strong>apostoli,</strong></span> <span class='ocrx_word' id='word_1_647' title='bbox 2679 4223 2930 4277; x_wconf 90' lang='lat' dir='ltr'><strong>omnibus</strong></span> <span class='ocrx_word' id='word_1_648' title='bbox 2961 4223 3158 4277; x_wconf 86' lang='lat' dir='ltr'><strong>Christi</strong></span> <span class='ocrx_word' id='word_1_649' title='bbox 3203 4222 3449 4279; x_wconf 87' lang='lat' dir='ltr'><strong>ecclesiis</strong></span> <span class='ocrx_word' id='word_1_650' title='bbox 3509 4223 3647 4280; x_wconf 91' lang='lat' dir='ltr'><strong>bene</strong></span> 
     </span>
    </p>
   </div>
   <div class='ocr_carea' id='block_1_93' title="bbox 2044 4309 2906 4366">
    <p class='ocr_par' dir='ltr' id='par_1_93' title="bbox 2044 4309 2906 4366">
     <span class='ocr_line' id='line_1_93' title="bbox 2044 4309 2906 4366; baseline 0.003 -3"><span class='ocrx_word' id='word_1_651' title='bbox 2044 4310 2216 4365; x_wconf 89' lang='lat' dir='ltr'><strong>valete</strong></span> <span class='ocrx_word' id='word_1_652' title='bbox 2247 4309 2378 4366; x_wconf 89' lang='lat' dir='ltr'><strong>dicit</strong></span> <span class='ocrx_word' id='word_1_653' title='bbox 2407 4311 2512 4365; x_wconf 90' lang='lat' dir='ltr'><strong>ista</strong></span> <span class='ocrx_word' id='word_1_654' title='bbox 2543 4311 2906 4366; x_wconf 87' lang='lat' dir='ltr'><strong>servantibus.</strong></span> 
     </span>
    </p>
   </div>
   <div class='ocr_carea' id='block_1_94' title="bbox 2115 4399 3649 4472">
    <p class='ocr_par' dir='ltr' id='par_1_94' title="bbox 2115 4399 3649 4472">
     <span class='ocr_line' id='line_1_94' title="bbox 2115 4399 3649 4472; baseline 0.002 -19"><span class='ocrx_word' id='word_1_655' title='bbox 2115 4399 2438 4454; x_wconf 86' lang='lat' dir='ltr'><strong>Hincmarus</strong></span> <span class='ocrx_word' id='word_1_656' title='bbox 2467 4399 2792 4454; x_wconf 85' lang='lat' dir='ltr'><strong>Rhemensis</strong></span> <span class='ocrx_word' id='word_1_657' title='bbox 2824 4399 3274 4472; x_wconf 89' lang='lat' dir='ltr'><strong>archiepiscopus</strong></span> <span class='ocrx_word' id='word_1_658' title='bbox 3303 4399 3502 4467; x_wconf 88' lang='lat' dir='ltr'><strong>ﬁrmat,</strong></span> <span class='ocrx_word' id='word_1_659' title='bbox 3536 4403 3649 4456; x_wconf 83' lang='lat' dir='ltr'><strong>An-</strong></span> 
     </span>
    </p>
   </div>
   <div class='ocr_carea' id='block_1_95' title="bbox 337 4477 3646 4561">
    <p class='ocr_par' dir='ltr' id='par_1_95' title="bbox 337 4477 3646 4561">
     <span class='ocr_line' id='line_1_95' title="bbox 337 4477 3646 4561; baseline 0.002 -21"><span class='ocrx_word' id='word_1_660' title='bbox 337 4485 549 4556; x_wconf 90' lang='lat' dir='ltr'><strong>quinos</strong></span> <span class='ocrx_word' id='word_1_661' title='bbox 570 4489 793 4555; x_wconf 89' lang='lat' dir='ltr'><strong>creavit,</strong></span> <span class='ocrx_word' id='word_1_662' title='bbox 837 4498 891 4544; x_wconf 92' lang='lat' dir='ltr'><strong>et</strong></span> <span class='ocrx_word' id='word_1_663' title='bbox 928 4498 1104 4545; x_wconf 90' lang='lat' dir='ltr'><strong>mater</strong></span> <span class='ocrx_word' id='word_1_664' title='bbox 1141 4498 1328 4545; x_wconf 89' lang='lat' dir='ltr'><strong>nostra</strong></span> <span class='ocrx_word' id='word_1_665' title='bbox 1350 4488 1620 4554; x_wconf 90' lang='lat' dir='ltr'><strong>Ecclesia,</strong></span> <span class='ocrx_word' id='word_1_666' title='bbox 1681 4505 1801 4560; x_wconf 69' lang='lat' dir='ltr'><strong>quas</strong></span> <span class='ocrx_word' id='word_1_667' title='bbox 1840 4505 1940 4543; x_wconf 92' lang='lat' dir='ltr'><strong>nos</strong></span> <span class='ocrx_word' id='word_1_668' title='bbox 1971 4477 2020 4537; x_wconf 87' lang='lat' dir='ltr'><strong>D</strong></span> <span class='ocrx_word' id='word_1_669' title='bbox 2044 4487 2245 4561; x_wconf 88' lang='lat' dir='ltr'><strong>sigisus</strong></span> <span class='ocrx_word' id='word_1_670' title='bbox 2275 4488 2608 4545; x_wconf 89' lang='lat' dir='ltr'><strong>Senonensis</strong></span> <span class='ocrx_word' id='word_1_671' title='bbox 2625 4489 3070 4561; x_wconf 91' lang='lat' dir='ltr'><strong>archiepiscopus</strong></span> <span class='ocrx_word' id='word_1_672' title='bbox 3092 4488 3286 4556; x_wconf 86' lang='lat' dir='ltr'><strong>firmat,</strong></span> <span class='ocrx_word' id='word_1_673' title='bbox 3316 4489 3646 4545; x_wconf 81' lang='lat' dir='ltr'><strong>Aurelianus</strong></span> 
     </span>
    </p>
   </div>
   <div class='ocr_carea' id='block_1_96' title="bbox 339 4574 1944 4652">
    <p class='ocr_par' dir='ltr' id='par_1_96' title="bbox 339 4574 1944 4652">
     <span class='ocr_line' id='line_1_96' title="bbox 339 4574 1944 4652; baseline 0.004 -24"><span class='ocrx_word' id='word_1_674' title='bbox 339 4574 392 4628; x_wconf 92' lang='lat' dir='ltr'><strong>in</strong></span> <span class='ocrx_word' id='word_1_675' title='bbox 429 4575 697 4646; x_wconf 87' lang='lat' dir='ltr'><strong>baptismo</strong></span> <span class='ocrx_word' id='word_1_676' title='bbox 753 4578 1070 4649; x_wconf 87' lang='lat' dir='ltr'><strong>spiritaliter</strong></span> <span class='ocrx_word' id='word_1_677' title='bbox 1119 4579 1487 4652; x_wconf 87' lang='lat' dir='ltr'><strong>regeneravit,</strong></span> <span class='ocrx_word' id='word_1_678' title='bbox 1546 4585 1598 4632; x_wconf 92' lang='lat' dir='ltr'><strong>et</strong></span> <span class='ocrx_word' id='word_1_679' title='bbox 1660 4577 1783 4632; x_wconf 85' lang='lat' dir='ltr'><strong>ideo</strong></span> <span class='ocrx_word' id='word_1_680' title='bbox 1851 4582 1944 4650; x_wconf 87' lang='lat' dir='ltr'><strong>qui</strong></span> 
     </span>
    </p>
   </div>
   <div class='ocr_carea' id='block_1_97' title="bbox 337 4663 1944 4736">
    <p class='ocr_par' dir='ltr' id='par_1_97' title="bbox 337 4663 1944 4736">
     <span class='ocr_line' id='line_1_97' title="bbox 337 4663 1944 4736; baseline 0.002 -20"><span class='ocrx_word' id='word_1_681' title='bbox 337 4663 532 4717; x_wconf 90' lang='lat' dir='ltr'><strong>Christi</strong></span> <span class='ocrx_word' id='word_1_682' title='bbox 579 4666 840 4736; x_wconf 89' lang='lat' dir='ltr'><strong>pecunias</strong></span> <span class='ocrx_word' id='word_1_683' title='bbox 871 4675 924 4722; x_wconf 92' lang='lat' dir='ltr'><strong>et</strong></span> <span class='ocrx_word' id='word_1_684' title='bbox 980 4667 1245 4724; x_wconf 66' lang='lat' dir='ltr'><strong>Ecclesiae</strong></span> <span class='ocrx_word' id='word_1_685' title='bbox 1303 4667 1500 4733; x_wconf 82' lang='lat' dir='ltr'><strong>aufert,</strong></span> <span class='ocrx_word' id='word_1_686' title='bbox 1571 4665 1850 4720; x_wconf 79' lang='lat' dir='ltr'><strong>fraudetur</strong></span> <span class='ocrx_word' id='word_1_687' title='bbox 1891 4674 1944 4721; x_wconf 89' lang='lat' dir='ltr'><strong>et</strong></span> 
     </span>
    </p>
   </div>
   <div class='ocr_carea' id='block_1_98' title="bbox 333 4752 1942 4828">
    <p class='ocr_par' dir='ltr' id='par_1_98' title="bbox 333 4752 1942 4828">
     <span class='ocr_line' id='line_1_98' title="bbox 333 4752 1942 4828; baseline 0.004 -24"><span class='ocrx_word' id='word_1_688' title='bbox 333 4752 488 4822; x_wconf 89' lang='lat' dir='ltr'><strong>rapit,</strong></span> <span class='ocrx_word' id='word_1_689' title='bbox 521 4753 792 4810; x_wconf 90' lang='lat' dir='ltr'><strong>homicida</strong></span> <span class='ocrx_word' id='word_1_690' title='bbox 820 4755 876 4809; x_wconf 93' lang='lat' dir='ltr'><strong>in</strong></span> <span class='ocrx_word' id='word_1_691' title='bbox 904 4765 1202 4828; x_wconf 90' lang='lat' dir='ltr'><strong>conspectu</strong></span> <span class='ocrx_word' id='word_1_692' title='bbox 1242 4757 1439 4826; x_wconf 89' lang='lat' dir='ltr'><strong>judicis</strong></span> <span class='ocrx_word' id='word_1_693' title='bbox 1475 4756 1607 4826; x_wconf 90' lang='lat' dir='ltr'><strong>justi</strong></span> <span class='ocrx_word' id='word_1_694' title='bbox 1629 4771 1750 4810; x_wconf 91' lang='lat' dir='ltr'><strong>esse</strong></span> <span class='ocrx_word' id='word_1_695' title='bbox 1768 4756 1942 4826; x_wconf 89' lang='lat' dir='ltr'><strong>depu-</strong></span> 
     </span>
    </p>
   </div>
   <div class='ocr_carea' id='block_1_99' title="bbox 337 4839 1938 4916">
    <p class='ocr_par' dir='ltr' id='par_1_99' title="bbox 337 4839 1938 4916">
     <span class='ocr_line' id='line_1_99' title="bbox 337 4839 1938 4916; baseline 0.003 -23"><span class='ocrx_word' id='word_1_696' title='bbox 337 4839 552 4896; x_wconf 89' lang='lat' dir='ltr'><strong>tabitur.</strong></span> <span class='ocrx_word' id='word_1_697' title='bbox 613 4843 766 4898; x_wconf 91' lang='lat' dir='ltr'><strong>Unde</strong></span> <span class='ocrx_word' id='word_1_698' title='bbox 824 4845 1086 4916; x_wconf 90' lang='lat' dir='ltr'><strong>scriptum</strong></span> <span class='ocrx_word' id='word_1_699' title='bbox 1133 4854 1253 4900; x_wconf 91' lang='lat' dir='ltr'><strong>est:</strong></span> <span class='ocrx_word' id='word_1_700' title='bbox 1301 4845 1390 4916; x_wconf 90' lang='lat' dir='ltr'><strong>qui</strong></span> <span class='ocrx_word' id='word_1_701' title='bbox 1436 4844 1576 4916; x_wconf 88' lang='lat' dir='ltr'><strong>rapit</strong></span> <span class='ocrx_word' id='word_1_702' title='bbox 1658 4844 1938 4916; x_wconf 90' lang='lat' dir='ltr'><strong>pecuniam</strong></span> 
     </span>
    </p>
   </div>
   <div class='ocr_carea' id='block_1_100' title="bbox 332 4929 1940 5006">
    <p class='ocr_par' dir='ltr' id='par_1_100' title="bbox 332 4929 1940 5006">
     <span class='ocr_line' id='line_1_100' title="bbox 332 4929 1940 5006; baseline 0.004 -24"><span class='ocrx_word' id='word_1_703' title='bbox 332 4929 563 4998; x_wconf 89' lang='lat' dir='ltr'><strong>proximi</strong></span> <span class='ocrx_word' id='word_1_704' title='bbox 593 4931 676 4985; x_wconf 92' lang='lat' dir='ltr'><strong>sui</strong></span> <span class='ocrx_word' id='word_1_705' title='bbox 715 4931 1055 5004; x_wconf 89' lang='lat' dir='ltr'><strong>iniquitatem</strong></span> <span class='ocrx_word' id='word_1_706' title='bbox 1105 4932 1228 4990; x_wconf 89' lang='lat' dir='ltr'><strong>facit</strong></span> <span class='ocrx_word' id='word_1_707' title='bbox 1261 4953 1275 5000; x_wconf 86' lang='lat'><strong>;</strong></span> <span class='ocrx_word' id='word_1_708' title='bbox 1311 4932 1400 5006; x_wconf 88' lang='lat' dir='ltr'><strong>qui</strong></span> <span class='ocrx_word' id='word_1_709' title='bbox 1451 4942 1633 4988; x_wconf 89' lang='lat' dir='ltr'><strong>autem</strong></span> <span class='ocrx_word' id='word_1_710' title='bbox 1677 4935 1940 5005; x_wconf 86' lang='lat' dir='ltr'><strong>pecunias</strong></span> 
     </span>
    </p>
   </div>
   <div class='ocr_carea' id='block_1_101' title="bbox 331 5019 1939 5094">
    <p class='ocr_par' dir='ltr' id='par_1_101' title="bbox 331 5019 1939 5094">
     <span class='ocr_line' id='line_1_101' title="bbox 331 5019 1939 5094; baseline 0.004 -22"><span class='ocrx_word' id='word_1_711' title='bbox 331 5025 424 5072; x_wconf 90' lang='lat' dir='ltr'><strong>aut</strong></span> <span class='ocrx_word' id='word_1_712' title='bbox 461 5033 550 5074; x_wconf 90' lang='lat' dir='ltr'><strong>res</strong></span> <span class='ocrx_word' id='word_1_713' title='bbox 578 5019 838 5077; x_wconf 64' lang='lat' dir='ltr'><strong>Ecclesia</strong></span> <span class='ocrx_word' id='word_1_714' title='bbox 867 5022 1068 5088; x_wconf 90' lang='lat' dir='ltr'><strong>tulerit,</strong></span> <span class='ocrx_word' id='word_1_715' title='bbox 1100 5023 1455 5094; x_wconf 86' lang='lat' dir='ltr'><strong>sacrilegium</strong></span> <span class='ocrx_word' id='word_1_716' title='bbox 1487 5021 1654 5089; x_wconf 89' lang='lat' dir='ltr'><strong>facit;</strong></span> <span class='ocrx_word' id='word_1_717' title='bbox 1713 5023 1858 5077; x_wconf 91' lang='lat' dir='ltr'><strong>unde</strong></span> <span class='ocrx_word' id='word_1_718' title='bbox 1887 5039 1939 5086; x_wconf 73' lang='lat' dir='ltr'><strong>et</strong></span> 
     </span>
    </p>
   </div>
   <div class='ocr_carea' id='block_1_102' title="bbox 331 5107 1934 5185">
    <p class='ocr_par' dir='ltr' id='par_1_102' title="bbox 331 5107 1934 5185">
     <span class='ocr_line' id='line_1_102' title="bbox 331 5107 1934 5185; baseline 0.004 -24"><span class='ocrx_word' id='word_1_719' title='bbox 331 5107 499 5162; x_wconf 86' lang='lat' dir='ltr'><strong>Judas</strong></span> <span class='ocrx_word' id='word_1_720' title='bbox 519 5109 609 5181; x_wconf 89' lang='lat' dir='ltr'><strong>qui</strong></span> <span class='ocrx_word' id='word_1_721' title='bbox 629 5110 917 5180; x_wconf 89' lang='lat' dir='ltr'><strong>pecuniam</strong></span> <span class='ocrx_word' id='word_1_722' title='bbox 948 5109 1231 5180; x_wconf 84' lang='lat' dir='ltr'><strong>fraudavit,</strong></span> <span class='ocrx_word' id='word_1_723' title='bbox 1267 5129 1388 5184; x_wconf 85' lang='lat' dir='ltr'><strong>quae</strong></span> <span class='ocrx_word' id='word_1_724' title='bbox 1417 5112 1608 5166; x_wconf 89' lang='lat' dir='ltr'><strong>usibus</strong></span> <span class='ocrx_word' id='word_1_725' title='bbox 1649 5111 1934 5185; x_wconf 68' lang='lat' dir='ltr'><strong>Ecclesiae,</strong></span> 
     </span>
    </p>
   </div>
   <div class='ocr_carea' id='block_1_103' title="bbox 327 5193 1938 5272">
    <p class='ocr_par' dir='ltr' id='par_1_103' title="bbox 327 5193 1938 5272">
     <span class='ocr_line' id='line_1_103' title="bbox 327 5193 1938 5272; baseline 0.004 -24"><span class='ocrx_word' id='word_1_726' title='bbox 327 5193 383 5250; x_wconf 89' lang='lat' dir='ltr'><strong>id</strong></span> <span class='ocrx_word' id='word_1_727' title='bbox 399 5204 481 5250; x_wconf 82' lang='lat' dir='ltr'><strong>est</strong></span> <span class='ocrx_word' id='word_1_728' title='bbox 502 5199 853 5268; x_wconf 89' lang='lat' dir='ltr'><strong>pauperibus,</strong></span> <span class='ocrx_word' id='word_1_729' title='bbox 907 5217 1046 5272; x_wconf 90' lang='lat' dir='ltr'><strong>quos</strong></span> <span class='ocrx_word' id='word_1_730' title='bbox 1078 5200 1322 5256; x_wconf 89' lang='lat' dir='ltr'><strong>Ecclesia</strong></span> <span class='ocrx_word' id='word_1_731' title='bbox 1353 5216 1580 5272; x_wconf 89' lang='lat' dir='ltr'><strong>pascere</strong></span> <span class='ocrx_word' id='word_1_732' title='bbox 1601 5200 1784 5264; x_wconf 89' lang='lat' dir='ltr'><strong>debet,</strong></span> <span class='ocrx_word' id='word_1_733' title='bbox 1820 5199 1938 5254; x_wconf 88' lang='lat' dir='ltr'><strong>dis-</strong></span> 
     </span>
    </p>
   </div>
   <div class='ocr_carea' id='block_1_104' title="bbox 329 5283 1941 5361">
    <p class='ocr_par' dir='ltr' id='par_1_104' title="bbox 329 5283 1941 5361">
     <span class='ocr_line' id='line_1_104' title="bbox 329 5283 1941 5361; baseline 0.002 -25"><span class='ocrx_word' id='word_1_734' title='bbox 329 5283 665 5340; x_wconf 87' lang='lat' dir='ltr'><strong>tribuebatur</strong></span> <span class='ocrx_word' id='word_1_735' title='bbox 687 5287 842 5356; x_wconf 88' lang='lat' dir='ltr'><strong>jussu</strong></span> <span class='ocrx_word' id='word_1_736' title='bbox 901 5288 1219 5356; x_wconf 85' lang='lat' dir='ltr'><strong>Salvatoris,</strong></span> <span class='ocrx_word' id='word_1_737' title='bbox 1278 5289 1431 5358; x_wconf 75' lang='lat' dir='ltr'><strong>cujus</strong></span> <span class='ocrx_word' id='word_1_738' title='bbox 1481 5289 1656 5344; x_wconf 90' lang='lat' dir='ltr'><strong>vicem</strong></span> <span class='ocrx_word' id='word_1_739' title='bbox 1696 5287 1941 5361; x_wconf 89' lang='lat' dir='ltr'><strong>episc0pi</strong></span> 
     </span>
    </p>
   </div>
   <div class='ocr_carea' id='block_1_105' title="bbox 329 5375 1937 5451">
    <p class='ocr_par' dir='ltr' id='par_1_105' title="bbox 329 5375 1937 5451">
     <span class='ocr_line' id='line_1_105' title="bbox 329 5375 1937 5451; baseline 0.006 -27"><span class='ocrx_word' id='word_1_740' title='bbox 329 5379 533 5443; x_wconf 89' lang='lat' dir='ltr'><strong>tenent,</strong></span> <span class='ocrx_word' id='word_1_741' title='bbox 578 5391 677 5430; x_wconf 88' lang='lat' dir='ltr'><strong>nec</strong></span> <span class='ocrx_word' id='word_1_742' title='bbox 721 5375 900 5432; x_wconf 88' lang='lat' dir='ltr'><strong>solum</strong></span> <span class='ocrx_word' id='word_1_743' title='bbox 960 5377 1068 5444; x_wconf 85' lang='lat' dir='ltr'><strong>fur,</strong></span> <span class='ocrx_word' id='word_1_744' title='bbox 1113 5378 1209 5433; x_wconf 91' lang='lat' dir='ltr'><strong>sed</strong></span> <span class='ocrx_word' id='word_1_745' title='bbox 1253 5387 1305 5432; x_wconf 91' lang='lat' dir='ltr'><strong>et</strong></span> <span class='ocrx_word' id='word_1_746' title='bbox 1334 5378 1488 5448; x_wconf 87' lang='lat' dir='ltr'><strong>latro,</strong></span> <span class='ocrx_word' id='word_1_747' title='bbox 1539 5385 1592 5432; x_wconf 93' lang='lat' dir='ltr'><strong>et</strong></span> <span class='ocrx_word' id='word_1_748' title='bbox 1635 5377 1937 5451; x_wconf 82' lang='lat' dir='ltr'><strong>sacrilegus</strong></span> 
     </span>
    </p>
   </div>
   <div class='ocr_carea' id='block_1_106' title="bbox 327 5459 1936 5538">
    <p class='ocr_par' dir='ltr' id='par_1_106' title="bbox 327 5459 1936 5538">
     <span class='ocr_line' id='line_1_106' title="bbox 327 5459 1936 5538; baseline 0.004 -22"><span class='ocrx_word' id='word_1_749' title='bbox 327 5459 551 5518; x_wconf 75' lang='lat' dir='ltr'><strong>effectus</strong></span> <span class='ocrx_word' id='word_1_750' title='bbox 581 5471 681 5520; x_wconf 93' lang='lat' dir='ltr'><strong>est.</strong></span> <span class='ocrx_word' id='word_1_751' title='bbox 718 5466 796 5520; x_wconf 91' lang='lat' dir='ltr'><strong>De</strong></span> <span class='ocrx_word' id='word_1_752' title='bbox 835 5465 1034 5520; x_wconf 88' lang='lat' dir='ltr'><strong>talibus</strong></span> <span class='ocrx_word' id='word_1_753' title='bbox 1065 5467 1230 5534; x_wconf 89' lang='lat' dir='ltr'><strong>enim,</strong></span> <span class='ocrx_word' id='word_1_754' title='bbox 1290 5466 1344 5521; x_wconf 92' lang='lat' dir='ltr'><strong>id</strong></span> <span class='ocrx_word' id='word_1_755' title='bbox 1396 5474 1479 5521; x_wconf 89' lang='lat' dir='ltr'><strong>est</strong></span> <span class='ocrx_word' id='word_1_756' title='bbox 1509 5465 1601 5538; x_wconf 89' lang='lat' dir='ltr'><strong>qui</strong></span> <span class='ocrx_word' id='word_1_757' title='bbox 1653 5464 1936 5522; x_wconf 85' lang='lat' dir='ltr'><strong>facultates</strong></span> 
     </span>
    </p>
   </div>
   <div class='ocr_carea' id='block_1_107' title="bbox 330 5549 1934 5624">
    <p class='ocr_par' dir='ltr' id='par_1_107' title="bbox 330 5549 1934 5624">
     <span class='ocr_line' id='line_1_107' title="bbox 330 5549 1934 5624; baseline 0.003 -20"><span class='ocrx_word' id='word_1_758' title='bbox 330 5549 594 5606; x_wconf 82' lang='lat' dir='ltr'><strong>Ecclesiae</strong></span> <span class='ocrx_word' id='word_1_759' title='bbox 632 5555 864 5624; x_wconf 88' lang='lat' dir='ltr'><strong>rapiunt,</strong></span> <span class='ocrx_word' id='word_1_760' title='bbox 903 5555 1152 5610; x_wconf 84' lang='lat' dir='ltr'><strong>fraudant</strong></span> <span class='ocrx_word' id='word_1_761' title='bbox 1209 5555 1295 5610; x_wconf 90' lang='lat' dir='ltr'><strong>vel</strong></span> <span class='ocrx_word' id='word_1_762' title='bbox 1337 5553 1604 5610; x_wconf 86' lang='lat' dir='ltr'><strong>auferunt.</strong></span> <span class='ocrx_word' id='word_1_763' title='bbox 1669 5555 1934 5610; x_wconf 88' lang='lat' dir='ltr'><strong>Dominus</strong></span> 
     </span>
    </p>
   </div>
   <div class='ocr_carea' id='block_1_108' title="bbox 2043 4577 3649 4653">
    <p class='ocr_par' dir='ltr' id='par_1_108' title="bbox 2043 4577 3649 4653">
     <span class='ocr_line' id='line_1_108' title="bbox 2043 4577 3649 4653; baseline 0.002 -21"><span class='ocrx_word' id='word_1_764' title='bbox 2043 4577 2426 4649; x_wconf 88' lang='lat' dir='ltr'><strong>Lugdunensis</strong></span> <span class='ocrx_word' id='word_1_765' title='bbox 2453 4579 2896 4650; x_wconf 86' lang='lat' dir='ltr'><strong>archiepiscopus</strong></span> <span class='ocrx_word' id='word_1_766' title='bbox 2927 4578 3125 4648; x_wconf 85' lang='lat' dir='ltr'><strong>firmat,</strong></span> <span class='ocrx_word' id='word_1_767' title='bbox 3167 4580 3474 4653; x_wconf 84' lang='lat' dir='ltr'><strong>Rostagnus</strong></span> <span class='ocrx_word' id='word_1_768' title='bbox 3519 4581 3649 4635; x_wconf 81' lang='lat' dir='ltr'><strong>Are-</strong></span> 
     </span>
    </p>
   </div>
   <div class='ocr_carea' id='block_1_109' title="bbox 2043 4656 3644 4741">
    <p class='ocr_par' dir='ltr' id='par_1_109' title="bbox 2043 4656 3644 4741">
     <span class='ocr_line' id='line_1_109' title="bbox 2043 4656 3644 4741; baseline 0.002 -20"><span class='ocrx_word' id='word_1_769' title='bbox 2043 4665 2266 4722; x_wconf 88' lang='lat' dir='ltr'><strong>latensis</strong></span> <span class='ocrx_word' id='word_1_770' title='bbox 2305 4667 2745 4740; x_wconf 88' lang='lat' dir='ltr'><strong>archiepiscopus</strong></span> <span class='ocrx_word' id='word_1_771' title='bbox 2798 4667 2998 4732; x_wconf 86' lang='lat' dir='ltr'><strong>firmat,</strong></span> <span class='ocrx_word' id='word_1_772' title='bbox 3061 4656 3371 4741; x_wconf 82' lang='lat' dir='ltr'><strong>Sigebodus</strong></span> <span class='ocrx_word' id='word_1_773' title='bbox 3426 4667 3644 4724; x_wconf 90' lang='lat' dir='ltr'><strong>Narbo-</strong></span> 
     </span>
    </p>
   </div>
   <div class='ocr_carea' id='block_1_110' title="bbox 2043 4755 3646 4828">
    <p class='ocr_par' dir='ltr' id='par_1_110' title="bbox 2043 4755 3646 4828">
     <span class='ocr_line' id='line_1_110' title="bbox 2043 4755 3646 4828; baseline 0.002 -18"><span class='ocrx_word' id='word_1_774' title='bbox 2043 4755 2231 4810; x_wconf 90' lang='lat' dir='ltr'><strong>nensis</strong></span> <span class='ocrx_word' id='word_1_775' title='bbox 2260 4756 2704 4828; x_wconf 86' lang='lat' dir='ltr'><strong>archiepiscopus</strong></span> <span class='ocrx_word' id='word_1_776' title='bbox 2753 4755 2950 4823; x_wconf 84' lang='lat' dir='ltr'><strong>firmat,</strong></span> <span class='ocrx_word' id='word_1_777' title='bbox 2999 4756 3328 4812; x_wconf 88' lang='lat' dir='ltr'><strong>Teudericus</strong></span> <span class='ocrx_word' id='word_1_778' title='bbox 3359 4757 3646 4813; x_wconf 88' lang='lat' dir='ltr'><strong>Besantio-</strong></span> 
     </span>
    </p>
   </div>
   <div class='ocr_carea' id='block_1_111' title="bbox 2039 4844 3642 4917">
    <p class='ocr_par' dir='ltr' id='par_1_111' title="bbox 2039 4844 3642 4917">
     <span class='ocr_line' id='line_1_111' title="bbox 2039 4844 3642 4917; baseline 0.002 -19"><span class='ocrx_word' id='word_1_779' title='bbox 2039 4845 2224 4900; x_wconf 86' lang='lat' dir='ltr'><strong>nensis</strong></span> <span class='ocrx_word' id='word_1_780' title='bbox 2253 4845 2692 4917; x_wconf 82' lang='lat' dir='ltr'><strong>archiepiscopus</strong></span> <span class='ocrx_word' id='word_1_781' title='bbox 2723 4844 2917 4912; x_wconf 87' lang='lat' dir='ltr'><strong>firmat,</strong></span> <span class='ocrx_word' id='word_1_782' title='bbox 2968 4847 3310 4900; x_wconf 77' lang='lat' dir='ltr'><strong>Auterannus</strong></span> <span class='ocrx_word' id='word_1_783' title='bbox 3363 4845 3642 4902; x_wconf 88' lang='lat' dir='ltr'><strong>Viennen-</strong></span> 
     </span>
    </p>
   </div>
   <div class='ocr_carea' id='block_1_112' title="bbox 2037 4933 3642 5006">
    <p class='ocr_par' dir='ltr' id='par_1_112' title="bbox 2037 4933 3642 5006">
     <span class='ocr_line' id='line_1_112' title="bbox 2037 4933 3642 5006; baseline 0.002 -20"><span class='ocrx_word' id='word_1_784' title='bbox 2037 4933 2113 4987; x_wconf 90' lang='lat' dir='ltr'><strong>sis</strong></span> <span class='ocrx_word' id='word_1_785' title='bbox 2151 4933 2605 5006; x_wconf 74' lang='lat' dir='ltr'><strong>archiepisc0pus-</strong></span> <span class='ocrx_word' id='word_1_786' title='bbox 2647 4933 2840 4998; x_wconf 86' lang='lat' dir='ltr'><strong>ﬁrmat,</strong></span> <span class='ocrx_word' id='word_1_787' title='bbox 2873 4934 3224 4988; x_wconf 87' lang='lat' dir='ltr'><strong>Frautharius</strong></span> <span class='ocrx_word' id='word_1_788' title='bbox 3289 4934 3642 4992; x_wconf 90' lang='lat' dir='ltr'><strong>Bituricensis</strong></span> 
     </span>
    </p>
   </div>
   <div class='ocr_carea' id='block_1_113' title="bbox 2040 5021 3646 5096">
    <p class='ocr_par' dir='ltr' id='par_1_113' title="bbox 2040 5021 3646 5096">
     <span class='ocr_line' id='line_1_113' title="bbox 2040 5021 3646 5096; baseline 0.002 -22"><span class='ocrx_word' id='word_1_789' title='bbox 2040 5022 2482 5093; x_wconf 83' lang='lat' dir='ltr'><strong>archiepisc0pus</strong></span> <span class='ocrx_word' id='word_1_790' title='bbox 2525 5023 2724 5096; x_wconf 86' lang='lat' dir='ltr'><strong>signat,</strong></span> <span class='ocrx_word' id='word_1_791' title='bbox 2758 5021 3067 5076; x_wconf 76' lang='lat' dir='ltr'><strong>Adanaldus</strong></span> <span class='ocrx_word' id='word_1_792' title='bbox 3097 5023 3426 5078; x_wconf 88' lang='lat' dir='ltr'><strong>Turonensis</strong></span> <span class='ocrx_word' id='word_1_793' title='bbox 3475 5023 3646 5080; x_wconf 85' lang='lat' dir='ltr'><strong>archi-</strong></span> 
     </span>
    </p>
   </div>
   <div class='ocr_carea' id='block_1_114' title="bbox 2040 5110 3642 5184">
    <p class='ocr_par' dir='ltr' id='par_1_114' title="bbox 2040 5110 3642 5184">
     <span class='ocr_line' id='line_1_114' title="bbox 2040 5110 3642 5184; baseline 0.002 -19"><span class='ocrx_word' id='word_1_794' title='bbox 2040 5110 2332 5182; x_wconf 88' lang='lat' dir='ltr'><strong>episcopus</strong></span> <span class='ocrx_word' id='word_1_795' title='bbox 2363 5111 2558 5177; x_wconf 87' lang='lat' dir='ltr'><strong>firmat,</strong></span> <span class='ocrx_word' id='word_1_796' title='bbox 2585 5111 2761 5166; x_wconf 91' lang='lat' dir='ltr'><strong>Berno</strong></span> <span class='ocrx_word' id='word_1_797' title='bbox 2783 5110 3198 5166; x_wconf 89' lang='lat' dir='ltr'><strong>Catalaunensis</strong></span> <span class='ocrx_word' id='word_1_798' title='bbox 3229 5111 3516 5184; x_wconf 89' lang='lat' dir='ltr'><strong>episcopus</strong></span> <span class='ocrx_word' id='word_1_799' title='bbox 3541 5111 3642 5168; x_wconf 84' lang='lat' dir='ltr'><strong>ﬁr-</strong></span> 
     </span>
    </p>
   </div>
   <div class='ocr_carea' id='block_1_115' title="bbox 2037 5199 3636 5272">
    <p class='ocr_par' dir='ltr' id='par_1_115' title="bbox 2037 5199 3636 5272">
     <span class='ocr_line' id='line_1_115' title="bbox 2037 5199 3636 5272; baseline 0.001 -18"><span class='ocrx_word' id='word_1_800' title='bbox 2037 5208 2164 5265; x_wconf 85' lang='lat' dir='ltr'><strong>mat,</strong></span> <span class='ocrx_word' id='word_1_801' title='bbox 2195 5200 2432 5255; x_wconf 88' lang='lat' dir='ltr'><strong>Joannes</strong></span> <span class='ocrx_word' id='word_1_802' title='bbox 2463 5199 2892 5255; x_wconf 71' lang='lat' dir='ltr'><strong>Rodomacens’s</strong></span> <span class='ocrx_word' id='word_1_803' title='bbox 2938 5199 3383 5272; x_wconf 86' lang='lat' dir='ltr'><strong>archiepiscopus</strong></span> <span class='ocrx_word' id='word_1_804' title='bbox 3435 5200 3636 5269; x_wconf 89' lang='lat' dir='ltr'><strong>firmat,</strong></span> 
     </span>
    </p>
   </div>
   <div class='ocr_carea' id='block_1_116' title="bbox 2036 5287 3634 5360">
    <p class='ocr_par' dir='ltr' id='par_1_116' title="bbox 2036 5287 3634 5360">
     <span class='ocr_line' id='line_1_116' title="bbox 2036 5287 3634 5360; baseline 0.002 -18"><span class='ocrx_word' id='word_1_805' title='bbox 2036 5289 2362 5342; x_wconf 83' lang='lat' dir='ltr'><strong>Aldebertus</strong></span> <span class='ocrx_word' id='word_1_806' title='bbox 2409 5287 2828 5343; x_wconf 86' lang='lat' dir='ltr'><strong>Silvanectensis</strong></span> <span class='ocrx_word' id='word_1_807' title='bbox 2885 5289 3177 5360; x_wconf 89' lang='lat' dir='ltr'><strong>episcopus</strong></span> <span class='ocrx_word' id='word_1_808' title='bbox 3231 5288 3432 5355; x_wconf 89' lang='lat' dir='ltr'><strong>ﬁrmat,</strong></span> <span class='ocrx_word' id='word_1_809' title='bbox 3486 5291 3634 5346; x_wconf 86' lang='lat' dir='ltr'><strong>Isaac</strong></span> 
     </span>
    </p>
   </div>
   <div class='ocr_carea' id='block_1_117' title="bbox 2037 5374 3640 5450">
    <p class='ocr_par' dir='ltr' id='par_1_117' title="bbox 2037 5374 3640 5450">
     <span class='ocr_line' id='line_1_117' title="bbox 2037 5374 3640 5450; baseline 0.001 -20"><span class='ocrx_word' id='word_1_810' title='bbox 2037 5375 2397 5448; x_wconf 89' lang='lat' dir='ltr'><strong>Lingonensis</strong></span> <span class='ocrx_word' id='word_1_811' title='bbox 2449 5375 2738 5446; x_wconf 89' lang='lat' dir='ltr'><strong>episcopus</strong></span> <span class='ocrx_word' id='word_1_812' title='bbox 2787 5374 2983 5443; x_wconf 84' lang='lat' dir='ltr'><strong>ﬁrmat,</strong></span> <span class='ocrx_word' id='word_1_813' title='bbox 3075 5378 3390 5450; x_wconf 85' lang='lat' dir='ltr'><strong>Ingelvinus</strong></span> <span class='ocrx_word' id='word_1_814' title='bbox 3470 5377 3640 5433; x_wconf 89' lang='lat' dir='ltr'><strong>Parisi</strong></span> 
     </span>
    </p>
   </div>
   <div class='ocr_carea' id='block_1_118' title="bbox 2032 5463 3638 5539">
    <p class='ocr_par' dir='ltr' id='par_1_118' title="bbox 2032 5463 3638 5539">
     <span class='ocr_line' id='line_1_118' title="bbox 2032 5463 3638 5539; baseline 0.001 -20"><span class='ocrx_word' id='word_1_815' title='bbox 2032 5465 2322 5536; x_wconf 85' lang='lat' dir='ltr'><strong>episcopus</strong></span> <span class='ocrx_word' id='word_1_816' title='bbox 2351 5463 2550 5534; x_wconf 87' lang='lat' dir='ltr'><strong>ﬁrmat,</strong></span> <span class='ocrx_word' id='word_1_817' title='bbox 2583 5463 2799 5520; x_wconf 88' lang='lat' dir='ltr'><strong>Otulfus</strong></span> <span class='ocrx_word' id='word_1_818' title='bbox 2832 5467 3155 5522; x_wconf 86' lang='lat' dir='ltr'><strong>Trecassine</strong></span> <span class='ocrx_word' id='word_1_819' title='bbox 3217 5467 3510 5539; x_wconf 89' lang='lat' dir='ltr'><strong>episcopus</strong></span> <span class='ocrx_word' id='word_1_820' title='bbox 3540 5464 3638 5520; x_wconf 86' lang='lat' dir='ltr'><strong>fir-</strong></span> 
     </span>
    </p>
   </div>
   <div class='ocr_carea' id='block_1_119' title="bbox 2036 5553 3634 5627">
    <p class='ocr_par' dir='ltr' id='par_1_119' title="bbox 2036 5553 3634 5627">
     <span class='ocr_line' id='line_1_119' title="bbox 2036 5553 3634 5627; baseline 0.003 -21"><span class='ocrx_word' id='word_1_821' title='bbox 2036 5561 2163 5614; x_wconf 88' lang='lat' dir='ltr'><strong>mat,</strong></span> <span class='ocrx_word' id='word_1_822' title='bbox 2248 5554 2566 5626; x_wconf 86' lang='lat' dir='ltr'><strong>lngomarus</strong></span> <span class='ocrx_word' id='word_1_823' title='bbox 2660 5554 3033 5610; x_wconf 89' lang='lat' dir='ltr'><strong>Laudunensis</strong></span> <span class='ocrx_word' id='word_1_824' title='bbox 3097 5555 3383 5627; x_wconf 89' lang='lat' dir='ltr'><strong>episcopus</strong></span> <span class='ocrx_word' id='word_1_825' title='bbox 3441 5553 3634 5625; x_wconf 87' lang='lat' dir='ltr'><strong>ﬁrmat,</strong></span> 
     </span>
    </p>
   </div>
  </div>
