4160 6304
547 285 651 338 795

1827 275 2126 334 JOANNIS
2182 268 2378 329 PAPAS
2434 272 2550 329 VIII
2563 317 2576 329 .

3745 274 3844 329 796

543 402 878 463 Eldeboldus
907 405 1220 462 Suessionis
1247 404 1539 477 episcopus
1584 402 1783 470 ﬁrmat,
1831 396 2145 458 Willelmus
2175 400 2232 460 A
2255 405 2366 454 tuta
2395 397 2487 471 pio
2510 396 2758 472 principe
2784 400 2855 456 de
2883 399 3276 473 compositione
3304 397 3599 474 sacrilegii,
3658 395 3845 457 videli-

543 493 950 552 Lemovicensis
977 493 1271 567 episcopus
1302 488 1502 562 ﬁrmat,
1544 488 1884 547 Gislabertus
1928 488 2145 546 Camo-

546 583 716 639 tensis
771 583 1064 655 episcopus
1110 580 1310 648 ﬁrmat,
1385 580 1674 636 Rotbertus
1745 575 2148 635 Valentinensis

546 671 842 744 episcopus
868 668 1064 738 ﬁrmat,
1097 669 1406 726 Garbaldus
1435 667 1824 725 Cavalonensis
1858 666 2147 738 episcopus

544 759 748 832 ﬁrmat,
780 759 1094 817 Rainelmus
1152 757 1538 815 Noviomensis
1593 756 1886 831 episcopus
1944 753 2142 821 ﬁrmat,

544 850 664 906 Abo
718 846 1126 922 Magalonensis
1182 846 1471 920 episcopus
1526 844 1728 913 ﬁrmat,
1763 844 1924 901 Oddo
1957 843 2149 899 Belva-

547 939 730 995 censis
785 937 1078 1009 episcopus
1133 934 1328 1002 ﬁrmat,
1401 935 1689 991 Girbertus
1741 931 2147 989 ,Nemausensis

544 1026 839 1100 episcopus
858 1024 1063 1094 ﬁrmat,
1079 1018 1380 1081 Walterius
1420 1022 1835 1080 Aurelianensis
1856 1021 2146 1094 episcopus

504 1114 744 1190 ,ﬁrmat,
793 1112 1148 1171 Walafredus
1208 1112 1547 1170 Uzeticensis
1603 1111 1896 1185 episcopus
1943 1108 2141 1178 ﬁrmat,

542 1202 855 1260 Macharius
898 1200 1220 1259 Lutovensis
1268 1202 1558 1274 episcopus
1604 1198 1805 1268 ﬁrmat,
1848 1197 2146 1256 Rotfredus

549 1291 938 1350 Avinionensis
968 1290 1259 1365 episcopus
1282 1289 1482 1360 ﬁrmat,
1514 1288 1764 1345 Alaricus
1816 1286 2146 1344 Biterrensis

548 1381 839 1455 episcopus
895 1378 1092 1452 ﬁrmat,
1170 1379 1392 1437 lctarius
1460 1376 1795 1436 Vivariensis
1838 1377 2147 1449 episcopus

545 1468 741 1537 ﬁrmat,
776 1467 1062 1526 Teutarius
1091 1467 1470 1525 Geruudensis
1491 1467 1782 1540 episcopus
1793 1464 1992 1536 ﬁrmat,
2023 1464 2145 1520 Abo

535 1554 896 1616 Nivernensis
927 1557 1218 1630 cpiscopus
1264 1556 1458 1623 ﬁrmat,
1502 1554 1807 1612 Frodoinus
1844 1554 2146 1612 Barchino-

542 1645 733 1705 nensis
759 1645 1050 1718 episcopus
1079 1640 1280 1713 ﬁrmat,
1327 1645 1648 1701 Lamberlus
1690 1642 2145 1700 Mudasconensis

544 1734 834 1808 episcopus
863 1734 1056 1804 ﬁrmat,
1107 1736 1348 1790 Joannes
1392 1733 1806 1790 Cameracensis
1853 1731 2145 1805 episcopus

545 1820 745 1892 ﬁrmat,
774 1822 1097 1897 Adalgarius
1150 1821 1586 1879 Austudunensis
1616 1821 1907 1894 episcopus
1948 1818 2140 1887 ﬁrmat,

541 1911 838 1970 Barnarius
867 1910 1270 1984 Gratianopolis
1295 1910 1587 1984 episcopus
1607 1910 1808 1981 ﬁrmat,
1843 1909 2145 1966 Ademarus

541 1998 903 2068 ﬂlaromontis
941 2001 1231 2073 episcopus
1259 1998 1457 2071 ﬁrmat,
1487 1997 1748 2055 Arnulfus
1795 1996 2145 2056 Taurinensis

544 2089 835 2163 episcopus
856 2086 1085 2157 ‘ﬁrmat,
1141 2088 1459 2146 Rainelmus
1510 2087 1809 2144 Meldensis
1853 2086 2144 2160 episcopus

542 2176 742 2245 ﬁrmat,
800 2176 1128 2251 Aigofredus
1181 2177 1535 2234 Pictaviensis
1591 2175 1880 2249 episcopus
1946 2173 2140 2242 ﬁrmat,

539 2261 794 2323 Ainulfus
824 2260 1262 2318 Gavaldonensis
1310 2261 1604 2333 episcopus
1635 2258 1835 2325 ﬁrmat,
1870 2258 2144 2332 Georgius

541 2351 854 2408 scriniarius
907 2358 1112 2408 sanctae
1166 2351 1425 2409 Romanae
1478 2348 1762 2420 Ecclesiae,
1825 2349 1919 2423 qui
1977 2365 2144 2420 super

543 2448 749 2513 scripta
774 2439 938 2510 hujus
956 2438 1199 2511 judicati,
1246 2447 1372 2512 post
1426 2439 1644 2494 testium
1686 2438 2142 2511 subscriptionem

542 2537 594 2585 et
622 2528 967 2586 traditionem
999 2526 1217 2595 factam,
1247 2527 1539 2600 complevit
1567 2535 1622 2583 et
1677 2527 1932 2596 absolvit,
2009 2525 2142 2584 Rai—

543 2618 798 2685 mundus,
831 2633 1017 2674 comes
1047 2616 1242 2687 ﬁrmat,
1272 2616 1642 2690 Berengarius
1687 2615 1996 2674 vicccomes
2050 2613 2145 2670 ﬁr-

477 2763 495 2780 ο
544 2715 674 2778 mat,
732 2706 1035 2763 Aimaricus
1090 2704 1291 2774 ﬁrmat,
1351 2704 1690 2762 Olumbellus
1744 2702 1942 2774 ﬁrmat,
1995 2704 2141 2760 Teu-

542 2804 768 2852 trannus
826 2793 1027 2863 ﬁrmat,
1087 2792 1418 2850 Gaucelinus
1477 2791 1675 2861 ﬁrmat,
1725 2793 1969 2849 Emenus
1998 2793 2147 2850 vice-

540 2899 726 2942 comes
765 2883 960 2953 ﬁrmat,
992 2879 1152 2940 Oddo
1171 2882 1479 2940 vicecomes
1522 2880 1721 2951 ﬁrmat,
1779 2882 1901 2956 Ugo
1957 2897 2142 2938 comes

544 2969 741 3030 ﬁrmat.

540 3185 616 3227 AD
641 3185 829 3227 ουΝιε
859 3184 1178 3237 EPISCOPOS,
1211 3182 1468 3235 CONITES,
1491 3183 1875 3235 VICECOIITES,
1935 3181 2143 3223 CENTE-

610 3274 835 3327 NARIOS,
865 3273 1089 3315 JUDICES
1115 3272 1478 3327 CATHOLICOS,
1504 3272 1567 3313 IN
1597 3271 1859 3313 HISPANIA
1906 3271 1978 3311 ET
2032 3271 2138 3311 GO-

608 3363 742 3404 THIA
772 3363 1083 3404 DEGENTES.

1157 3440 1338 3508 (Anno
1367 3436 1516 3507 878.)

533 3528 655 3586 Lex
694 3529 767 3584 de
798 3526 1100 3610 sacrilegis.
1121 3542 1157 3581 α
1183 3527 1401 3610 laeuus
1442 3540 1594 3610 papa
1926 3524 2136 3595 legibus

865 3597 1060 3653 addita
1079 3598 1142 3652 in
1171 3597 1412 3654 concilio
1446 3597 1778 3652 Tricassimo

605 3686 862 3742 Joaxxns
883 3684 1194 3756 episcopus,
1218 3700 1409 3740 servus
1437 3698 1715 3741 servorum
1743 3682 1862 3752 Dei,
1883 3678 2134 3739 omnibus

535 3773 829 3847 episcopis,
907 3772 1217 3840 comitibus,
1281 3771 1712 3839 vicccomitibus,
1783 3771 2130 3843 centenariis,

527 3861 807 3932 judicibus
836 3860 1137 3931 catholicis,
1169 3860 1227 3916 in
1253 3858 1518 3933 Hispania
1558 3867 1611 3917 et
1648 3858 1848 3917 Gothia
1901 3859 2132 3932 provin-

530 3950 631 4008 ciis
660 3951 1008 4026 degentibus,
1040 3950 1299 4024 omnique
1325 3949 1528 4024 populo
1579 3948 1915 4007 Occidentali
1947 3949 2131 4006 catho-

533 4039 660 4108 lico,
691 4040 924 4098 salutem
953 4049 1006 4096 et
1033 4038 1390 4113 apostolicam
1420 4039 1878 4098 benedictionem.

592 4129 887 4199 Noveritis,
936 4129 1272 4187 dilectissimi
1342 4128 1456 4196 ﬁlii,
1507 4129 1634 4203 quia
1685 4145 1795 4187 nos
1830 4144 1933 4202 pro
1991 4137 2131 4185 statu

529 4227 730 4276 sancta:
776 4220 877 4276 Dei
918 4218 1182 4277 Ecclesia:
1216 4219 1477 4290 jussimus
1513 4217 1840 4293 congregari
1869 4217 2130 4291 synodale

532 4308 822 4367 concilium
851 4309 998 4380 apud
1025 4309 1214 4365 urbem
1244 4310 1472 4365 Trecas.
1532 4308 1657 4376 Ubi,
1688 4307 2005 4364 sedentibus
2033 4325 2132 4365 no-

529 4398 617 4455 bis
644 4397 700 4453 in
730 4413 949 4467 corona,
978 4397 1126 4453 venit
1168 4405 1294 4453 ante
1319 4395 1668 4468 praesentiam
1699 4404 1939 4452 nostram
1986 4395 2130 4453 ﬁlius

2173 1757 2228 1818 Β

2249 495 2337 544 cet
2364 485 2420 543 in
2450 504 2555 542 xxx
2582 487 2752 543 libras
2781 486 3074 545 examinati
3102 486 3336 560 argenti,
3367 486 3425 543 id
3480 495 3563 543 est
3609 500 3841 545 sexcen-

2251 583 2424 632 torum
2447 574 2747 633 solidorum
2763 592 3032 633 summam
3042 576 3259 649 argenti
3269 574 3567 648 purissimi.
3604 575 3844 651 Ideoque

2249 663 2497 736 quisquis
2525 664 2777 721 inventus
2832 662 2992 722 fuerit
3045 681 3175 720 reus
3220 663 3515 739 sacrilegii,
3577 664 3737 721 istam
3773 665 3847 722 le-

2252 752 2454 810 viorem
2482 753 2933 827 compositionem
2961 753 3215 810 emendet
3257 753 3530 827 episcopis
3571 754 3724 826 ipsis,
3754 754 3842 812 vel

2246 840 2559 910 abbatibus,
2592 843 2707 899 sive
2737 841 2987 913 personis
3015 842 3085 898 ad
3112 858 3247 914 quas
3285 843 3630 916 querimonia
3673 842 3841 899 sacri-

2247 929 2378 1002 legii
2412 931 2559 1001 juste
2607 930 2966 1003 pertinuerit;
3023 937 3078 986 et
3123 929 3171 985 si
3217 929 3336 1003 ipse
3393 947 3524 987 reus
3569 930 3838 1006 sacrilegii

2247 1016 2428 1076 facere
2454 1018 2706 1091 noluerit,
2741 1019 2926 1076 tandiu
2954 1019 3501 1076 excommunicationi
3531 1019 3838 1091 subiaceat,

2246 1123 2530 1181 usquequo
2573 1108 2894 1181 praedictam
2947 1098 3401 1180 compositionem
3456 1116 3840 1166 sexcentorum

2246 1196 2544 1254 solidorum
2598 1196 2896 1269 persolvat.
2954 1197 3026 1254 Et
3080 1196 3127 1255 si
3199 1196 3256 1252 in
3307 1198 3410 1255 hac
3477 1197 3843 1254 obstinatione

2245 1293 2492 1341 mortuus
2519 1285 2698 1354 fuerit,
2732 1302 2934 1359 corpus
2963 1287 3080 1357 ejus
3134 1305 3260 1346 cum
3312 1286 3542 1360 psalmis
3569 1294 3625 1343 et
3675 1287 3840 1360 hym-

2244 1373 2328 1430 nis
2379 1390 2490 1430 non
2538 1373 2816 1432 deferatur
2842 1372 2912 1431 ad
2942 1375 3290 1448 sepulturam.
3367 1377 3434 1432 Et
3490 1375 3843 1448 praecipimus

2244 1470 2304 1519 ut
2333 1462 2386 1518 in
2427 1461 2536 1520 ﬁne
2593 1463 2798 1521 codicis
2846 1463 2989 1538 legis
3041 1465 3331 1522 mundanae
3400 1460 3670 1522 scribatur
3723 1465 3841 1521 hac

2244 1550 2351 1608 lex.

2970 1642 3103 1699 CLI.

2747 1745 2822 1785 AD
2853 1745 3039 1787 OMNES
3066 1746 3314 1788 FIDELES.

2846 1818 3030 1892 (Anno
3061 1818 3212 1892 878.)

2243 1906 2613 1979 Priuilegium
2647 1907 2910 1964 Ecclesia:
2936 1909 3306 1975 Pictavcnsis,
3332 1925 3406 1964 ne
3422 1908 3549 1983 quis
3563 1911 3684 1982 ejus
3700 1908 3843 1966 bona

2484 1996 2737 2064 invadat,
2769 1999 2828 2053 et
2856 2000 2924 2053 ut
2951 1997 3144 2054 ablata
3172 1999 3578 2055 restituantur.

2313 2082 2579 2141 Omnibus
2607 2080 2860 2140 ﬁdelibus
2881 2092 3084 2143 sanctae
3109 2085 3211 2143 Dei
3235 2084 3517 2156 Ecclesiae,
3554 2085 3841 2158 praesenti-

2242 2170 2345 2229 bus
2373 2171 2583 2229 scilicet
2611 2181 2776 2246 atque
2805 2173 3020 2231 futuris.

2312 2261 2510 2317 Divino
2541 2261 2668 2334 quia
2707 2261 3013 2319 Romanum
3059 2262 3379 2335 pontiﬁcum
3420 2260 3620 2337 largitu
3675 2263 3843 2321 enitet

2242 2349 2535 2417 universis,
2563 2348 2834 2424 illudluce
2877 2350 3076 2409 clarius
3121 2358 3352 2423 constat,
3403 2351 3601 2425 largita
3643 2350 3839 2409 defen-

2242 2436 2373 2495 dere
2403 2437 2613 2495 cunctis
2646 2457 2660 2495 :
2707 2440 2964 2513 quoniam
3009 2439 3296 2497 indubitati
3342 2438 3486 2512 juris
3515 2448 3618 2508 est,
3668 2441 3841 2498 semel

2243 2543 2508 2585 concessa
2533 2527 2764 2600 perenni
2791 2528 2941 2585 cultu
2972 2527 3089 2585 fore
3120 2526 3380 2587 tenenda.
3415 2530 3680 2587 (laterum
3721 2545 3841 2587 om-

2241 2612 2388 2672 nium
2420 2616 2751 2689 religiositas
2799 2617 3336 2691 orthodoxorumque
3362 2628 3652 2691 pernoscat
3709 2617 3845 2677 ﬁde-

2241 2703 2385 2773 litas,
2417 2705 2584 2778 quod,
2617 2713 2675 2760 ut
2703 2705 2876 2761 relatu
2905 2706 3273 2780 quorumdam
3301 2706 3613 2774 didicimus,
3659 2706 3840 2764 Picta-

2242 2793 2426 2849 vensis
2457 2792 2680 2866 quidem
2706 2794 2978 2862 Ecclesia,
3010 2811 3173 2867 quam
3203 2795 3444 2851 diutinus
3496 2811 3838 2868 paganorum

2239 2881 2415 2938 hostis
2441 2883 2812 2954 persequitur,
2843 2883 3015 2940 multa
3055 2868 3485 2943 Christianorum
3524 2883 3839 2958 iniquorum

2239 2969 2587 3027 incommoda
2614 2970 2834 3043 patitur,
2869 2971 3065 3045 quibus
3105 2973 3382 3045 pressuris
3422 2989 3526 3030 nos
3580 2973 3838 3033 convenit

2240 3059 2530 3131 perdolere
2561 3060 2924 3134 eamdemque
2954 3059 3308 3119 nihilominus
3349 3071 3496 3119 tanto
3552 3061 3706 3120 fasce
3760 3062 3840 3119 le-

2241 3163 2392 3205 vare.
2426 3147 2774 3222 Quapropter
2799 3149 3149 3222 praecipimus
3167 3148 3572 3225 apostolicaque
3591 3150 3836 3209 auctori-

2238 3244 2347 3293 tate
2375 3253 2637 3310 expresse
2668 3237 2947 3308 jubemus,
2996 3239 3143 3310 quod
3199 3255 3361 3297 nemo
3407 3247 3666 3311 vestrum,
3728 3249 3835 3296 tam

2238 3325 2561 3382 sacerdotali
2588 3326 2782 3384 ordine
2808 3325 3095 3400 perfruens
3125 3344 3400 3402 quamque
3443 3328 3673 3386 militare
3718 3328 3838 3386 oﬁi-

2235 3413 2377 3472 cium
2419 3423 2630 3482 tenens,
2679 3415 2850 3488 ipsius
2906 3414 3166 3474 Ecclesiae
3221 3417 3551 3474 Pictavcnsis
3600 3417 3834 3492 aliquam

2235 3502 2529 3560 ecclesiam
2557 3503 2846 3578 aliquodve
2894 3505 3286 3561 monasterium
3344 3507 3430 3564 vel
3476 3504 3687 3579 praedia
3729 3507 3836 3580 ipsi

2233 3608 2454 3666 quoquo
2481 3593 2646 3650 modo
2673 3592 3003 3665 pertinentia
3018 3595 3278 3652 invadere
3288 3604 3600 3668 praesumat,
3621 3594 3835 3654 ullosve

2233 3681 2460 3740 colonos
2489 3698 2680 3739 servos
2708 3681 3006 3740 ancillasvc
3042 3692 3229 3740 contra
3259 3684 3345 3741 sui
3392 3685 3637 3758 episcopi
3693 3686 3834 3743 velle

2232 3770 2425 3828 tollere
2454 3772 2655 3828 audeat
2686 3788 2700 3828 :
2733 3773 2833 3828 sed
2860 3770 3024 3830 liceat
3069 3773 3240 3846 ipsius
3273 3773 3540 3831 Ecclesia:
3576 3774 3832 3832 Hect‘rido

2231 3859 2487 3916 videlicet
2515 3861 2795 3932 episcopo,
2829 3858 3053 3934 suisque
3083 3863 3515 3931 successoribus,
3562 3863 3658 3920 illa
3709 3880 3830 3938 qua:

2231 3948 2315 4004 sui
2345 3957 2727 4006 antecessores
2756 3949 3002 4024 legitimo
3032 3951 3250 4008 tramite
3279 3952 3558 4010 canonica
3594 3952 3831 4011 auctori-

2230 4037 2352 4094 tatis
2377 4036 2707 4105 habuerunt,
2740 4038 2841 4093 sub
2886 4048 3071 4095 nostra
3119 4040 3343 4098 tuitionc
3383 4042 3604 4112 habere,
3666 4051 3720 4098 ct
3773 4051 3829 4097 ut

2227 4122 2597 4199 possederunt
2622 4127 2928 4198 possidere,
2981 4136 3034 4184 et
3063 4136 3124 4183 ut
3161 4128 3546 4186 ordinaverunt
3588 4145 3689 4187 suo
3733 4147 3827 4186 ar-

2231 4214 2393 4272 bitrio
2449 4214 2725 4282 ordinare,
2784 4232 2906 4272 cum
2955 4216 3206 4274 consulto
3255 4234 3638 4292 consensuque
3716 4236 3830 4279 sua:

2230 4303 2495 4361 Ecclesiae
2536 4304 2946 4376 canonicorum,
3009 4313 3067 4361 ut
3122 4307 3306 4378 prisca
3355 4307 3694 4365 consuetudo
3747 4308 3831 4365 di-

2230 4394 2530 4467 gnoscitur,
2574 4393 2693 4450 sine
2735 4403 2919 4451 vestro
2975 4403 3392 4470 vestrornmque
3440 4396 3725 4455 obstaculo
3777 4407 3829 4455 et

528 4494 718 4543 noster
739 4484 1046 4558 Sigebodus
1074 4485 1266 4558 primae
1295 4485 1441 4541 sedis
1487 4485 1858 4541 Narbonensis
1903 4485 2124 4558 episco-
2151 4474 2469 4539 Domnium
2497 4484 2758 4540 hactenus
2815 4482 2943 4540 talia
2985 4485 3453 4556 praesnmentium.
3513 4487 3659 4542 Inter
3714 4487 3829 4544 hace

526 4591 652 4648 pus,
682 4591 807 4632 cum
835 4575 950 4631 suis
987 4572 1344 4646 suﬁ‘raganeis
1369 4572 1660 4645 episcOpis,
1705 4581 1755 4629 et
1799 4574 1991 4631 detulit
2033 4590 2132 4630 no-

528 4662 614 4719 bis
670 4663 873 4720 librum
931 4662 1176 4720 Gothica:
1206 4660 1370 4735 legis,
1401 4661 1494 4718 ubi
1525 4660 1658 4717 nihil
1712 4662 2014 4718 habebatur
2061 4663 2131 4719 de

530 4751 849 4826 sacrilegiis,
909 4760 964 4809 et
991 4750 1047 4806 in
1078 4751 1285 4807 eisdem
1315 4748 1532 4824 legibus
1559 4751 1823 4824 scriptum
1877 4759 2014 4820 erat,
2073 4759 2131 4806 ut

533 4856 710 4898 causae
738 4857 876 4914 quas
904 4840 1012 4897 illae
1037 4840 1192 4912 leges
1230 4855 1339 4896 non
1368 4841 1590 4909 habent,
1624 4857 1735 4897 non
1754 4838 2073 4896 audirentur
2099 4857 2131 4897 a

525 4926 800 5001 iudicibus
821 4928 966 4985 illius
993 4928 1199 5001 patriae;
1231 4936 1393 5001 atque
1421 4930 1493 4986 ita
1518 4933 1606 5001 jus
1637 4937 1838 4986 sanctae
1865 4929 2132 4987 Ecclesia:

532 5015 899 5074 suﬁ'ocabatur
915 5017 984 5073 ab
1013 5017 1207 5074 incolis
1236 5017 1431 5076 Galliae
1451 5027 1503 5076 et
1519 5019 1791 5090 Hispania:
1810 5018 2125 5091 provinciis.

531 5106 688 5165 Unde
742 5115 930 5164 nostra
973 5107 1262 5175 serenitas,
1313 5125 1435 5165 cum
1464 5107 1798 5181 praescriptis
1831 5108 2126 5181 episcopis,

528 5186 790 5269 inspectis
837 5197 1051 5270 legibus
1102 5197 1381 5268 Romanis,
1422 5198 1515 5254 ubi
1565 5198 1870 5254 habebatur
1906 5198 1975 5254 de
2033 5214 2128 5255 sa-

526 5285 791 5358 crilegiis,
858 5285 1162 5343 invenimus
1214 5287 1291 5342 ibi
1337 5303 1372 5343 a
1423 5285 1726 5344 Iustiniano
1797 5286 2130 5360 imperatore

527 5375 708 5448 legem
740 5371 1148 5448 compositionis
1177 5375 1447 5448 sacrilegii
1476 5374 1822 5433 constitutam
1878 5376 1934 5431 in
1965 5376 2128 5449 quin-

526 5481 632 5538 que
688 5464 860 5521 libras
906 5464 1023 5520 auri
1071 5464 1287 5537 Optimi.
1335 5465 1443 5522 Sed
1491 5481 1590 5521 nos
1648 5465 1911 5522 leniorem
1946 5465 2125 5541 legem

528 5553 874 5627 praecipimus
904 5570 1026 5609 esse
1054 5555 1363 5615 tenendam.
1397 5571 1521 5628 quae
1541 5554 1788 5609 aCarolo
1818 5564 1897 5609 est
1926 5555 2130 5610 consti-

2231 4571 2480 4629 volumus
2508 4588 2749 4645 quasque
2779 4588 2974 4629 causas
3001 4572 3266 4645 praedicto
3295 4572 3554 4632 Hecfrido
3569 4575 3829 4648 episcopo

2231 4659 2356 4717 inde
2394 4668 2574 4718 motas
2619 4661 2675 4716 in
2735 4670 2922 4718 nostra
2975 4662 3271 4735 praesentia
3324 4663 3706 4721 adducendas.
3771 4665 3829 4721 Si

2231 4749 2354 4823 quis
2385 4765 2512 4807 vero
2569 4750 2935 4819 sacerdotum,
2987 4750 3237 4823 judicum
3286 4761 3447 4825 atque
3505 4753 3833 4811 secularium

2230 4854 2605 4911 personarum,
2681 4838 2824 4896 hanc
2879 4840 3280 4898 constitutionis
3326 4850 3526 4899 nostra}
3574 4842 3831 4916 paginam

2228 4943 2558 5000 agnoscens,
2617 4937 2809 4987 contra
2839 4946 2959 4986 eam
3003 4930 3191 4987 venire
3218 4932 3528 5000 tentaverit,
3564 4940 3831 5003 potestate

2228 5014 2452 5074 honoris
2494 5016 2578 5073 sui
2608 5034 2680 5075 ac
2725 5018 2987 5093 dignitate
3024 5036 3320 5092 percussus
3362 5021 3661 5093 apostolico
3699 5037 3831 5077 ana-

2230 5106 2468 5163 themate
2506 5116 2708 5176 careat,
2741 5125 3004 5182 reumque
3024 5126 3085 5166 se
3113 5109 3296 5166 divino
3344 5110 3548 5180 judicio
3595 5111 3830 5167 existere

2226 5195 2297 5251 de
2324 5203 2631 5267 perpetrata
2659 5197 2939 5271 iniquitate
2995 5206 3316 5272 cognoscat.
3348 5199 3418 5254 Et
3475 5199 3587 5255 nisi
3616 5199 3703 5256 vel
3759 5215 3829 5257 ea

2228 5300 2352 5357 quae
2403 5285 2470 5340 ab
2520 5284 2616 5343 illo
2687 5294 2811 5343 sunt
2864 5287 3010 5344 male
3078 5286 3257 5343 ablata
3325 5287 3668 5356 restituerit,
3738 5288 3827 5345 vel

2226 5383 2555 5446 praasumpta
2584 5375 2898 5446 correxerit,
2932 5376 3018 5433 vel
3047 5372 3215 5449 digna
3271 5376 3590 5450 pmnitentia
3636 5377 3825 5435 illicita

2227 5470 2347 5520 acta
2377 5463 2676 5531 deﬂeverit,
2708 5479 2742 5521 a
2770 5464 3138 5522 sacratissimo
3194 5481 3426 5537 corpore
3458 5466 3556 5523 Dei
3606 5466 3823 5523 Domini

2227 5567 2293 5607 ac
2350 5550 2728 5625 Redemptoris
2783 5554 2956 5608 nostri
3020 5552 3149 5609 Jesu
3199 5554 3400 5611 Christi
3456 5554 3663 5610 alienus
3711 5554 3818 5615 ﬁat.
