4160 6334
347 369 454 424 ’797

1632 359 1984 427 ΕΡΙΒΤΟΙΛΕ
2039 371 2130 426 ΕΤ
2168 373 2519 430 DECRETA.
2573 323 2578 333 Ι

3548 381 3650 432 ’798

348 487 571 549 Cunctis
618 499 798 550 autem
841 494 1020 550 cidem
1063 493 1304 566 praefatae
1349 495 1609 552 Ecclesia;
1646 495 1774 565 jura
1821 511 1944 550 ser-
1974 499 2029 558 A
2051 495 2353 552 secundum
2381 499 2630 572 regulam
2655 501 2831 556 Patris
2851 502 3144 570 Benedicti,
3167 517 3200 557 a
3217 501 3455 574 propriis
3484 501 3650 557 abba-

348 582 606 638 vantibu's
630 582 700 637 sit
727 598 832 654 pax
861 582 1076 637 Domini
1118 583 1290 638 nostri
1327 584 1456 639 Jesn
1501 583 1721 651 Christi,
1755 593 1950 656 quate-

349 685 454 726 nus
485 679 538 727 et
565 669 654 727 hic
697 670 931 727 fructum
978 671 1138 727 bonae
1181 671 1514 744 Operationis
1562 672 1846 744 recipiant,
1899 682 1953 728 et

348 759 496 832 apud
525 773 795 814 summum
823 759 1105 814 Arbitrum
1133 760 1358 832 praemia
1377 770 1598 817 aeternae
1625 761 1778 832 pacis
1807 761 1954 818 inve-

346 847 517 902 niant.
569 849 704 904 Data
733 863 794 904 in
822 847 1098 904 Kalendas
1147 849 1480 920 Septembris
1528 849 1822 906 indictione
1866 867 1947 918 x1,

349 935 564 992 Trecis.

1073 1025 1227 1081 CLII.

509 1127 582 1168 AD
617 1124 916 1169 EPISCOI’OS
954 1129 1061 1169 PER
1099 1129 1340 1170 GALLIAM
1389 1130 1784 1171 CONSTITUTOS.

967 1205 1148 1274 (Anno
1189 1203 1338 1276 8'78.)

383 1293 754 1362 Privilegium
806 1294 1152 1348 monasterio
1199 1285 1546 1350 Floriacemi
1584 1293 1916 1350 conceditur

849 1381 1056 1452 synodo
1110 1382 1450 1437 Tricassina.

418 1469 676 1524 JOANNES
723 1469 1032 1541 episcOpns,
1065 1486 1258 1524 servus
1307 1477 1589 1527 Serrorum
1618 1470 1738 1535 Dei,
1771 1471 1950 1526 omni—

346 1559 448 1616 bus
478 1559 750 1630 episcopis
779 1565 941 1630 atque
993 1557 1115 1614 aliis
1158 1558 1260 1614 Dei
1309 1557 1558 1614 ﬁdelibus
1585 1575 1686 1630 per
1717 1559 1950 1614 Galliam

283 1688 297 1698 .
348 1646 677 1702 constitutis.

420 1733 692 1805 Quoniam
738 1735 1036 1808 apostolica
1084 1736 1430 1790 successione
1475 1736 1541 1808 [Γ.
1576 1735 1952 1809 suggestione]

2054 585 2218 652 tibus,
2259 589 2539 644 monachis
2578 589 2829 647 videlicet
2867 607 2932 646 ex
2975 591 3166 647 eodem
3204 591 3456 648 coenobio
3493 606 3655 664 regu-

2054 673 2244 730 lariter
2281 675 2502 745 electis,
2544 678 2599 732 in
2637 687 2961 750 perpetuum
2990 681 3346 754 gubernetur.
3387 681 3502 735 Nec
3539 679 3652 734 illa-

2054 779 2172 846 rum
2202 780 2382 819 rerum
2411 783 2534 838 quae
2555 767 2698 822 velin
2723 767 3003 839 praelibato
3031 776 3306 840 praecepto
3335 767 3652 823 nominatim

2053 852 2394 908 continentur
2439 855 2584 910 vela
2621 856 2880 927 prmdicto
2928 857 3121 912 abbate
3169 855 3465 912 venerabili
3511 871 3656 912 nunc

2053 940 2298 1010 ejusdem
2334 942 2441 998 loci
2482 944 2808 1000 Theotberto
2855 944 3069 1016 praefati
3111 944 3427 1000 monasterii
3468 943 3656 1000 officiis

2053 1028 2322 1099 deputata:
2353 1031 2638 1103 habentur,
2671 1033 2837 1087 ullam
2867 1034 2936 1088 ab
2965 1032 3149 1105 aliquo
3178 1049 3420 1104 unquam
3449 1031 3656 1103 patian-

2053 1125 2139 1172 tur
2154 1117 2604 1186 immunitionem,
2629 1129 2680 1177 et
2701 1121 2862 1176 etiam
2885 1122 3052 1178 rebus
3073 1139 3194 1194 qua:
3210 1122 3471 1192 deinceps
3493 1136 3526 1176 a
3545 1121 3660 1192 qui-
3729 1113 3738 1118 ’
3796 1185 3806 1198 ι

2053 1201 2288 1257 buslibet
2317 1203 2588 1276 religiosis
2618 1205 2929 1260 hominibus
2951 1205 3141 1260 eodem
3163 1205 3287 1274 loco
3308 1205 3661 1276 pervenerint

2054 1291 2393 1348 condonatar.
2437 1291 2593 1362 Quod
2633 1294 2678 1348 si
2717 1295 2838 1366 quis
2878 1295 2981 1350 hoc
3029 1303 3276 1350 nostrum
3332 1292 3659 1350 beneﬁcium

2051 1377 2354 1451 irrumpere
2383 1383 2816 1454 prasumpserit,
2849 1391 2902 1439 et
2931 1383 3202 1455 stipendia
3245 1399 3528 1439 servorum
3557 1382 3657 1438 Dei

2052 1467 2106 1522 in
2134 1468 2270 1522 alios
2299 1487 2431 1524 usus
2457 1472 2804 1538 converterit,
2837 1472 2907 1526 ab
2939 1471 3243 1544 apostolica
3271 1471 3656 1528 communione

2052 1557 2414 1613 anathematis
2470 1559 2940 1616 animadversione
2993 1561 3144 1616 illum
3201 1575 3552 1632 separamus,
3599 1567 3656 1615 ut

2052 1645 2156 1700 nisi
2171 1646 2479 1702 admonitus
2496 1665 2524 1703 e
2543 1649 2773 1722 vestigio
2795 1666 2854 1705 se
2876 1649 3192 1716 correxerit,
3219 1665 3344 1706 cum
3373 1648 3658 1720 rapacibus

2053 1749 2086 1788 a
2114 1751 2288 1807 regno
2318 1736 2418 1791 Dei
2449 1737 2720 1804 exclusus,
2748 1755 2868 1810 quae
2887 1746 3130 1794 meretur
3149 1746 3420 1794 tormenta
3446 1737 3659 1809 persol-

346 1823 763 1881 tollicitudinem
813 1825 1063 1880 omnibus
1110 1824 1374 1880 Ecclesiis
1421 1824 1686 1879 debemus
1733 1824 1950 1896 impen-
1981 1854 2036 1914 B
2056 1831 2164 1879 vat.
2199 1825 2267 1880 Ut
2297 1833 2479 1879 autem
2496 1827 2598 1902 hoc
2619 1826 2966 1898 privilegium
2989 1835 3192 1882 certam
3213 1827 3454 1882 obtineat
3473 1825 3658 1891 iidem,

346 1911 499 1984 dere,
531 1913 608 1968 sic
638 1911 884 1984 cupimus
913 1913 1162 1986 generali
1204 1913 1490 1968 consulere
1533 1912 1859 1982 necessitati,
1894 1923 1952 1968 ut

345 2003 510 2058 etiam
541 2017 990 2072 quornmeunqne
1021 2001 1328 2075 singulares
1356 2017 1558 2068 causas
1590 2001 1706 2056 sine
1736 1999 1952 2056 fastidio

347 2105 769 2164 cognoscamus.
787 2090 958 2161 Igitur
972 2105 1098 2146 cum
1113 2099 1335 2162 propter
1353 2088 1675 2161 multiplices
1691 2091 1954 2146 Ecclesiae

343 2177 446 2235 Dei
495 2194 654 2235 curas
705 2178 1043 2234 Gallicanam
1087 2179 1350 2234 adeuntes
1396 2179 1698 2252 regionem,
1753 2179 1952 2234 Trecas

343 2267 618 2324 civitatem
644 2267 1076 2335 devenissemus,
1099 2284 1241 2322 anno
1280 2267 1670 2323 incarnationis
1701 2267 1951 2322 Domini-

347 2373 426 2413 cae
442 2359 565 2422 878,
579 2363 632 2411 et
653 2356 721 2412 ad
743 2357 1040 2412 resecanda
1059 2355 1313 2428 quaelibet
1333 2355 1544 2411 inutilia
1562 2339 1954 2411 vel'statuenda

349 2444 722 2502 ecclesiastica
745 2445 886 2514 jura,
925 2445 1194 2516 synodum
1235 2444 1546 2517 generalem
1593 2443 1953 2515 plurimorum

347 2534 756 2590 celebraremus
825 2533 1244 2605 episcoporum,
1305 2533 1448 2588 inter
1502 2533 1608 2588 alia
1677 2533 1954 2606 suggessit

349 2622 655 2680 auctoritati
727 2630 924 2678 nostra:
996 2621 1327 2677 venerabilis
1376 2623 1611 2694 partium
1652 2631 1951 2678 vestrarum

349 2711 541 2782 abbas,
565 2711 782 2767 nomine
802 2711 1182 2780 Theotbertus,
1208 2727 1272 2765 ex
1295 2711 1546 2766 coenobio
1565 2713 1709 2783 quod
1732 2719 1954 2766 vocatur

348 2799 627 2856 Floriacus
648 2800 704 2854 in
731 2815 878 2872 pago
901 2799 1302 2869 Aurelianensi,
1334 2800 1480 2870 quod
1511 2800 1658 2854 idem
1686 2809 1958 2856 monaste-

346 2888 482 2944 rium
513 2889 732 2961 quidam
759 2888 1052 2962 religiosus
1083 2889 1275 2954 abbas,
1307 2889 1670 2944 Leodebodus
1710 2888 1950 2956 nomine,

348 2979 648 3034 monachus
677 2977 999 3033 exstruxerit
1028 2977 1084 3032 in
1111 2977 1320 3032 honore
1349 2977 1450 3032 Dei
1481 2986 1531 3031 et
1563 2985 1763 3034 sanctae
1793 2977 1954 3050 geni-

349 3066 498 3124 tricis
535 3066 740 3134 Mariae,
781 3083 882 3121 nec
935 3081 1042 3121 non
1095 3065 1238 3121 beati
1289 3065 1552 3138 principis
1589 3066 1956 3138 apostolorum

346 3155 494 3211 Petri
527 3174 540 3209 :
575 3156 720 3227 quod
759 3155 1092 3210 revelatione
1135 3153 1318 3210 divina
1347 3171 1448 3226 per
1479 3157 1780 3210 monachos
1822 3155 1960 3224 ejus-

349 3244 474 3298 dem
519 3243 626 3299 loci
657 3259 689 3298 a
717 3244 1100 3298 Bcneventana
1145 3242 1426 3314 provincia
1475 3259 1674 3314 corpus
1725 3243 1854 3298 illuc
1902 3244 1958 3298 S.

351 3332 627 3388 Benedicti
656 3331 967 3404 pervenerit
997 3331 1129 3386 olim
1159 3331 1400 3399 allatum,
1437 3331 1621 3402 ibique
1650 3339 1968 3386 reverenter

348 3422 650 3488 humatum,
685 3421 823 3476 sicut
870 3419 1318 3474 manifestissima
1367 3426 1577 3474 constat
1625 3418 1880 3487 veritate;
1913 3429 1970 3474 et

351 3511 498 3583 quod
518 3518 740 3582 propter
761 3509 1184 3564 stabilimentum
1205 3508 1520 3564 monasticae
1541 3507 1840 3579 religionis,
1862 3508 1965 3580 pia:

347 3599 631 3656 memoria:
668 3598 942 3670 gloriosus
981 3598 1284 3669 imperator
1341 3596 1566 3652 Carolus
1623 3605 1966 3668 praeceptum

350 3705 463 3744 suae
505 3687 844 3743 auctoritatis
883 3687 1059 3742 eidem
1100 3686 1222 3742 loco
1263 3703 1356 3740 res
1395 3686 1772 3741 denominatas
1812 3685 1967 3740 dele-

349 3776 578 3850 gaverit,
620 3775 820 3848 partim
859 3791 891 3831 a
929 3774 1206 3847 religiosis
1243 3775 1588 3844 hominibus,
1630 3791 1730 3845 pro
1773 3790 1966 3830 amore

353 3866 454 3920 Dei
491 3865 603 3920 illic
642 3863 998 3930 contributas,
1039 3871 1096 3918 ut
1134 3863 1338 3919 victum
1375 3872 1537 3936 atque
1567 3863 1826 3919 vestitum
1854 3879 1964 3918 mo-

354 3953 512 4010 nachi
551 3953 754 4008 ibidem
793 3953 1027 4008 Domino
1066 3952 1358 4008 militantes
1398 3952 1665 4008 deberent
1701 3951 1904 4007 habere
1951 3969 1962 4005 :

352 4058 454 4099 nec
485 4059 594 4098 non
623 4049 676 4096 et
705 4043 809 4098 hoc
841 4042 986 4114 quod
1017 4042 1194 4096 beatae
1235 4041 1629 4096 recordationis
1661 4049 1816 4111 pater
1845 4040 1959 4108 ejus

355 4131 738 4187 serenissimus
752 4133 1026 4203 Augustus
1047 4131 1101 4183 in
1119 4129 1239 4200 ipso
1253 4129 1376 4184 loco
1393 4128 1662 4199 hospitale
1679 4129 1960 4192 nobilium,

356 4221 501 4293 quod
526 4222 681 4276 Porta
703 4219 1029 4302 appellatur,
1049 4219 1204 4288 juxta
1224 4217 1531 4289 regularem
1553 4217 1960 4286 institutionem,

356 4311 594 4382 itemque
648 4309 914 4380 hospitale
971 4323 1274 4379 pauperum
1302 4351 1314 4371 ,
1357 4306 1410 4360 in
1452 4305 1534 4360 sui
1572 4313 1964 4377 parentumque

357 4415 574 4455 suorum
599 4397 946 4469 eleemosyna
968 4395 1236 4464 statuerit,
1259 4403 1311 4449 et
1329 4412 1418 4450 res
1441 4395 1508 4450 ad
1531 4395 1636 4450 hoc
1659 4401 1964 4466 opportune

358 4488 651 4562 agendum,
685 4503 786 4542 nec
817 4502 928 4541 non
957 4485 1096 4540 alias
1125 4485 1193 4539 ad
1221 4485 1402 4539 lumen
1435 4483 1697 4540 Ecclesiae
1725 4483 1956 4537 admini-

2057 1920 2108 1967 et
2137 1913 2236 1966 Dei
2266 1911 2482 1968 famulis
2501 1914 2556 1968 in
2571 1916 2688 1985 jam
2710 1915 2853 1970 dicto
2873 1916 3202 1971 Floriacensi
3224 1915 3474 1972 coenobio
3497 1931 3659 1970 secn-

2055 2001 2266 2056 ritatem
2287 2001 2550 2067 conferat,
2571 2004 2812 2075 qnandiu
2833 2005 2981 2060 Deus
3004 2013 3057 2060 et
3074 2005 3338 2060 Dominus
3360 2011 3546 2059 noster
3566 2004 3664 2058 Ec-

2054 2089 2283 2145 clesiam
2307 2107 2462 2146 suam
2485 2092 2686 2150 durare
2709 2092 2959 2160 voluerit,
2984 2101 3164 2148 nostra
3185 2093 3239 2147 id
3263 2092 3662 2162 subscriptione

2053 2179 2460 2234 roboravimns.
2487 2180 2756 2252 Scriptum
2787 2198 2888 2252 per
2916 2197 3112 2236 manus
3143 2181 3368 2254 Georgii
3397 2179 3666 2236 scriniarii

2055 2275 2258 2322 sancta.
2278 2267 2425 2322 sedis
2444 2269 2774 2339 apostolicae,
2797 2270 2853 2324 in
2874 2287 3063 2325 mense
3085 2273 3352 2341 Augusto,
3372 2268 3665 2326 indictione

2055 2371 2134 2410 χι.
2169 2357 2314 2412 Bene
2346 2357 2542 2413 valete.
2578 2359 2718 2412 Data
2747 2359 2919 2413 Nonis
2951 2358 3286 2430 Septembris
3317 2374 3418 2429 per
3447 2373 3662 2414 manum

2053 2443 2326 2500 V‘Valberti
2357 2445 2644 2500 humillimi
2677 2447 2920 2518 episcopi
2950 2455 3156 2503 sanctae
3206 2445 3520 2502 Portuensis
3554 2447 3664 2500 Ec-

2055 2533 2256 2600 clcsim,
2291 2549 2434 2590 anno
2465 2536 2580 2590 Deo
2607 2535 2840 2606 propitio
2871 2536 3214 2606 pontificatus
3257 2534 3464 2592 domini
3493 2533 3662 2589 nostri

2052 2621 2278 2676 Joannis
2309 2623 2504 2677 summi
2531 2622 2804 2694 pontificis
2831 2631 2884 2679 et
2914 2624 3241 2680 universalis
3276 2640 3452 2694 papae,
3484 2621 3540 2676 in
3569 2637 3664 2677 sa-

2054 2709 2353 2765 cratissima
2401 2712 2532 2767 sedc
2581 2712 2726 2768 beati
2780 2713 2928 2768 Petri
2986 2713 3221 2784 apostoli
3281 2720 3468 2780 sexto,
3519 2710 3665 2766 indi-

2055 2799 2234 2854 ctione
2258 2815 2337 2854 xr.
3334 2820 3340 2826 ·

2771 2897 2952 2952 CLIII.

2469 2998 2570 3038 SEU
2625 2998 2911 3040 “'ALONEM
2957 3001 3258 3041 METENSEM
3295 3000 3628 3041 EPISCOPUH.

2697 3073 2823 3144 (An.
2873 3075 3022 3145 878.)

2141 3161 2402 3214 Concedit
2422 3161 2512 3215 illi
2530 3163 2776 3232 pallium
2805 3165 2976 3218 certis
2995 3163 3184 3218 diebus
3205 3162 3592 3234 deferendum.

2137 3247 2394 3302 Jomnns
2426 3249 2734 3320 episcopus,
2771 3267 2965 3306 servus
3009 3267 3292 3306 servorum
3321 3251 3442 3318 Dei,
3476 3251 3672 3305 WALa:

2063 3336 2360 3391 venerabili
2391 3337 2650 3409 episcopo
2679 3338 3214 3395 Mediomatricorum
3244 3339 3526 3406 Ecclesiae,
3551 3353 3672 3411 quae

2064 3433 2116 3480 et
2153 3425 2330 3481 Mettis
2387 3435 2632 3494 vocatur,
2693 3426 2749 3482 in
2807 3428 3010 3484 honore
3045 3428 3252 3484 scilicet
3299 3428 3469 3484 sancti
3545 3428 3670 3485 Ste—

2061 3514 2228 3586 phani
2260 3514 2422 3584 primi
2452 3515 2725 3586 martyris.

2136 3602 2193 3657 Si
2230 3611 2478 3672 pastores
2517 3604 2700 3660 ovium
2737 3605 2914 3661 solem
2945 3605 3187 3678 geluque
3224 3621 3323 3677 pro
3359 3605 3550 3678 gregis
3588 3606 3672 3660 sui

2063 3692 2306 3746 custodia
2333 3691 2421 3746 die
2459 3707 2525 3748 ac
2563 3703 2722 3749 nocte
2752 3693 2894 3749 ferre
2924 3695 3160 3750 contenti
3191 3704 3334 3762 sunt,
3369 3711 3435 3750 ac
3459 3711 3532 3750 ne
3564 3711 3671 3766 qua

2064 3795 2130 3836 ex
2158 3780 2238 3836 eis
2271 3790 2364 3836 aut
2392 3783 2626 3838 errando
2659 3791 2868 3852 pereat,
2903 3791 2994 3838 aut
3021 3782 3210 3840 ferinis
3237 3783 3440 3839 laniata
3466 3783 3670 3838 morsi-

2065 3864 2168 3919 bus
2197 3865 2466 3937 rapiatur,
2500 3866 2673 3922 oculis
2706 3883 2921 3940 semper
2951 3867 3300 3942 vigilantibus
3330 3868 3670 3938 circumspe-

2063 3961 2226 4018 ctant,
2265 3963 2462 4026 quanto
2511 3956 2709 4010 sudore
2751 3965 3059 4027 quantaque
3086 3972 3219 4011 cura
3247 3957 3511 4012 debemus
3549 3973 3670 4011 esse

2063 4043 2384 4114 pervigiles,
2418 4060 2520 4098 nos
2553 4045 2642 4114 qui
2673 4053 2921 4114 pastores
2959 4045 3255 4099 animarum
3287 4045 3556 4100 dicimur?
3585 4048 3672 4098 At-

2066 4131 2350 4185 tendamus
2409 4132 2476 4185 ad
2535 4141 2846 4201 susceptum
2913 4131 3148 4188 ollicium
3225 4133 3483 4188 exhibere
3539 4149 3670 4203 erga

2065 4219 2368 4274 custodiam
2399 4219 2802 4274 Dominicarum
2840 4220 3020 4274 ovium
3053 4237 3160 4274 non
3191 4235 3492 4288 cessemus,
3517 4236 3586 4274 ne
3615 4221 3669 4274 in

2065 4307 2152 4362 die
2191 4307 2360 4363 divini
2399 4308 2662 4362 examinis
2700 4321 2802 4379 pro
2839 4309 3046 4364 desidia
3097 4318 3282 4363 nostra
3336 4317 3461 4364 ante
3513 4326 3668 4364 sum-

2064 4413 2215 4450 mum
2241 4383 2528 4467 pastorem
2567 4397 2918 4470 negligentiae
2957 4406 3137 4453 reatus
3176 4397 3482 4464 excruciet,
3524 4399 3668 4454 unde

2066 4487 2228 4540 modo
2268 4485 2487 4540 honoris
2527 4485 2837 4542 reverentia
2883 4487 3228 4542 sublimiores
3265 4487 3404 4542 inter
3441 4495 3668 4542 cmteros

2093 2997 2165 3036 AD
2204 2997 2410 3038 “’ALAM

355 4577 656 4642 strandum,
669 4575 894 4646 jusserit
909 4573 1180 4646 deputari.
1203 4571 1528 4641 Quaeomnia
1544 4589 1642 4643 per
1651 4571 1763 4641 jam
1785 4571 1960 4628 dictos
1989 4567 2046 4629 D
2063 4574 2392 4644 judicamur.
2427 4574 2656 4630 Pallium
2693 4583 2876 4631 autem
2915 4575 3239 4631 fraternitati
3267 4583 3374 4631 tute
3411 4591 3475 4630 ex
3513 4590 3666 4630 more

356 4667 654 4722 monachos
692 4665 955 4720 hactenus
993 4663 1198 4718 ibidem
1237 4661 1604 4733 comperimus
1653 4660 1954 4715 observari.

354 4755 514 4811 Nunc
542 4762 652 4809 tam
683 4754 922 4825 seipsum
953 4769 1113 4824 quam
1145 4751 1455 4806 unanimem
1477 4749 1960 4822 congregationem

357 4841 460 4898 sibi
489 4843 838 4899 commissam
865 4839 1144 4896 humiliter
1182 4839 1478 4912 postulare,
1514 4838 1758 4912 quamvis
1787 4837 1959 4910 privi-

357 4933 503 5006 legia
539 4932 832 4987 multorum
869 4929 1168 4986 meruerint
1205 4928 1587 5000 episcoporum
1613 4971 1626 4994 ,
1669 4928 1737 4982 ad
1777 4927 1958 4998 repri-

358 5021 612 5077 mendam
643 5019 1005 5092 quorumlibet
1035 5018 1278 5074 illicitam
1309 5016 1675 5088 cupiditatem,
1710 5025 1765 5070 ut
1797 5032 1960 5087 super

359 5111 556 5166 abbate
587 5109 824 5183 regulari
860 5125 925 5165 ex
953 5108 1032 5164 eis
1059 5107 1312 5180 eligendo
1343 5105 1505 5161 etiam
1537 5113 1737 5160 nostra-3
1766 5112 1959 5159 aucto-

358 5197 529 5254 ritatis
577 5197 865 5271 privilegia
913 5204 1334 5268 consequantur.
1379 5193 1644 5263 Quocirca
1672 5209 1772 5248 nos
1801 5200 1958 5264 pote-

360 5295 572 5353 statem,
605 5303 766 5360 quam
795 5286 966 5360 gratis
994 5302 1024 5340 a
1053 5284 1266 5340 Christo
1294 5282 1624 5353 accepimus,
1660 5283 1958 5337 secundum

359 5377 728 5450 evangelicam
768 5375 1144 5432 auctoritatem
1181 5371 1352 5444 gratis
1389 5371 1656 5442 prodesse
1709 5371 1960 5425 omnibus

358 5467 660 5538 cupientes,
692 5465 810 5521 vice
841 5465 984 5520 beati
1013 5463 1154 5518 Petri
1185 5460 1413 5532 apostoli
1445 5459 1786 5514 decernimus
1819 5468 1874 5513 ut
1905 5460 1959 5513 in

361 5571 507 5628 saepe
551 5561 847 5610 memorato
883 5554 1005 5610 loco
1034 5551 1177 5608 servi
1207 5551 1307 5606 Dei
1337 5549 1543 5620 absque
1587 5547 1960 5620 inquietudine

363 5653 604 5710 debitum
635 5669 746 5710 sum
778 5651 1058 5724 religionis
1087 5649 1402 5722 persolvere
1444 5647 1649 5719 possint
1683 5645 1958 5700 servitium

2061 4663 2129 4718 ad
2159 4663 2449 4718 missarum
2483 4664 2746 4719 solemnia
2775 4665 3106 4720 celebranda
3136 4664 3525 4731 concessimus,
3558 4664 3667 4721 dic-

2063 4753 2166 4807 bus
2196 4752 2320 4810 vitae
2353 4753 2762 4808 tantummodo:
2789 4753 2934 4825 quod
2965 4753 3077 4819 tibi,
3111 4769 3218 4808 non
3250 4752 3512 4809 Ecclesiae
3541 4761 3662 4823 tuae,

2060 4842 2216 4896 aliter
2243 4841 2546 4915 privilegiis
2575 4843 2630 4896 in
2659 4858 2758 4897 suo
2791 4850 2930 4897 statu
2960 4841 3324 4908 manentibus,
3357 4841 3432 4896 uti
3460 4857 3663 4898 conce-

2061 4932 2260 4986 dimus.
2302 4931 2572 5000 Quoniam
2609 4931 2910 4986 indumenti
2957 4932 3130 4986 honor
3166 4930 3410 4986 modesta
3447 4939 3663 4986 actuum

2062 5019 2350 5076 vivacitate
2401 5020 2697 5075 servandus
2745 5027 2861 5086 est,
2918 5020 3198 5073 hortamur
3234 5028 3291 5074 ut
3342 5019 3392 5074 ei
3447 5036 3662 5076 morum

2061 5116 2275 5164 tuorum
2313 5117 2633 5164 ornamenta
2689 5107 3014 5164 conveniant
3039 5151 3052 5173 ,
3095 5115 3358 5180 quatenus
3383 5151 3396 5177 ,
3439 5117 3663 5164 auctore

2061 5199 2196 5266 Deo,
2223 5197 2466 5270 utrisque
2497 5197 2676 5268 possis
2706 5213 2828 5251 esse
2857 5195 3205 5267 conspicuus.
3229 5197 3414 5268 Itaque
3435 5197 3543 5252 vita
3571 5205 3664 5252 tua

2062 5287 2185 5342 ﬁliis
2216 5287 2320 5341 tuis
2350 5287 2418 5340 sit
2448 5285 2655 5357 regula.
2689 5287 2747 5340 In
2776 5285 2892 5356 ipsa
2922 5303 2979 5340 se
3009 5301 3225 5358 semper
3264 5286 3662 5342 considerando

2060 5375 2371 5448 proficiant,
2414 5383 2469 5429 ut
2507 5383 2656 5428 tuum
2712 5382 2835 5446 post
2890 5375 3180 5430 Dominum
3239 5375 3488 5430 videatur
3537 5391 3660 5430 esse

2061 5465 2200 5520 bene
2241 5464 2385 5536 quod
2424 5462 2676 5520 vixerint.
2739 5463 3046 5535 Corrigant,
3090 5481 3158 5519 ne
3195 5480 3457 5535 prospera
3484 5507 3496 5527 ,
3539 5478 3659 5534 qua“.

2062 5553 2434 5626 temporalitcr
2471 5552 2842 5619 blandiuntur,
2885 5553 3174 5622 extollant,
3215 5569 3392 5624 neque
3429 5551 3658 5606 adversa

2060 5643 2345 5712 dejiciant;
2373 5642 2470 5696 sed
2499 5641 2759 5714 quidquid
2799 5643 2929 5696 illud
2960 5641 3135 5701 fuerit,
3169 5641 3362 5694 virtute
3391 5639 3657 5709 patientiae
