4160 6310
571 267 674 320 799

1810 263 2106 320 JOANNIS
2135 324 2142 330 θ
2160 260 2354 316 ΡΑΡᾹΞ
2391 263 2547 317 -VIII.

3761 263 3864 315 800

566 387 876 444 devincant.
907 389 1127 444 Nullum
1158 389 1301 460 apud
1333 397 1385 444 te
1413 389 1595 444 locum
1625 388 1770 455 odia,
1800 387 1981 443 nullus
2009 385 2164 441 favor
2192 386 2338 446 Atui
2376 395 2428 440 et
2467 387 2549 441 sui
2606 385 2836 442 senioris
2891 384 3263 441 inﬁdelitatem
3284 429 3298 453 ,
3353 386 3619 455 justitiam
3659 383 3865 441 facere.

569 477 894 533 indiscretus
923 477 1181 532 inveniat.
1217 477 1326 533 Sub
1354 493 1422 533 ea
1450 476 1702 533 videlicet
1730 477 1936 532 ratione
1965 490 2166 531 conce-

569 565 749 620 dimus
795 565 1122 622 fraternitati
1166 574 1273 622 tuae
1301 574 1358 620 ut
1387 581 1421 621 a
1447 566 1742 622 secretario
1787 580 1958 637 usque
1986 563 2054 618 ad
2082 579 2168 618 sa-

569 669 725 708 crum
755 653 945 720 altare,
981 663 1033 709 et
1060 653 1128 708 ab
1160 654 1319 709 altari
1362 671 1536 726 usque
1572 655 1640 708 ad
1679 653 2050 719 secretarium,
2087 649 2167 704 si-

571 743 679 800 cuti
719 743 900 815 prisca
953 743 1154 798 exstitit
1208 743 1458 814 palleatis
1496 741 1616 816 [pro
1653 741 1922 813 palliatis,
1962 737 2166 812 Hann]

573 832 909 888 consuetudo
935 875 948 898 ,
991 831 1139 886 indui
1173 832 1392 887 debeas.
1436 831 1768 886 Auctoritate
1807 838 1988 886 autem
2025 827 2169 884 beati

573 920 714 976 Petri
761 919 1127 991 apostolorum
1181 919 1443 990 principis
1489 918 1762 976 licentiam
1815 919 2008 973 diebus
2045 917 2170 972 vitae

570 1017 676 1064 tuae
703 1009 806 1062 sub
829 1009 953 1078 jure
984 1015 1036 1062 et
1065 1007 1268 1063 ditione
1314 1015 1520 1076 nostra,
1553 1015 1612 1061 ut
1641 1007 1906 1073 diximus,
1938 1006 2165 1061 habeas.

571 1096 790 1151 Nullum
829 1113 984 1150 usum
1015 1096 1098 1150 vel
1137 1096 1586 1152 consuetudinem
1626 1094 2035 1151 successoribus
2066 1093 2170 1148 tuis

571 1201 670 1254 per
697 1185 800 1240 hoc
830 1194 1070 1240 nostrum
1102 1183 1195 1238 tibi
1225 1199 1548 1240 concessum
1571 1183 1922 1254 apostolicum
1955 1182 2171 1254 privile-

571 1273 721 1346 gium
753 1274 954 1328 habere
983 1271 1309 1328 censuimus.
1344 1274 1412 1327 Et
1452 1289 1628 1345 neque
1667 1272 1957 1344 episcOpus
1995 1271 2170 1327 archi-

573 1361 969 1432 episcopusque
999 1361 1262 1416 adversus
1289 1368 1341 1416 te
1371 1376 1473 1432 pro
1502 1362 1606 1416 hoc
1637 1359 2003 1416 altercationis
2033 1375 2170 1415 con-

573 1449 863 1504 tentionem
901 1457 1257 1505 commoveat.
1300 1450 1399 1514 Ita,
1441 1448 1674 1504 Domino
1712 1456 1935 1522 regente
1973 1456 2025 1502 et
2063 1465 2170 1520 gu-

572 1537 829 1592 bernante
857 1552 956 1592 cor
984 1545 1151 1603 tuum,
1185 1537 1533 1593 commissam
1565 1537 1787 1608 exsequi
1817 1535 2166 1610 gubernatio-

572 1641 698 1680 nem
754 1625 1004 1695 studeas,
1062 1634 1151 1692 ut,
1213 1625 1410 1696 adepto
1467 1625 1626 1694 hujus
1681 1625 1905 1680 honoris
1961 1623 2168 1690 oﬂicio,

2270 473 2616 546 Quapropter
2645 476 2922 530 hortantes
2951 473 3229 541 mittimus,
3253 473 3660 546 apostolicaque
3689 482 3874 529 aucto-

2267 563 2427 618 ritate
2472 563 2756 632 jubemus,
2797 571 2854 618 ut
2889 563 2957 617 ad
3004 564 3108 618 hoc
3158 562 3442 633 placitum,
3496 563 3565 616 ad
3615 562 3870 634 huncque

2267 659 2594 706 conventum
2629 651 3046 723 praesentialiter
3074 649 3262 706 venire
3293 658 3543 723 satagas,
3591 651 3872 706 adducens

2268 747 2446 796 tecum
2476 740 2765 796 Girardum
2795 735 3198 806 viceoomitem,
3237 737 3557 795 Umbertum
3577 782 3591 806 ,
3624 739 3872 812 Aguvaro

2267 845 2417 895 num,
2451 829 2838 900 lngelbertum,
2873 844 3039 899 super
3067 843 3203 900 quos
3231 828 3348 899 ipse
3377 827 3654 898 reclamat,
3680 837 3873 900 quate-

2268 933 2370 972 nus
2400 932 2544 972 nunc
2572 933 2756 974 coram
2786 916 2944 972 nobis
2977 925 3029 972 et
3056 932 3243 973 coram
3275 932 3422 988 saepe
3451 915 3595 972 dicto
3623 917 3870 990 glorioso

2268 1022 2422 1079 rege,
2455 1015 2564 1060 tam
2593 1005 2854 1062 canonica
2885 1021 3119 1062 censura
3153 1021 3422 1078 quamque
3453 1005 3703 1061 humanae
3729 1005 3870 1077 legis

2269 1095 2500 1160 sancitu,
2532 1095 2674 1150 inter
2703 1111 2821 1162 vos,
2847 1094 3109 1166 quidquid
3139 1102 3332 1150 contra
3360 1093 3443 1150 fas
3474 1102 3527 1150 et
3549 1095 3640 1164 jus
3669 1093 3870 1149 factum

2268 1182 2448 1245 fuerit,
2484 1181 2832 1238 nihilominus
2863 1181 3100 1238 ﬁniatur.
3134 1183 3274 1237 Data
3301 1187 3366 1238 ut
3395 1199 3588 1256 supra.

2977 1271 3152 1326 CLVI.

2883 1361 3062 1429 (Anno
3095 1362 3243 1431 878.)

2513 1449 2788 1505 Bernardi
2819 1451 3040 1505 comitis
3079 1450 3618 1506 excommunicatio.

2279 1593 2288 1600 _
2341 1538 2678 1593 Bernardum
2707 1537 3056 1610 sacrilegum,
3081 1534 3252 1592 ﬁlium
3280 1538 3540 1594 Bernardi
3570 1547 3623 1594 et
3655 1535 3867 1594 Belihil-

2269 1627 2354 1681 dis
2375 1669 2390 1696 ,
2423 1642 2698 1682 sacrarum
2743 1643 2921 1681 rerum
2951 1626 3444 1683 ecclesiasticarum
3483 1643 3866 1698 pervaserem,

572 1713 836 1786 dignitate
892 1723 945 1769 et
1000 1715 1268 1785 probitate
1336 1731 1545 1768 morum
1611 1713 1841 1785 amplius
1905 1729 2170 1784 procures
2201 1715 2549 1801 Bregiaaque
2579 1730 2612 1769 a
2644 1716 2758 1770 Deo
2787 1714 3050 1770 ordinatae
3095 1715 3347 1786 potestati
3393 1715 3864 1784 contradictorem,

574 1801 854 1858 adornari.
911 1803 1178 1873 Scriptum
1216 1819 1314 1873 per
1349 1819 1568 1857 manum
1629 1801 1852 1875 Georgii
1907 1801 2172 1857 scriniarii

541 1891 632 1947 ‘S.
661 1891 725 1946 Β.
759 1891 824 1945 Ε.
857 1891 910 1945 in
943 1907 1132 1946 mense
1180 1890 1520 1962 Septembrio
1565 1891 1860 1946 indictione
1901 1905 2003 1945 xu.
2039 1891 2175 1944 Data

576 1995 675 2034 vut
705 1979 832 2034 Idus
859 1979 1196 2050 Septembris
1226 1996 1322 2050 per
1352 1995 1569 2034 manum
1593 1979 1862 2050 Walperti
1889 1978 2174 2033 humillimi

577 2068 820 2139 episcOpi
849 2077 1053 2124 sanctae
1082 2069 1395 2124 l’ortuensis
1433 2068 1713 2134 Ecclesiae,
1747 2083 1910 2132 anno,
1945 2069 2176 2122 Domino

576 2155 830 2227 propitio,
863 2155 1208 2227 pontiﬁcatus
1255 2157 1458 2212 domini
1505 2157 1676 2211 nostri
1721 2156 1942 2214 Joannis
1981 2155 2175 2210 summi

573 2242 846 2315 pontiﬁcis
885 2253 937 2299 et
981 2245 1300 2300 universalis
1347 2261 1501 2316 papa
1536 2245 1590 2298 in
1635 2245 1996 2300 sacratissima
2046 2244 2176 2299 sede

578 2333 717 2387 beati
755 2333 901 2388 Petri
937 2333 1167 2404 apostoli
1206 2342 1396 2400 sexto,
1446 2333 1739 2389 indictione
1783 2349 1884 2388 xu.
1936 2335 2044 2390 Hoc
2091 2337 2176 2388 est

578 2437 728 2478 anno
759 2423 882 2476 878.
926 2424 1118 2478 Verum
1159 2427 1262 2478 aut
1299 2423 1618 2495 September
1644 2423 1707 2476 in
1737 2422 2043 2483 Octobrem.
2074 2425 2177 2476 aut

575 2509 812 2566 indictio
833 2525 916 2565 xu
936 2513 998 2566 in
1024 2526 1084 2564 x1
1113 2511 1418 2578 mutanda;
1448 2511 1588 2583 quod
1619 2527 1692 2565 ea:
1721 2511 2033 2583 privilegiis
2053 2511 2177 2566 Flo-

579 2600 842 2664 riacensi,
877 2599 1228 2654 Cabilonensi
1249 2600 1488 2671 aliisque
1509 2599 1707 2667 disces,
1735 2599 1868 2654 licet
1888 2615 2001 2654 non
2023 2598 2174 2670 diﬁ‘i-

579 2686 805 2738 teamur
823 2685 886 2738 in
920 2683 1172 2756 antiquis
1201 2683 1600 2755 diplomatibus
1634 2683 2002 2738 indictione‘m
2035 2699 2176 2739 non-

577 2787 872 2843 nunquam
903 2788 1072 2842 usque
1099 2771 1172 2828 ad
1199 2773 1456 2826 natalem
1501 2771 1714 2828 Christi
1755 2771 1903 2826 diem
1931 2775 2030 2826 aut
2059 2773 2175 2842 pri-

579 2859 669 2913 die
707 2859 984 2915 Kalendas
1019 2861 1284 2916 Januarii
1323 2859 1584 2932 protendi
1627 2860 1693 2915 ab
1741 2859 2044 2915 incuriosis
2083 2863 2176 2915 ta-

584 2947 913 3002 bellionibus
951 2948 1287 3004 Iibrariisve.

1287 3037 1463 3092 CLIV.

1197 3126 1379 3197 (Anno
1419 3127 1568 3192 878.)

752 3216 1282 3270 Excommunicatio
1330 3215 1574 3286 [lagonis
1609 3218 1666 3269 et
1695 3215 2004 3269 Emmom‘s.

656 3303 942 3374 Hugonem
982 3302 1215 3357 Lotharii
1273 3301 1424 3374 regis
1485 3302 1758 3372 quondam
1814 3299 2016 3368 ﬁlium,
2068 3317 2178 3356 non

581 3390 904 3464 legitimum,
931 3391 1028 3446 sed
1047 3391 1344 3446 naturalem
1365 3390 1670 3445 adulterina
1691 3390 1885 3461 copula
1913 3391 2174 3462 genitum,

585 3478 676 3550 qui
704 3487 826 3550 post
869 3479 1164 3550 praestitum
1197 3487 1600 3536 sacramentum
1631 3479 1828 3534 dilecto
1857 3478 1966 3534 tilio
1996 3479 2180 3535 Ludo-

581 3567 701 3623 vico
738 3567 857 3639 regi
896 3568 1228 3624 Francorum
1266 3567 1524 3624 mentitus
1562 3584 1684 3623 esse
1722 3567 1960 3638 videtur,
2001 3576 2055 3623 et
2091 3568 2178 3622 in-

579 3655 826 3726 quietare
865 3654 1150 3725 paciﬁcum
1189 3673 1418 3730 regnum
1457 3655 1704 3727 praedicti
1743 3655 1921 3727 regis;
1961 3664 2012 3711 et
2045 3657 2180 3712 Em-

578 3758 816 3811 monem,
849 3745 1114 3798 Bernardi
1145 3745 1359 3800 comitis
1397 3760 1740 3816 germanum,
1774 3745 2095 3816 complicem
2125 3745 2180 3800 in

581 3830 899 3886 excessibus
923 3876 938 3898 ,
979 3832 1083 3886 nisi
1129 3832 1269 3888 intra
1308 3833 1427 3888 dies
1466 3833 1684 3904 triginta
1739 3834 1808 3888 ad
1863 3833 2179 3904 praedictum

583 3919 850 3975 seniorem
891 3937 1046 3975 suum
1087 3921 1378 3988 redierint,
1421 3931 1472 3977 et
1511 3922 1581 3977 ab
1619 3922 1988 3995 inquietudine
2027 3924 2180 3996 regni

583 4008 928 4079 resipuerint,
962 4011 1108 4065 omni
1138 4011 1446 4066 Christiana
1468 4011 1850 4067 communione
1876 4011 2177 4082 privamus.

581 4097 930 4154 Postmodum
961 4099 1006 4152 si
1035 4101 1524 4171 perseveraverint,
1549 4101 1720 4156 sciant
1741 4117 1799 4155 se.
1820 4101 2180 4156 anathematis

582 4185 813 4242 vinculis
840 4188 1199 4244 innodandos.
1238 4191 1394 4256 Data,
1429 4199 1532 4245 etc.

1006 4381 1077 4418 AD
1109 4381 1448 4420 BERNARDUM
1477 4381 1726 4422 COHITBI
1737 4409 1750 4422 .

1191 4437 1372 4506 (Anno
1411 4439 1562 4507 878.)

580 4525 740 4581 lubet
771 4528 837 4580 ut
869 4525 990 4596 ipse
1019 4540 1150 4580 cum
1185 4525 1318 4579 aliis
1351 4525 1680 4596 quibusdam
1709 4525 1782 4581 ad
1810 4526 2078 4596 synodum
2097 4544 2180 4583 ve-

653 4597 799 4664 niat,
835 4595 903 4649 in
928 4611 1037 4720 qua
1078 4595 1367 4650 Fretarius
1397 4596 1768 4652 Bituricensis
1803 4598 2093 4668 episcopus
2113 4599 2180 4654 de

654 4667 862 4720 obiecto
878 4665 927 4720 si
963 4668 983 4720 i
1002 4665 1661 4720 inﬁdelitatisfcrimine.
1695 4683 1936 4720 ouroare
1955 4684 2014 4720 se
2046 4670 2180 4720 vole-

654 4667 862 4790 pbjéecto
878 4665 983 4720 sibi
1002 4665 1661 4738 inﬁdelitatisjcrimine,
1690 4665 1936 4738 purgare
1955 4665 2014 4722 se
2046 4670 2180 4724 vole-

667 4753 719 4791 Ia
754 4779 766 4790 .

653 4825 958 4878 Benusnuo
995 4825 1198 4880 comiti.

653 4911 841 4966 Relatu
874 4913 1127 4968 videlicet
1158 4912 1392 4968 hominis
1439 4913 1713 4985 pontificio
1742 4925 1931 4972 nostro
1963 4917 2180 4973 nuntia-

581 5008 694 5054 tum
725 5009 807 5054 est
838 5001 982 5070 quod
1015 5000 1289 5056 Frotarius
1320 5003 1646 5058 venerabilis
1678 5004 1968 5076 episcopus
1997 5006 2182 5061 civita-

581 5095 687 5142 tem
720 5087 1013 5158 Biturigam
1041 5089 1273 5144 inimicis
1305 5092 1468 5146 vestri
1497 5091 1726 5147 senioris
1761 5093 1966 5148 domini
1995 5095 2179 5149 Ludo-

579 5175 682 5232 vici
713 5175 934 5246 gloriosi
974 5178 1120 5249 regis
1159 5179 1377 5234 tradere
1417 5180 1692 5246 maluerit,
1734 5182 1856 5238 ideo
1896 5183 2025 5238 illuc
2065 5183 2180 5254 ipse

580 5264 911 5321 contendere
961 5267 1265 5322 studueras.
1316 5270 1458 5325 Ecce
1498 5269 1640 5324 enim
1681 5271 1823 5326 idem
1858 5273 1968 5342 jam
2008 5271 2182 5328 dictus

581 5353 868 5425 episcopus
897 5355 1072 5421 nobis,
1105 5364 1287 5412 nostro
1320 5365 1372 5412 et
1400 5357 1509 5414 ﬁlio
1561 5359 1782 5430 praefato
1826 5361 1942 5433 regi
1980 5361 2184 5432 glorio-

582 5442 820 5504 sissimo.
855 5459 1021 5514 super
1052 5445 1153 5500 hoc
1183 5445 1476 5501 reclamare
1509 5448 1727 5516 studuit,
1753 5449 1940 5504 dicens
1962 5465 2021 5504 se
2045 5449 2184 5504 velle

584 5531 636 5585 in
667 5531 918 5586 omnibus
966 5532 1060 5586 tibi
1090 5542 1137 5588 et
1169 5535 1274 5589 tuis
1305 5535 1372 5589 de
1409 5535 1678 5590 universis
1721 5537 1949 5607 objectis
1995 5546 2182 5593 contra

2207 4456 2260 4516 D

2273 1819 2306 1859 a
2328 1803 2546 1874 proprio
2575 1803 2990 1874 archiepiscopo
3027 1803 3290 1869 Frotario,
3321 1805 3408 1859 cui
3438 1812 3492 1858 et
3521 1803 3790 1859 civitatem
3818 1813 3872 1860 et

2274 1891 2452 1947 omnia
2481 1909 2604 1964 qua:
2648 1892 2834 1946 habuit
2878 1891 3108 1956 sustulit,
3139 1891 3296 1946 tertio
3326 1901 3597 1958 vocatum,
3628 1909 3660 1947 a
3686 1901 3871 1948 nostra

2276 1988 2456 2035 autem
2485 1980 2780 2051 apostolica
2809 1980 3131 2036 auctoritate
3159 1980 3262 2045 bis,
3298 1988 3363 2064 et.
3382 1997 3413 2036 a
3445 1981 3595 2053 regia
3629 1981 3872 2036 sublimi-

2275 2076 2385 2124 tate
2425 2069 2596 2124 semel
2637 2076 2964 2134 revocatum,
2996 2069 3183 2124 venire
3230 2069 3504 2124 nolentem
3534 2078 3587 2125 et
3614 2069 3670 2124 in
3697 2069 3874 2141 perti-

2277 2159 2433 2214 nacia
2477 2174 2571 2212 sua
2611 2166 3019 2228 permanentem
3055 2176 3066 2212 :
3103 2157 3192 2228 qui
3240 2158 3400 2214 etiam
3447 2158 3516 2212 ab
3563 2159 3874 2214 hominibus

2276 2247 2388 2300 suis
2437 2255 2830 2301 sacramentum
2873 2246 3178 2302 damnabile
3209 2255 3262 2302 et
3293 2247 3679 2318 damnandum,
3711 2246 3874 2303 blan-

2276 2335 2420 2390 ditiis
2457 2344 2510 2390 et
2548 2335 2852 2390 terroribus
2891 2335 3173 2407 tyrannica
3230 2343 3420 2391 contra
3457 2335 3640 2391 divina
3678 2345 3729 2392 et
3768 2337 3874 2392 hu-

2275 2439 2436 2478 mana
2475 2425 2596 2493 jura
2645 2423 2886 2490 extorsit,
2917 2441 2947 2477 a
2979 2439 3202 2495 corpore
3249 2433 3299 2478 et
3347 2425 3614 2498 sanguine
3656 2424 3872 2481 Domini

2276 2512 2445 2568 nostri
2475 2512 2603 2566 Jesu
2634 2511 2830 2566 Christi
2873 2511 3108 2568 alienum
3152 2513 3516 2581 decernimus,
3549 2521 3602 2568 et
3629 2513 3698 2568 ab
3727 2515 3874 2569 omni

2277 2599 2700 2656 Christianorum
2743 2601 3002 2656 societate
3050 2617 3384 2672 separamus,
3419 2619 3591 2674 usque
3637 2602 3767 2658 dum
3806 2603 3874 2658 ad

2275 2689 2605 2762 condignam
2679 2689 3102 2745 satisfactionem
3176 2690 3563 2746 emendaturus
3636 2691 3871 2747 accedat.

2277 2776 2435 2846 Quod
2488 2777 2532 2831 si
2583 2793 2686 2834 nec
2741 2778 2828 2834 hic
2883 2779 3287 2847 emendaverit,
3349 2787 3402 2834 et
3461 2795 3526 2834 ea
3579 2796 3702 2852 qua
3755 2795 3876 2835 reus

2277 2867 2416 2921 adeo
2469 2867 2742 2922 communi
2791 2866 2996 2936 judicio
3053 2883 3276 2921 suorum
3328 2865 3569 2922 fidelium
3623 2867 3875 2934 abstulit,

2278 2954 2544 3010 violenter
2587 2962 2772 3010 tenere
2821 2963 2872 3010 et
2917 2953 3164 3010 ﬁdelibus
3212 2955 3324 3010 suis
3361 2955 3416 3010 in
3455 2957 3558 3012 hoc
3610 2955 3879 3028 refragari

2279 3043 2586 3106 tentaverit,
2621 3045 2976 3098 anathematis
3005 3043 3222 3100 vinculo
3255 3043 3426 3101 sancti
3457 3044 3689 3116 Spiritus
3719 3044 3881 3118 [adde

2281 3130 2622 3205 auctoritate]
2653 3131 2996 3187 innodamus.
3031 3131 3352 3204 Quicunque
3401 3141 3580 3189 autem
3611 3135 3660 3188 ei
3690 3143 3879 3189 contra

2280 3221 2416 3275 hanc
2445 3221 3056 3276 excommunicationem
3087 3221 3606 3278 communicaverint
3635 3231 3722 3277 aut
3753 3238 3882 3279 con-

2281 3309 2568 3376 senserint,
2601 3326 2702 3364 nos
2747 3310 3042 3380 prohibere
3091 3326 3202 3366 non
3247 3326 3536 3382 possumus
3569 3319 3625 3366 ut
3655 3311 3747 3384 qui
3776 3327 3877 3367 ex-

2279 3398 2692 3454 communicatis
2721 3399 3261 3464 communicaverint,
3286 3415 3395 3455 non
3423 3401 3542 3472 pari
3571 3406 3878 3456 excommu'

2281 3487 2534 3542 nicationi
2568 3487 2900 3556 subjaceant.

2973 3585 3174 3642 CLVII.

2378 3689 2448 3728 AD
2488 3689 2828 3730 ADAIARDUM
2865 3689 3342 3730 ABCHIEPISCOPUM
3379 3691 3772 3732 TURONENSEM.

2899 3765 3078 3835 (Anno
3113 3766 3262 3836 8'78.)

2285 3851 2592 3920 Conﬁrmat
2633 3853 2928 3924 privilegia
2959 3853 3220 3909 Ecclesiae
3257 3855 3564 3911 Turonensi
3592 3871 3873 3912 concessa.

2351 3941 2826 3996 Reverendissimo
2855 3950 2908 3997 et
2939 3941 3280 3998 sanctissimo
3310 3944 3614 3997 ADALARDO
3645 3959 3876 3999 venera-

2281 4029 2374 4084 bili
2403 4029 2814 4101 archiepiscopo
2844 4031 3167 4102 Turonensi,
3199 4031 3718 4104 successoribusque
3747 4033 3874 4103 tuis,

2281 4134 2382 4174 nec
2414 4135 2522 4174 non
2553 4127 2605 4174 et
2634 4119 2886 4174 omnibus
2915 4117 3166 4175 fidelibus
3214 4127 3413 4176 sanctae
3456 4120 3555 4175 Dei
3597 4121 3875 4190 Ecclesiae,

2281 4207 2643 4278 praesentibus
2671 4207 2876 4263 scilicet
2907 4217 3070 4280 atque
3099 4207 3313 4264 futuris.

2353 4297 2520 4352 Decet
2567 4297 2863 4352 Romanam
2914 4297 3238 4363 Ecclesiam,
3286 4313 3407 4368 quae
3447 4305 3622 4352 mater
3649 4307 3727 4352 est
3755 4313 3878 4354 orn-

2280 4384 2430 4438 nium
2459 4385 2558 4439 Dei
2583 4385 2968 4449 Ecclesiarum,
2990 4394 3046 4440 ut
3068 4393 3268 4458 quanta
3289 4386 3436 4458 viget
3457 4385 3718 4458 dignitate
3739 4403 3878 4458 prte-

2281 4474 2442 4539 clara,
2463 4490 2528 4528 eo
2546 4473 2722 4546 magis
2737 4475 3000 4530 consistat
3016 4473 3070 4528 in
3085 4473 3463 4530 misericordia
3482 4475 3590 4545 pia,
3612 4483 3878 4546 quatenus

2281 4579 2404 4634 quas
2431 4562 2596 4634 digna
2639 4563 2978 4634 postulantur
3007 4579 3037 4617 a
3069 4561 3342 4630 ﬁdelibus,
3394 4563 3509 4619 sine
3553 4579 3708 4618 mora
3753 4579 3876 4620 cum

2281 4651 2478 4720 pietate
2508 4650 2694 4724 largiri
2743 4661 3054 4706 mereantur
3082 4667 3111 4704 a
3141 4651 3317 4706 nobis.
3351 4650 3604 4707 Omnium
3635 4659 3876 4707 vestrum

2283 4737 2687 4807 religiositatem
2717 4741 2966 4797 volumus
2997 4744 3138 4800 scire
3167 4743 3400 4801 ﬁdeliter
3446 4747 3702 4820 quoniam
3747 4765 3876 4820 pre-

2281 4827 2489 4898 sbyteri
2517 4827 2772 4884 dioecesis
2801 4831 3055 4888 Turonici
3093 4834 3222 4905 pagi
3251 4835 3320 4890 ad
3349 4844 3592 4891 nostrum
3622 4852 3877 4893 accesse-

2282 4923 2405 4970 runt
2434 4915 2790 4989 pontiﬁcium,
2823 4929 3186 4994 suggerentes
3216 4932 3272 4978 ut
3301 4922 3641 4980 ﬁrmaremus
3669 4934 3878 4997 aposto-

2282 5004 2387 5060 lica
2435 5006 2754 5062 auctoritate
2793 5009 2897 5063 illis
2929 5018 2978 5065 et
3009 5011 3304 5082 capitulare
3356 5029 3547 5087 regum
3578 5023 3628 5070 et
3659 5015 3877 5086 coepis-

2284 5110 2544 5165 coporum
2595 5096 2888 5167 scriptum,
2923 5107 2980 5153 ut
3021 5100 3216 5155 debeat
3261 5117 3602 5175 unaquaeque
3649 5103 3879 5160 ecclesia

2283 5183 2560 5254 proprium
2610 5202 2856 5240 mansum
2904 5188 3102 5244 habere
3129 5206 3254 5244 cum
3297 5191 3580 5263 mancipiis
3630 5201 3876 5264 quatuor,

2285 5271 2489 5340 vincas,
2519 5274 2810 5346 aripennos
2831 5285 2962 5342 tres,
2984 5286 3135 5348 prata
3156 5279 3420 5347 similiter,
3440 5289 3493 5336 et
3509 5281 3878 5338 cosmeterium

2285 5376 2408 5416 cum
2455 5363 2846 5432 mansionibus,
2891 5366 3008 5422 sine
3055 5368 3328 5438 personali
3373 5378 3427 5426 et
3468 5371 3612 5428 civili
3656 5387 3878 5426 munere

2283 5451 2574 5524 exigendo,
2627 5453 2730 5508 nisi
2783 5455 2967 5512 divino
3021 5455 3362 5514 solummodo
3403 5460 3456 5514 in
3493 5459 3878 5516 ecclesiasticis

2285 5539 2448 5594 rebus
2478 5541 2761 5614 obsequio.
2795 5543 2951 5599 sicuti
2981 5559 3254 5600 canonum
3297 5548 3476 5620 prisca
3508 5549 3795 5605 auctoritas
3827 5557 3875 5602 et
