4160 6338
515 180 613 234 803

1780 171 2074 228 ιυΑΝΝιδ
2137 169 2326 224 ΡΑΡίΕ
2386 171 2500 226 Vill
2515 213 2526 224 .

3709 167 3814 225 804

511 306 719 377 absque
759 303 1014 360 dilatione
1057 301 1318 365 debeatis,
1369 317 1437 356 ne
1486 299 1764 371 querendo
1816 294 2104 353 assumatis
2133 294 2324 354 Alum
2351 295 2420 350 de
2449 293 2722 366 episcopis
2751 295 2838 351 vel
2886 287 3282 360 sacerdotibus,
3329 294 3416 352 vel
3464 294 3534 350 de
3575 293 3810 366 quibus-

514 389 758 445 laborem
785 405 888 459 pro
917 386 1013 442 tali
1043 385 1284 460 negotio.
1318 383 1582 455 Optamus
1613 382 1999 440 fraternitatem
2024 397 2112 436 ve-

517 486 685 534 stram
713 479 767 532 in
798 477 1014 533 Christo
1043 476 1183 530 bene
1212 473 1416 530 valere.

1223 563 1408 618 CLXI.
1943 627 1947 630 λ

639 669 1000 710 Ριιινιιιιξϐιωί
1037 669 1145 708 PRO
1183 665 1539 706 MONASTERIO
1585 663 1986 704 V'IZELIACENSI.

1139 741 1320 813 (Anno
1349 739 1503 809 8’78.)

643 833 1070 902 Conﬁrmantur
1101 830 1498 886 immunitates
1527 828 1664 883 olim
1701 842 1994 884 concessae.

957 920 1116 985 (Apud
1139 919 1403 970 Acherium
1427 915 1681 981 Spicileg.)

591 1007 847 1060 Josxxns
877 1003 1166 1075 episcopus
1195 1018 1387 1058 servus
1427 1015 1711 1055 servorum
1751 999 1851 1054 Dei
1901 998 2120 1053 EUDONI

523 1093 823 1151 venerabili
877 1091 1057 1147 abbati
1107 1089 1492 1146 Vizeliacensis
1533 1087 1768 1145 coenobii
1795 1131 1808 1154 ,
1864 1087 2125 1159 omnique.

491 1182 934 1262 congregationi
968 1180 1208 1250 ejusdem
1241 1177 1560 1234 monasterii
1583 1177 1639 1232 in
1669 1185 2010 1249 perpetuum.

597 1271 822 1340 Quoties
850 1269 946 1325 illa
973 1268 1137 1324 tribui
1164 1285 1193 1322 a
1231 1265 1390 1324 nobis
1438 1273 1712 1339 optantur,
1765 1282 1888 1336 quae
1931 1265 2124 1320 rationi

525 1363 905 1418 incunctanter
951 1357 1300 1421 conveniunt,
1350 1355 1531 1411 animo
1578 1369 1678 1411 nos
1735 1355 1896 1409 debet
1937 1352 2128 1408 libenti

525 1449 848 1516 concedere,
897 1455 950 1502 et
996 1445 1291 1517 petentium
1341 1443 1626 1500 desideriis
1669 1458 1972 1516 congruum
2017 1442 2109 1496 im-

525 1535 716 1610 pei'tiri
745 1535 1087 1608 suffragium.
1122 1536 1298 1604 Atque
1327 1533 1452 1588 ideo
1480 1532 1605 1604 quia
1648 1531 1931 1603 postulasti
1960 1546 1994 1586 a
2021 1545 2124 1585 no-

2213 399 2424 456 cunque
2453 381 2722 450 fidelibus,
2771 399 2871 454 per
2917 399 2996 451 se,
3050 383 3458 454 suppositamve
3497 397 3810 454 personam,

2215 471 2283 526 de
2311 472 2648 528 ordinatione
2677 472 2920 542 ejusdem
2947 471 3177 533 abbatis,
3211 471 3299 528 vel
3343 471 3684 537 clericorum,
3719 479 3816 527 aut

2215 561 2660 631 presbyterorum
2678 604 2691 628 ,
2750 561 2838 617 vel
2891 561 2959 617 de
3008 561 3297 634 largitione
3344 559 3674 627 chrismatis,
3723 567 3814 614 aut

2216 649 2630 706 consecratione
2657 649 2913 718 basilica,
2965 651 3054 704 vel
3093 649 3162 704 de
3194 649 3606 722 quibuscunque
3632 646 3816 707 causis

2217 737 2287 792 ad
2316 737 2459 793 idem
2488 737 2878 794 monasterium
2908 737 3327 809 pertinentibus,
3374 737 3576 794 audere
3605 737 3660 792 in
3689 752 3818 808 qua-

2215 825 2344 881 libet
2374 825 2556 897 specie
2585 818 2766 882 exenii
2807 825 2930 883 loco
2977 825 3268 898 quidquam
3316 825 3586 897 accipere,
3635 841 3816 897 neque

2219 915 2470 970 eumdem
2499 901 2750 970 abbatem
2777 931 2880 986 pro
2908 915 3247 972 ordinatione
3292 931 3388 970 sua
3436 914 3643 986 aliquid
3685 915 3819 972 dare

2219 1019 2569 1076 praesumere,
2603 1021 2671 1059 ne
2699 1005 2806 1060 hac
2845 1003 3153 1072 occasione,
3205 1020 3272 1060 ea
3320 1020 3440 1076 quae
3487 1019 3522 1059 a
3565 1002 3819 1060 ﬁdelibus

2221 1093 2312 1164 pio
2338 1093 2460 1150 loco
2490 1091 2788 1149 offeruntur
2831 1101 3238 1150 consumantur.
3288 1093 3478 1165 Neque
3524 1093 3820 1164 episcOpus

2223 1181 2456 1238 civitatis
2482 1181 2652 1255 ipsius
2681 1181 2968 1254 parochias,
3000 1181 3114 1262 nisi
3135 1183 3203 1236 ab
3223 1181 3416 1237 abbate
3438 1181 3611 1254 ipsius
3628 1197 3822 1238 mona-

2225 1271 2377 1326 sterii
2406 1270 2678 1338 invitatus,
2709 1270 2914 1328 ibidem
2940 1269 3190 1342 publicas
3216 1269 3415 1326 missas
3443 1278 3592 1344 agat,
3639 1285 3822 1343 neque

2227 1359 2487 1416 stationes
2517 1359 2573 1415 in
2610 1360 2800 1416 eodem
2849 1359 3102 1416 coenobio
3149 1359 3373 1428 indicat,
3422 1374 3492 1414 ne
3533 1375 3821 1416 servorum

2227 1448 2326 1504 Dei
2371 1449 2526 1520 quies
2574 1449 2956 1521 quoquomodo
3001 1448 3250 1520 populari
3295 1455 3564 1504 conventu
3606 1457 3824 1520 pertur-

2227 1537 2345 1592 bari
2373 1537 2571 1607 valeat,
2603 1553 2782 1608 neque
2811 1543 3053 1608 paratas,
3077 1545 3172 1592 aut
3189 1536 3609 1594 mansionaticos
3628 1537 3826 1596 exinde

527 1627 610 1682 bis
639 1633 906 1698 quatenus
937 1623 1280 1695 privilegium
1310 1621 1457 1676 sedis
1495 1621 1807 1692 apostolicae
1844 1627 2126 1676 monaste-
2157 1648 2210 1708 B
2229 1633 2522 1698 praesumat
2549 1625 2792 1699 exigere.
2824 1625 3236 1698 Susceptionem
3265 1633 3446 1680 autem
3492 1624 3732 1680 ﬁdelium
3770 1635 3828 1680 et

525 1716 610 1770 rio
641 1713 928 1778 Vizeliaco,
961 1711 1049 1768 cui
1079 1727 1317 1782 prmesse
1345 1709 1711 1781 dignosceris,
1745 1708 1891 1782 quod
1918 1715 2132 1764 constat

527 1803 656 1860 olim
687 1820 719 1858 a
746 1801 994 1858 Gerardo
1023 1799 1362 1857 nobilissimo
1393 1806 1445 1854 et
1483 1797 1948 1854 Christianissimo
1993 1795 2130 1862 viro,

527 1908 743 1949 necnon
783 1898 837 1948 et
882 1891 1044 1945 Berta
1092 1904 1263 1946 uxore
1311 1889 1430 1956 ejus
1476 1887 1532 1943 in
1570 1885 2036 1943 honore'Domini
2081 1892 2134 1940 et

534 1979 834 2037 Salvatoris
863 1978 1032 2035 nostri
1060 1979 1190 2034 Jesu
1220 1976 1416 2033 Christi
1445 1985 1498 2031 et
1543 1975 1886 2031 veneratione
1935 1973 2133 2030 beatis-

536 2069 689 2125 sima:
720 2084 939 2139 semper
965 2065 1194 2138 virginis
1222 2065 1402 2120 Mariae
1433 2063 1710 2136 genitricis
1739 2063 1985 2132 ejusdem
2017 2063 2133 2117 Do-

533 2157 668 2214 mini
696 2155 867 2213 nostri
896 2155 1026 2211 Jesu
1058 2153 1256 2209 Christi
1282 2160 1690 2219 constructum;
1723 2152 1778 2206 in
1820 2167 1993 2223 regno
2024 2151 2134 2207 sci-

537 2247 665 2302 licet
693 2243 1044 2317 Burgundiae,
1079 2242 1132 2296 in
1163 2257 1306 2315 pago
1336 2241 1592 2298 Avalensi
1614 2241 1868 2313 quodque
1894 2239 2136 2312 aprtefa-

455 2385 460 2393 .
535 2336 604 2391 tis
651 2333 1029 2390 fundatoribus
1070 2333 1227 2388 beato
1277 2333 1438 2387 Petro
1485 2331 1855 2402 apostolorum
1903 2329 2137 2400 principi

535 2425 626 2496 pia
651 2423 940 2480 devotione
971 2429 1024 2477 et
1052 2419 1359 2476 testamenti
1389 2420 1590 2493 pagina
1619 2419 1876 2476 collatum
1907 2427 2006 2485 est,
2050 2417 2137 2473 fa-

535 2529 662 2568 cere
707 2512 1031 2568 deberemus
1078 2528 1091 2564 :
1140 2508 1380 2566 inclinati
1421 2508 1675 2580 precibus
1722 2507 1855 2574 tuis,
1911 2507 2140 2563 libenter

539 2601 656 2658 ﬁeri
687 2601 1046 2668 decrevimus,
1079 2615 1180 2670 per
1211 2598 1355 2669 quod
1385 2597 1642 2653 nimirum
1689 2596 2002 2668 apostolicae
2045 2612 2138 2652 se-

537 2689 624 2744 dis
670 2689 1014 2761 privilegium
1064 2684 1475 2754 confirmamus,
1525 2695 1689 2758 atque
1737 2685 2038 2751 statuimus,
2084 2693 2142 2740 ut

540 2777 676 2834 nulli
705 2793 921 2850 regum,
955 2775 1088 2831 nulli
1131 2775 1448 2840 antistitum,
1499 2775 1634 2830 nulli
1683 2774 1959 2845 comitum,
2009 2773 2143 2828 nulli

540 2867 794 2938 cuiquam
827 2865 918 2920 alii
947 2865 1108 2920 liceat
1134 2864 1314 2936 ipsum
1359 2863 1752 2920 monasterium
1798 2863 2139 2934 perturbare,

2231 1713 2614 1786 religiosorum
2668 1713 2908 1769 virorum
2965 1721 3126 1786 atque
3173 1711 3616 1781 beneﬁcentiam,
3662 1729 3828 1786 quam

2227 1803 2377 1872 jubet
2405 1802 2696 1874 Apostolus
2725 1801 2932 1859 cunctis
2961 1801 3321 1858 exhibendam
3339 1819 3440 1874 pro
3467 1802 3828 1874 possibilitate

2232 1891 2339 1946 loci
2367 1897 2419 1946 et
2443 1889 2779 1957 facultatum,
2811 1907 2920 1946 non
2949 1890 3113 1946 modo
3151 1890 3353 1946 ibidem
3399 1889 3516 1946 fieri
3546 1890 3697 1964 [non]
3725 1891 3834 1948 de-

2235 1995 2522 2053 negamus,
2554 1995 2743 2036 verum
2776 1979 2940 2035 etiam
2969 1979 3260 2036 suademus
3292 1995 3305 2034 :
3340 1979 3440 2035 sed
3468 1987 3519 2036 et
3556 1979 3752 2036 modus
3775 1979 3832 2034 in

2235 2084 2462 2124 numero
2511 2067 2952 2142 congregationis
2996 2069 3134 2124 adeo
3171 2077 3528 2125 conservetur
3549 2109 3564 2138 ,
3624 2077 3684 2124 ut
3729 2084 3834 2125 nec

2235 2157 2520 2229 pluralitas
2551 2157 2852 2229 penuriam,
2887 2173 2988 2214 nec
3015 2157 3258 2229 paucitas
3283 2156 3696 2214 inhabitantium
3729 2158 3832 2214 de-

2237 2247 2571 2303 stitutionem
2599 2245 2708 2303 loci
2753 2247 3012 2302 inducere
3055 2246 3252 2302 valeat.
3301 2245 3652 2320 Privilegium
3697 2261 3836 2319 quo-

2239 2353 2345 2407 que
2375 2353 2402 2390 a
2433 2336 2842 2407 praedecessore
2871 2343 3058 2391 nostro
3086 2335 3192 2407 piae
3232 2335 3512 2393 memoria
3553 2352 3691 2408 papa
3737 2335 3836 2391 Ni-

2237 2424 2394 2481 colao
2422 2425 2600 2480 eidem
2630 2424 2964 2480 monasterio
2993 2424 3252 2481 collatum
3298 2433 3480 2480 nostra
3515 2425 3836 2482 auctoritate

2239 2513 2640 2580 conﬁrmamus,
2673 2520 2898 2584 excepto
2927 2513 3186 2568 duntaxat
3238 2513 3385 2585 quod
3432 2513 3552 2585 ipse
3593 2513 3698 2570 sub
3739 2529 3841 2570 no-

2240 2603 2386 2658 mine
2413 2601 2732 2657 ancillarum
2763 2601 2865 2657 Dei
2895 2617 3015 2673 quae
3064 2601 3262 2656 ibidem
3309 2617 3412 2672 pro
3453 2601 3663 2658 crebris
3699 2601 3838 2659 infe-

2242 2691 2564 2746 stationibus
2621 2690 2806 2748 saeculi
2859 2705 3005 2747 nunc
3053 2689 3422 2746 ordinabiliter
3465 2706 3691 2746 manere
3735 2707 3838 2747 ne-

2242 2787 2463 2853 queunt,
2496 2779 2630 2834 illud
2661 2779 2934 2851 delegavit
2965 2797 2979 2834 :
3012 2793 3114 2836 nos
3142 2794 3276 2835 vero
3323 2778 3548 2852 aptioris
3593 2778 3838 2836 utilitatis

2243 2869 2436 2942 gratia,
2481 2869 2582 2923 sub
2625 2867 2812 2924 habitu
2859 2868 3252 2924 monachorum
3304 2883 3428 2924 esse
3472 2875 3842 2942 congruenter

541 2955 628 3012 vel
672 2971 740 3010 ea
785 2971 906 3026 quae
944 2953 1021 3008 ibi
1067 2970 1099 3008 a
1133 2953 1246 3022 jam
1291 2953 1452 3008 dictis
1497 2952 1889 3018 fundatoribus,
1939 2951 2026 3007 vel
2073 2951 2141 3006 ab
2171 3004 2218 3029 Π
2244 2957 2608 3014 decernimus.
2643 2957 2700 3012 Si
2729 2956 2850 3029 quis
2879 2971 3012 3014 vero
3039 2972 3254 3029 regum,
3299 2955 3704 3028 episcoporum,
3745 2973 3840 3014 sa-

539 3043 662 3100 aliis
685 3042 939 3100 ﬁdelibus
965 3043 1146 3099 oblata
1175 3049 1318 3109 sunt,
1351 3042 1439 3098 vel
1466 3042 1524 3097 in
1551 3042 1790 3096 futurum
1817 3040 2006 3096 offerri
2020 3055 2142 3097 con-

539 3132 740 3206 tigerit,
791 3133 893 3188 sub
939 3131 1228 3201 cujuslibet
1273 3147 1474 3197 causae,
1521 3130 1892 3188 occasionisve
1940 3129 2143 3200 specie,

539 3221 808 3291 minuere,
843 3221 930 3277 vel
957 3220 1193 3288 auferre,
1226 3220 1342 3276 sive
1373 3220 1488 3276 suis
1515 3220 1703 3275 usibus
1733 3219 2028 3291 applicare,
2050 3217 2147 3274 sed

541 3311 659 3366 sine
688 3309 1067 3382 inquietudine
1114 3309 1172 3364 in
1219 3309 1612 3366 sustentatione
1663 3308 1908 3377 ejusdem
1952 3322 2149 3362 mona-

543 3399 716 3465 sterii,
749 3405 803 3455 et
833 3398 1026 3452 usibus
1059 3398 1319 3454 abbatum
1366 3405 1420 3452 et
1465 3398 1858 3453 monachorum
1907 3396 2006 3452 sub
2054 3412 2148 3453 re-

546 3487 678 3561 gula
703 3486 874 3542 sancti
904 3486 1080 3542 Patris
1110 3485 1386 3542 Benedicti
1413 3485 1489 3540 ibi
1517 3487 1634 3541 Deo
1670 3485 2016 3542 militantium
2047 3499 2150 3541 vo-

543 3577 720 3632 lumus
749 3591 817 3631 ea
845 3584 899 3630 et
924 3575 1276 3646 praecipimus
1307 3573 1582 3645 possideri
1613 3591 1626 3628 :
1659 3590 1724 3630 ea
1751 3574 2006 3630 videlicet
2029 3589 2155 3630 con-

541 3665 768 3730 ditione,
802 3671 862 3718 ut
907 3664 1094 3718 nullus
1144 3678 1530 3719 successorum
1577 3671 1886 3718 nostrorum
1929 3661 2154 3734 pontiﬁ-

545 3769 672 3810 cum
697 3753 754 3806 in
781 3754 888 3808 hac
913 3759 1104 3808 sancta
1135 3752 1286 3817 sede,
1321 3751 1406 3806 cui
1437 3760 1658 3808 auctore
1688 3753 1824 3817 Deo,
1860 3752 2146 3817 servimus,

547 3857 784 3913 unquam
815 3841 902 3896 vel
932 3857 1166 3912 usquam
1195 3839 1457 3912 quiddam
1483 3856 1550 3895 ex
1579 3840 1788 3896 eisdem
1819 3841 1986 3896 rebus
2029 3841 2151 3897 cui-

550 3947 712 4002 quam
741 3928 1088 3994 beneﬁciare,
1117 3937 1474 3996 commutare,
1507 3937 1597 3983 aut
1627 3929 1728 3984 sub
1761 3945 1926 3984 sensu
1972 3929 2151 4002 quoli-

548 4018 639 4074 bet
667 4017 972 4076 concedere
1003 4033 1103 4089 per
1133 4017 1308 4073 futura
1339 4025 1585 4090 tempora
1615 4018 1870 4089 patiatur,
1904 4019 2001 4074 sed
2025 4034 2149 4075 cen-

553 4125 678 4164 sum
707 4107 1080 4164 tantummodo
1111 4106 1166 4162 in
1195 4115 1518 4164 testamento
1559 4107 1866 4164 traditionis
1895 4123 1926 4162 a
1957 4107 2156 4164 funda-

549 4197 762 4254 toribus
819 4196 912 4270 qui
972 4213 1038 4251 ex
1093 4196 1287 4252 eodem
1342 4197 1674 4253 monasterio
1727 4197 1867 4254 hanc
1920 4205 2157 4253 sanctam

557 4286 834 4343 haeredem
862 4286 1164 4342 Romanam
1196 4285 1440 4341 fecerunt
1469 4285 1778 4342 Ecclesium
1807 4287 1970 4341 etiam
1999 4285 2156 4342 dele-

2171 3004 2222 3067 Ο

2247 3042 2548 3106 cerdotum,
2575 3041 2852 3109 abbatum,
2877 3041 3124 3110 judicum
3161 3039 3438 3111 comitum,
3487 3048 3576 3096 aut
3622 3041 3844 3098 secula-

2247 3131 2389 3186 rium
2416 3145 2819 3203 personarum,_
2844 3137 3034 3186 contra
3079 3130 3217 3186 hanc
3258 3137 3460 3185 nostrae
3496 3129 3846 3187 institutionis

2247 3219 2505 3293 paginam
2560 3219 2748 3275 venire
2807 3219 3094 3275 tentaverit
3113 3262 3126 3286 ,
3193 3234 3491 3290 percussus
3546 3218 3846 3290 apostolico

2249 3309 2612 3375 anathemate,
2651 3307 2937 3380 potestatis
2978 3307 3269 3363 honorisve
3317 3307 3400 3362 sui
3445 3307 3710 3380 dignitate
3751 3321 3848 3364 ca-

2251 3407 2388 3464 reat,
2422 3414 2688 3470 reumque
2729 3413 2790 3453 se
2836 3411 3024 3453 coram
3067 3396 3250 3452 divino
3296 3395 3500 3466 judicio
3527 3403 3846 3470 cognoscat,

2251 3495 2302 3542 et
2331 3485 2436 3542 nisi
2466 3501 2532 3542 ea
2561 3501 2683 3558 qua:
2711 3503 2743 3540 a
2771 3502 2831 3542 se
2864 3485 3008 3541 male
3038 3493 3156 3541 acta
3189 3492 3314 3540 sunt
3341 3483 3646 3552 deﬂeverit,
3693 3499 3729 3540 a
3757 3500 3852 3540 sa-

2253 3575 2557 3632 cratissimo
2587 3590 2817 3647 corpore
2846 3573 3066 3630 Domini
3092 3573 3268 3630 nostri
3311 3574 3440 3630 Jesu
3489 3574 3692 3630 Christi
3731 3573 3858 3631 alie-

2253 3681 2356 3721 nus
2385 3663 2496 3728 ﬁat,
2533 3671 2696 3737 atque
2723 3671 2925 3720 aeterno
2956 3662 3188 3720 examini
3207 3661 3467 3720 districta
3485 3661 3705 3718 ultionis
3726 3662 3857 3718 sub-

2247 3754 2442 3824 jaceat.
2479 3753 2700 3810 Cunctis
2729 3760 2913 3808 autem
2946 3751 3123 3808 eidem
3157 3751 3278 3809 loco
3317 3753 3466 3822 justa
3512 3751 3855 3808 servantibus

2255 3843 2321 3897 sit
2349 3859 2452 3912 pax
2483 3841 2700 3896 Domini
2728 3841 2899 3896 nostri
2941 3842 3071 3896 Jesu
3118 3839 3340 3907 Christi,
3389 3847 3658 3912 quatenus
3685 3847 3740 3896 et
3765 3839 3857 3896 hic

2256 3931 2488 3988 fructum
2517 3930 2675 3986 bonae
2703 3929 2932 3986 actionis
2964 3928 3248 4000 recipiant,
3282 3937 3336 3984 et
3363 3929 3508 4000 apud
3547 3928 3854 3984 districtum

2249 4019 2492 4089 judicem
2522 4018 2747 4090 prmmia
2773 4027 2989 4076 aeternae
3018 4005 3168 4090 pacis
3195 4017 3487 4074 inveniant.

2327 4110 2524 4164 Datum
2559 4112 2677 4180 per
2702 4124 2921 4163 manum
2967 4107 3238 4179 Walperti
3283 4105 3568 4162 humillimi
3615 4105 3859 4178 episcopi

2258 4205 2462 4254 sanctae
2507 4197 2824 4254 Portuensis
2870 4195 3134 4253 Ecclesiae
3181 4211 3242 4252 ιιι
3289 4195 3518 4252 Kalend.
3575 4194 3855 4262 Octobris,

2257 4301 2402 4342 anno
2431 4301 2488 4341 γι
2519 4285 2761 4355 ejusdem
2788 4284 3005 4341 Domini
3031 4284 3256 4340 Joannis
3284 4298 3443 4356 papae
3472 4283 3616 4350 Vill,
3664 4283 3855 4340 indict.

550 4382 759 4448 gutum,
789 4390 955 4430 unam
983 4373 1238 4431 videlicet
1266 4373 1462 4428 libram
1492 4373 1700 4445 argenti
1729 4375 1886 4430 annis
1925 4374 2156 4448 singulis
2185 4367 2238 4429 D
2260 4391 2359 4430 xu.
2392 4375 2665 4447 Scriptum
2691 4391 2826 4431 vero
2851 4389 2952 4446 per
2979 4389 3202 4429 manum
3245 4371 3472 4447 Georgii
3518 4373 3720 4429 notarii
3763 4387 3857 4429 re-

552 4467 902 4520 suécessores
928 4463 1100 4518 nostri
1116 4462 1463 4532 accipientes,
1488 4478 1589 4534 per
1606 4463 1946 4534 paternitatis
1967 4462 2160 4519 suifra-

462 4607 474 4618 ,
551 4552 702 4625 gium
731 4551 910 4608 eidem
957 4550 1292 4606 monasterio
1343 4550 1704 4606 sollicitudine
1731 4551 1985 4622 pastorali
2016 4552 2162 4624 vigi-

552 4641 727 4696 lanter
755 4649 951 4697 contra
981 4654 1172 4694 omnes
1202 4638 1523 4694 infestantes
1551 4639 1873 4710 impendere
1890 4640 2159 4696 studeant.

559 4730 697 4784 Item
723 4727 1126 4794 constituimus,
1160 4735 1217 4782 ut
1246 4727 1480 4783 obeunte
1509 4727 1705 4784 abbate
1749 4727 1993 4799 praedicti
2039 4745 2162 4785 mo-

559 4817 805 4882 nasterii,
840 4833 952 4873 non
986 4816 1126 4872 alius
1165 4815 1240 4870 ibi
1263 4831 1588 4888 quacunque
1633 4816 1964 4888 obreptionis
2009 4825 2164 4873 astu-

557 4905 632 4960 tia
659 4904 954 4975 ordinetur,
989 4903 1096 4960 nisi
1126 4921 1289 4978 quem
1320 4919 1622 4960 consensus
1651 4905 2042 4962 monachorum
2071 4923 2164 4962 se-

557 4993 796 5056 cundum
828 4994 1079 5050 timorem
1109 4993 1230 5060 Dei,
1264 5000 1318 5048 et
1343 4985 1730 5050 institutionem
1781 4995 1987 5067 regule
2034 5012 2162 5051 san-

557 5083 629 5140 cti
659 5081 934 5139 Benedicti
965 5082 1212 5156 elegerit,
1247 5089 1301 5136 et
1330 5082 1489 5152 hujus
1518 5083 1832 5155 apostolica.-
1862 5084 2008 5140 sedis
2035 5100 2165 5157 pon-

560 5171 688 5228 tifex
719 5171 1034 5242 praeviderit
1061 5171 1439 5238 ordinandum,
1475 5181 1564 5228 aut
1594 5173 1946 5248 suggestione
1976 5189 2166 5230 mona-

562 5262 788 5317 chorum
817 5261 1158 5316 consenserit
1187 5260 1523 5318 ordinatum.

632 5350 748 5406 Hoc
777 5365 991 5422 quoque
1022 5349 1256 5420 capitulo
1286 5351 1540 5422 praesenti
1570 5352 1968 5427 subjungimus,
2002 5360 2058 5408 ut
2086 5352 2167 5408 lo-

563 5455 686 5494 cum
718 5438 956 5494 avaritia:
989 5439 1348 5506 secludamus,
1383 5441 1583 5496 nullum
1629 5441 1696 5496 de
1741 5440 1986 5514 regibus.
2039 5440 2167 5496 nul-

2259 4464 2496 4538 gionarii
2525 4471 2580 4520 et
2604 4463 2876 4522 scriniarii
2904 4470 3109 4520 saneta;
3137 4463 3396 4520 Romanae
3422 4461 3704 4519 Ecclesiae.

2954 4560 3170 4617 CLXII.

2661 4665 2734 4704 AD
2783 4664 3091 4708 'WIBBODUH
3127 4664 3454 4706 EPISCOPUU.

2883 4739 3067 4812 (Anno
3097 4740 3246 4809 8'78.)

2268 4837 2634 4894 Commendat
2658 4838 2819 4894 illius
2838 4839 3028 4908 ﬁdem,
3051 4839 3318 4896 hortatur
3344 4839 3412 4892 ut
3442 4836 3694 4908 legatum
3723 4837 3856 4908 mit-

2336 4913 2425 4964 tat
2446 4913 2752 4982 antequam
2789 4926 2920 4966 cum
2968 4909 3376 4982 Carolomanno
3416 4907 3861 4982 injcolloquium

2335 4980 2549 5048 veniat,
2581 4978 2674 5035 cui
2703 4996 2833 5036 eum
2860 4997 3070 5054 quoque
3101 4981 3379 5038 interesse
3398 4978 3580 5050 jubet.

2334 5082 2810 5139 Reverendissimo
2839 5091 2892 5139 et
2922 5083 3268 5141 sanctissimo
3309 5081 3591 5138 WIBBODO
3635 5095 3864 5137 venera-

2267 5170 2361 5230 bili
2391 5169 2668 5243 episcopo.

2337 5259 2399 5314 In
2451 5259 2682 5317 lectione
2741 5260 3040 5317 litterarum
3092 5268 3420 5327 vestrarum,
3485 5266 3538 5314 et
3589 5257 3646 5312 in
3699 5256 3870 5314 relatu

2267 5364 2455 5405 earum
2484 5349 2663 5422 geruli
2691 5349 2927 5406 hominis
2959 5349 3142 5416 vestri,
3177 5357 3230 5405 et
3259 5365 3359 5406 vos
3378 5347 3783 5414 devotissimos,
3816 5353 3870 5404 et

2269 5445 2328 5493 ut
2357 5453 2594 5510 semper,
2627 5439 2755 5496 novi
2781 5437 3118 5506 ﬁdissimos;
3149 5454 3248 5510 pro
3279 5437 3476 5510 quibus
3497 5436 3656 5496 vobis
3676 5433 3876 5509 gratias
