4160 6316
326 234 430 286 8υῦ

325 355 567 428 agimus,
625 363 680 412 et
733 357 849 418 Deo
905 356 1216 442 auxiliante,
1275 357 1663 414 retribuemus.
1683 351 1925 413 'lnterea
1952 356 2008 416 A

323 451 612 500 monentes
649 444 934 499 hortamur
989 452 1047 500 ut
1104 452 1343 516 coeptum
1373 445 1646 518 perﬁcies,
1697 453 1749 501 et
1778 451 1932 500 ante-

327 543 494 600 quam
523 528 983 584 Carolomannum
1011 529 1366 602 alloquamur,
1417 538 1661 586 vestrum
1691 530 1932 603 legatum

326 631 454 674 cum
500 617 693 674 litteris
720 617 956 675 mitttere
979 626 1215 692 satagas,
1249 627 1304 676 et
1333 620 1390 674 in
1411 618 1682 692 colloquio
1699 619 1793 674 ubi
1813 617 1930 674 fue-

327 710 422 773 ris,
456 714 547 762 tua
571 708 866 779 praesentia
895 723 1018 764 esse
1073 709 1312 772 studeat.
1365 708 1631 780 Optamus
1675 707 1930 764 sanctita-

328 802 438 850 tem
468 803 618 852 tuam
643 795 700 850 in
731 795 950 852 Christo
976 797 1118 852 bene
1166 797 1372 866 valere,
1403 797 1639 853 maxime
1686 797 1744 851 in
1790 797 1920 852 hoc.

327 884 470 940 Data
499 887 566 940 ut
610 901 808 958 supra.

817 1008 1049 1066 CLXIII.
1085 1040 1154 1052 —
1181 1009 1396 1066 CLXIV
1408 1051 1422 1065 .

403 1112 762 1154 PIIVILEGIUH
805 1113 912 1154 Ριιο
943 1113 1302 1155 ΜοΝΑεΤΕιιιο
1337 1113 1532 1154 ΒΛΝΟΤῙ
1562 1113 1856 1155 MARCELLI.

947 1197 1128 1266 (Anno
1167 1196 1318 1268 8’78.)

335 1302 518 1375 [Apud
577 1303 762 1374 Perry,
807 1303 1047 1359 Histoire
1075 1303 1143 1360 de
1181 1303 1756 1368 Chalcn-sur-Sadne,
1789 1302 1933 1358 inter

822 1429 830 1436 ο
895 1392 1090 1465 prceb.,
1123 1407 1250 1464 pag.
1285 1391 1400 1464 32.]

401 1498 656 1554 Joarmes
673 1497 983 1570 episcOpus,
1012 1515 1205 1555 servus
1223 1514 1502 1554 servorum
1520 1498 1642 1564 Dei,
1662 1499 1932 1554 Deom'ro

337 1586 640 1644 venerabili
683 1585 863 1642 levita;
919 1595 973 1641 et
1024 1587 1314 1659 praeposito
1376 1586 1695 1643 monasterii
1758 1587 1932 1644 sancti

337 1675 578 1732 Marcelli
605 1675 710 1731 sito
739 1675 796 1730 in
823 1674 1097 1732 territorio
1128 1675 1496 1744 Cabilonensi,
1523 1677 1646 1734 loco
1684 1675 1931 1733 Floriaco

334 1772 389 1820 et
420 1763 587 1820 Vallis
630 1763 1133 1837 Magnimontensis,
1167 1772 1328 1837 atque
1385 1764 1774 1830 Gibriacensis,
1809 1780 1932 1821 cum

334 1852 590 1909 omnibus
643 1853 712 1909 ad
772 1870 830 1910 se
877 1852 1279 1922 subiacentibus
1327 1861 1382 1910 et
1421 1853 1820 1926 pertinentibus
1862 1853 1934 1908 ad

333 1941 654 2014 praedictum
683 1941 864 1998 locum
897 1942 1204 1999 Floriacum
1225 1942 1634 2015 aspicientibus,
1657 1950 1711 2000 et
1738 1943 1794 1998 in
1823 1943 1932 1999 Ca.-

330 2029 601 2087 bilonensi
626 2023 873 2087 Similiter
898 2031 1330 2088 Boscrontensis.

409 2117 550 2188 Quia
579 2119 893 2191 suppliciter
918 2119 1072 2191 petiit
1101 2135 1226 2177 cum
1268 2129 1466 2178 cuncta
1506 2119 1934 2194 congregatione

335 2207 508 2264 sancti
563 2207 802 2265 Marcelli
867 2215 956 2266 tua
1015 2209 1252 2276 devotio,
1314 2217 1579 2282 quatenus
1636 2208 1934 2280 apostolica

335 2296 654 2354 auctoritate
685 2297 924 2370 benigna
971 2299 1348 2370 compassione
1391 2297 1569 2354 eidem
1611 2297 1732 2354 loco
1759 2297 1934 2370 privi-

337 2385 542 2457 legium
571 2386 638 2441 de
667 2387 879 2444 cunctis
933 2387 1099 2444 rebus
1143 2387 1216 2442 ibi
1263 2387 1476 2459 positis,
1533 2387 1692 2443 cultis
1729 2387 1818 2444 vel
1845 2387 1932 2442 in-

337 2473 496 2529 cultis
543 2474 719 2546 aquis,
776 2491 1150 2547 aquarumque
1179 2475 1520 2540 decursibus,
1579 2485 1690 2530 tam
1743 2475 1800 2530 in
1841 2475 1937 2530 Ca-

337 2561 607 2619 bilonensi
637 2579 802 2636 quam
847 2564 1122 2632 Belnensi,
1169 2573 1333 2636 atque
1389 2564 1846 2638 Magnimontensi
1876 2573 1935 2618 ut

338 2667 507 2722 supra
533 2651 756 2718 dictum,
789 2660 844 2708 et
871 2653 1191 2709 Divionensi
1221 2661 1275 2709 et
1332 2653 1685 2726 Lugdunensi
1731 2651 1934 2710 conﬁr-

337 2755 630 2807 maremus,
662 2747 890 2812 propter
915 2743 1090 2796 Deum
1115 2742 1220 2813 piis
1248 2741 1600 2813 petitionibus
1629 2741 1823 2798 vestris
1853 2741 1934 2796 in-

338 2829 518 2886 clinati
526 2869 540 2898 ,
561 2829 911 2886 concedimus
922 2846 1024 2902 pro
1035 2831 1192 2887 vobis
1204 2831 1512 2902 vestrisque
1524 2830 1935 2888 successoribus

339 2934 500 2990 smpra
524 2919 670 2975 dicto
696 2919 819 2975 loco
845 2935 1018 2974 novas
1045 2935 1258 2992 quoque
1307 2928 1362 2976 et
1391 2920 1636 2976 decimas
1663 2935 1731 2976 eo
1767 2919 1934 2975 modo

342 3023 452 3079 quo
508 3007 731 3080 antiqua
803 3009 1140 3064 consuetudo
1217 3008 1640 3080 precedentium
1721 3015 1936 3065 constat

339 3095 722 3166 episcoporum
756 3104 845 3152 aut
873 3104 1222 3168 exspectatur
1273 3098 1342 3152 ab
1397 3098 1483 3152 his
1524 3099 1661 3152 intra
1704 3113 1934 3170 quorum

341 3181 626 3252 parochias
661 3198 807 3253 saepe
843 3182 970 3239 dicti
1004 3182 1112 3239 loci
1157 3183 1493 3238 habitatores
1531 3184 1656 3254 jure
1710 3183 1934 3254 proprio

339 3269 544 3326 habere
571 3271 824 3328 videntur
851 3271 1127 3344 quidpiam
1168 3273 1467 3328 secundum
1524 3280 1803 3344 praecepta
1850 3287 1936 3327 re-

339 3375 492 3432 gum,
525 3359 970 3433 singulorumque
1015 3361 1294 3417 hominum
1334 3361 1683 3433 donationes,
1714 3378 1835 3433 quas
1863 3361 1936 3417 ab

339 3447 462 3503 aliis
489 3447 740 3522 legaliter
767 3457 892 3505 ante
947 3450 1314 3518 donationem,
1345 3451 1431 3506 vel
1477 3459 1602 3522 post
1625 3450 1770 3518 juste
1797 3465 1934 3506 con-

340 3547 500 3589 cessa
523 3533 794 3600 videntur,
827 3535 1396 3606 supranominatorum
1428 3551 1441 3590 :
1466 3535 1575 3591 Sed
1603 3543 1663 3590 ut
1690 3533 1937 3590 securius

341 3637 408 3678 ac
435 3622 668 3692 quietius
695 3623 752 3678 in
797 3623 900 3678 Dei
954 3623 1176 3680 servitio
1211 3623 1429 3680 valeant
1482 3639 1822 3695 permanere,
1865 3623 1937 3679 ab

341 3709 490 3765 omni
518 3711 770 3767 volumus
812 3727 910 3768 eos
963 3711 1162 3768 fratres
1205 3727 1270 3768 ac
1311 3713 1615 3784 spirituales
1669 3711 1936 3768 cohabita-

341 3805 490 3855 tores
532 3799 786 3856 molestia
861 3800 1174 3871 persistere,
1234 3801 1522 3873 nullusque
1575 3802 1646 3857 de
1710 3801 1938 3874 regibus

345 3887 736 3961 comitibusque
783 3889 1014 3962 aliisque
1059 3890 1218 3961 regni
1273 3889 1605 3960 primoribus
1651 3890 1940 3958 cujuslibet

343 3975 562 4050 cingulo
593 3977 876 4050 dignitatis
904 3979 1254 4050 praepollens,
1289 3979 1488 4035 audeat
1533 3979 1621 4034 vel
1645 3985 1939 4050 praesumat

345 4064 430 4120 his
488 4066 691 4122 nostris
738 4074 962 4138 propter
1017 4068 1192 4122 Deum
1263 4067 1541 4124 concessis
1589 4067 1942 4139 petitionibus

345 4169 670 4228 quocunque
695 4155 962 4212 resultare
989 4157 1154 4212 modo
1183 4163 1346 4228 atque
1372 4156 1595 4230 ingenio
1624 4175 1640 4223 ;
1673 4157 1818 4228 quod
1839 4171 1940 4211 nos

343 4251 583 4316 paterna
636 4245 1034 4317 compassionis
1087 4244 1282 4302 aﬂ'ectu
1353 4245 1643 4311 innuimus,
1707 4245 1941 4301 ﬁliorum

342 4340 652 4390 nostrorum
677 4334 840 4391 debet
859 4350 1090 4392 assensu
1119 4333 1328 4390 ﬁrmari
1356 4341 1409 4389 et
1437 4350 1567 4400 non,
1591 4334 1736 4406 quod
1777 4333 1938 4400 absit,

1567 231 1923 293 EPISTOLrE
1959 229 2048 286 ET
2101 233 2452 294 DECRETA.

1963 3069 2012 3133 C

3526 247 3627 296 806.

2712 363 2918 420 CLXV.

2475 465 2546 506 AD
2583 465 2875 507 SUPPONEM
2905 469 3151 510 COMITEM
3163 495 3176 508 .

2652 539 2832 608 (Anno
2861 543 3011 612 878.)

2031 623 2260 699 Mandat
2280 627 2354 699 ut
2375 624 2448 678 ad
2490 628 2743 699 montem
2777 625 3023 699 Cinisem
3052 624 3376 699 [Cinisium]
3407 629 3626 689 obviam

2101 695 2208 770 sibi
2228 695 2483 770 veniens,
2510 695 2938 770 imperatricem
2958 695 3379 769 Angelbergam,
3403 703 3460 754 et
3489 715 3628 770 pra:-

2101 765 2253 821 sules
2285 765 2758 840 Mediolanensem
2789 770 2847 822 et
2873 765 3249 824 Parmensem:
3258 770 3406 824 idem
3434 765 3626 840 facere

2099 839 2350 910 moneat,
2387 841 2454 892 ut
2497 838 2672 894 simul
2717 855 2843 910 qua:
2884 840 2957 893 ad
3004 840 3322 896 utilitatem
3362 838 3628 901 Ecclesia:

2099 909 2399 978 pertinent
2427 911 2677 964 tractare
2701 909 2948 965 valeant.

2101 995 2469 1052 Dilectissimo
2498 995 2612 1052 ﬁlio
2642 997 2887 1053 SUPPONI
2917 997 3162 1069 glorioso
3193 998 3396 1054 comiti.

2101 1083 2244 1153 Quia
2270 1101 2394 1155 nos,
2423 1084 2481 1140 in
2507 1085 2724 1158 quibus,
2747 1087 2865 1142 Deo
2887 1085 3259 1159 dispensante,
3283 1086 3422 1144 ﬁnes
3450 1104 3628 1146 sacu-

2029 1173 2206 1229 lorum
2232 1173 2592 1240 devenerunt,
2635 1191 2733 1246 pro
2777 1183 3093 1232 sanctarum
3123 1177 3225 1232 Dei
3252 1177 3630 1236 Ecclesiarum

2029 1268 2172 1316 statu
2201 1261 2376 1317 variis
2419 1263 2656 1318 motibus
2689 1263 2952 1332 ducimur,
2998 1263 3339 1337 diversisque
3369 1265 3632 1324 ﬂuctuum

2031 1349 2290 1422 procellis
2343 1341 2694 1422 impellimur,
2753 1352 2851 1408 sed
2885 1360 3068 1408 tamen
3124 1369 3236 1408 non
3264 1353 3628 1424 destituimur,

2029 1446 2256 1510 propter
2307 1456 2432 1494 eum
2483 1440 2576 1512 qui
2622 1457 2724 1496 nos
2781 1440 3049 1498 confortat
3095 1443 3370 1498 Christum
3418 1445 3626 1512 Iesum,

2030 1535 2246 1583 servata
2274 1529 2746 1599 praedecessorum
2767 1538 3074 1586 nostrorum
3105 1531 3213 1586 ﬁde
3227 1531 3370 1603 proli
3398 1533 3630 1590 Franco-

2030 1633 2168 1684 rum,
2225 1617 2296 1672 ad
2351 1617 2561 1674 Gallias
2590 1627 2946 1690 properantes
3005 1619 3211 1676 idcirco
3267 1621 3537 1689 venimus,
3571 1629 3631 1677 ut

1959 1713 2014 1774 B
2034 1705 2186 1776 pacis
2215 1714 2376 1778 atque
2403 1706 2620 1762 unitatis
2650 1707 2866 1764 vinculo
2916 1725 3109 1782 regum
3137 1711 3304 1766 corda
3333 1719 3628 1768 connecte-

2035 1811 2238 1851 remus.
2273 1795 2382 1850 Sed
2411 1795 2742 1867 completum
2770 1796 3018 1852 videmus
3065 1798 3210 1870 quod
3247 1798 3302 1852 in
3330 1799 3628 1872 Evangelio

2033 1882 2267 1953 legimus
2298 1899 2310 1938 :
2347 1883 2623 1952 Quoniam
2657 1885 2965 1941 abundavit
2992 1887 3284 1960 iniquitas,
3309 1889 3628 1962 refrigescit

2033 1973 2285 2029 churitas
2300 1975 2615 2030 multorum
2632 1973 2848 2045 (Matth.
2867 1976 3052 2046 xxw).
3073 1974 3414 2047 Quapropter
3433 1984 3630 2034 vestrae

2034 2060 2313 2117 dilectioni
2341 2061 2696 2118 fidentissime
2708 2072 2760 2118 et
2781 2063 3019 2134 probata:
3047 2061 3175 2120 ﬁdei
3206 2065 3550 2132 mandamus,
3573 2073 3632 2122 ut

2033 2149 2193 2204 nobis
2223 2166 2348 2206 cum
2376 2150 2555 2206 oﬂicio
2583 2151 2846 2208 decentia:
2883 2160 3076 2208 vestra:
3117 2154 3188 2209 ad
3214 2161 3454 2208 montem
3485 2153 3631 2210 Cini-

2036 2255 2182 2294 sem.
2207 2238 2354 2295 obvii
2396 2240 2718 2312 quantocius
2773 2239 3022 2308 veniatis,
3084 2249 3142 2297 ut
3188 2241 3393 2313 pariter
3421 2259 3629 2301 conve-

2033 2326 2266 2398 nientes,
2301 2345 2422 2400 quae
2463 2329 2530 2384 ad
2577 2328 2862 2385 utilitatem
2891 2339 3216 2404 congruunt,
3246 2331 3482 2388 Domino
3499 2349 3626 2405 per-

2033 2416 2299 2488 mittente,
2331 2425 2566 2474 tractare
2586 2419 2882 2474 valeamus.
2900 2419 3180 2492 Simulque
3196 2421 3301 2477 hoc
3326 2421 3628 2492 precamini

2034 2503 2268 2562 ﬁlectam
2296 2505 2463 2561 ﬁliam
2492 2514 2736 2562 nostram
2765 2507 3172 2580 Angelbergam
3201 2507 3624 2580 imperatricem,

2035 2603 2198 2666 atque
2251 2598 2583 2666 Anspertum
2630 2594 3102 2667 archiepiscopum
3145 2597 3628 2668 Mediolanensem,

2034 2682 2479 2756 Wibbodumque
2533 2685 2885 2740 Parmensem
2915 2685 3252 2758 episcopum,
3284 2686 3534 2759 aliosque
3561 2687 3628 2742 ﬁ-

2035 2771 2187 2828 deles
2216 2780 2380 2845 atque
2409 2773 2634 2829 amicos.
2671 2760 2809 2829 Data
2837 2777 2903 2830 ut
2926 2791 3122 2848 supra.

2035 2982 2109 3024 ω
2155 2983 2481 3038 WIBBODUM,
2518 2983 2760 3037 PAULUM,
2811 2985 2882 3025 ΕΤ
2937 2984 3160 3028 ΡΑιῐιωι
3203 2987 3272 3028 AC
3317 2985 3628 3030 ιυωοιΝωί

2673 3074 2990 3115 EPISCOPOS.

2593 3149 2814 3219 (Anno
2871 3147 3061 3218 878.)

2209 3236 2370 3292 lubet
2399 3239 2467 3292 ut
2494 3237 2734 3308 Papiam
2762 3237 2836 3292 ad
2865 3235 3140 3308 synodum
3155 3236 3446 3293 accedant.

2104 3341 2596 3398 Reverendissimis
2625 3351 2679 3397 et
2697 3342 3057 3398 sanctissimis
3083 3343 3366 3398 thnono
3392 3357 3631 3400 venera-

2035 3430 2129 3485 bili
2145 3431 2402 3502 episcopo
2433 3431 2732 3496 Parmensi,
2763 3439 2817 3486 et
2837 3431 3001 3488 Paulo
3019 3430 3354 3499 Placentino,
3389 3439 3442 3488 et
3468 3431 3632 3488 Paulo

2036 3519 2313 3592 Regiensi,
2347 3528 2401 3574 et
2429 3519 2693 3576 Liudoino
2720 3521 3010 3576 Mutinensi
3032 3520 3323 3592 episcopis.

2106 3608 2458 3664 Sanctitatem
2488 3616 2724 3664 vestram
2739 3602 2879 3664 scire
2899 3609 3144 3681 cupimus
3164 3609 3422 3680 quoniam
3437 3617 3632 3666 octavo

2037 3695 2312 3752 Kalendas
2355 3697 2675 3754 Decembris
2703 3697 3002 3752 Taurinum
3033 3697 3302 3768 venimus,
3333 3697 3482 3768 inde,
3513 3698 3631 3755 Deo

2035 3785 2196 3852 duce,
2227 3786 2452 3857 Papiam
2482 3786 2782 3855 veniemus,
2816 3794 2872 3842 et
2923 3785 2999 3841 ibi
3025 3787 3291 3859 synodum
3347 3803 3450 3858 pro
3494 3795 3635 3844 statu

2039 3875 2139 3930 Dei
2169 3875 2542 3931 Ecclesiarum
2571 3875 2990 3932 celebrabimus.
3011 3875 3354 3947 Quapropter
3371 3876 3634 3932 mittimus

2038 3963 2444 4036 apostolicaque
2473 3965 2794 4020 auctoritate
2823 3981 3081 4036 expresse
3101 3965 3356 4034 iubemus
3369 3973 3428 4020 ut
3440 3973 3636 4038 quarto

2038 4053 2224 4108 Nonas
2249 4053 2571 4109 Decembris
2609 4053 2704 4119 ibi,
2761 4053 2908 4109 omni
2951 4053 3242 4109 occasione
3289 4062 3514 4124 remota,
3561 4054 3634 4110 ad

2041 4141 2308 4212 synodum
2337 4157 2461 4196 esse
2490 4141 2753 4196 debeatis.
2787 4143 2854 4196 Et
2871 4141 2962 4212 qui
2980 4141 3160 4212 primo
3178 4143 3322 4196 hanc
3350 4141 3634 4213 epistolam

2041 4228 2232 4301 egerit,
2255 4227 2364 4284 alio
2394 4229 2496 4284 sub
2518 4229 2666 4284 omni
2697 4228 3039 4284 festinatione
3059 4229 3410 4286 transmittat.
3443 4229 3636 4288 Videte

2040 4331 2112 4372 ne
2141 4316 2301 4374 aliter
2318 4315 2564 4385 faciatis;
2597 4317 2854 4390 quoniam
2883 4316 2930 4372 si
2957 4317 3114 4374 aliter
3165 4317 3424 4386 feceritis,
3463 4332 3634 4375 cano-

343 4436 582 4493 superna
636 4422 933 4479 rebellione
971 4423 1029 4478 in
1081 4422 1268 4496 aliquo
1294 4422 1568 4488 temerari,
1601 4404 1655 4480 et
1692 4421 1937 4478 resultari

2043 4405 2168 4462 nico
2192 4404 2461 4462 feriemini
2489 4406 2702 4480 vigore.
2733 4407 2868 4462 Data
2898 4411 2965 4462 ut
2983 4423 3179 4479 supra.

339 4519 596 4582 proterva
624 4511 1081 4585 transgressione.
1127 4511 1464 4568 Concessum
1510 4526 1548 4566 'a
1573 4511 1820 4568 Deodato
1847 4510 1937 4564 in-

344 4598 582 4656 dictione
609 4600 928 4658 duodecima
958 4608 1012 4656 et
1037 4607 1246 4658 cunctas
1274 4600 1692 4674 congregationi
1747 4615 1940 4671 supra—

345 4687 474 4744 dicti
527 4689 650 4758 loci,
712 4689 988 4745 residente
1039 4689 1094 4745 in
1156 4689 1289 4746 sede
1367 4689 1664 4762 apostolica
1738 4689 1939 4745 domno

344 4777 574 4844 Joanne,
596 4793 737 4834 anno
769 4786 940 4834 sexto.
967 4777 1024 4834 Si
1053 4778 1176 4851 quis
1195 4785 1385 4835 contra
1413 4780 1518 4835 hoc
1545 4785 1792 4835 nostrum
1819 4777 1940 4850 pri-

342 4863 624 4940 vilegium,
683 4867 899 4936 amodo,
957 4866 1062 4922 nisi
1139 4867 1286 4922 intra
1327 4875 1538 4924 certum
1587 4875 1802 4938 tempus
1845 4881 1939 4924 re-

348 4953 593 5027 sipuerit,
624 4954 704 5012 ire
729 4957 1039 5023 tentaverit,
1073 4955 1438 5012 anathematis
1493 4972 1560 5012 se
1581 4956 1814 5013 vinculis
1842 4971 1940 5012 ca-

349 5043 544 5100 nonice
573 5044 786 5100 noverit
813 5044 1202 5118 colligandum.
1235 5045 1280 5116 -ι-
1309 5046 1454 5101 Bene
1482 5045 1666 5102 valere
1692 5047 1737 5117 ’Σ-
1768 5045 1942 5102 Nonis

349 5131 600 5189 Octobris
651 5149 754 5204 per
807 5149 1028 5189 manum
1086 5133 1328 5205 Valperti
1371 5132 1660 5188 humillimi
1699 5133 1940 5213 episcopi

351 5230 552 5278 sancta:
599 5222 914 5279 Portuensis
961 5221 1225 5280 Ecclesiae
1293 5236 1453 5288 anno,
1513 5221 1747 5293 propitio
1801 5223 1936 5289 Deo,

345 5309 690 5382 pontiﬁcatus
713 5310 918 5368 domini
933 5309 1107 5367 nostri
1133 5311 1360 5366 Joannis
1376 5310 1574 5366 summi
1589 5309 1862 5382 pontiﬁcis
1891 5319 1946 5366 et

345 5399 668 5456 universalis
695 5415 850 5472 papa:
875 5399 932 5456 in
987 5398 1358 5462 sacratissima
1411 5399 1542 5458 sede
1601 5399 1749 5456 beati
1800 5399 1943 5456 Petri

352 5488 580 5559 apostoli
611 5503 690 5558 vt,
732 5487 1026 5554 indictione
1055 5487 1398 5550 duodecima.

2703 4548 2962 4604 CLXVII.

2356 4651 2431 4692 ΑΙ)
2469 4651 2731 4694 JOANNEM
2768 4651 3077 4692 EPISCOPUM
3116 4651 3312 4702 ΡΑΡΙΑΕ.

2656 4725 2840 4798 (Anno
2870 4726 3020 4798 878.)

2045 4817 2111 4874 Ut
2128 4814 2233 4870 sibi
2269 4816 2580 4871 Taurinum
2608 4816 2828 4872 obviam
2872 4815 3095 4886 ueniat,
3127 4817 3184 4886 et
3213 4813 3480 4886 epistolas
3513 4829 3547 4886 a
3575 4829 3636 4886 se

2110 4887 2355 4960 scriptas
2383 4886 2716 4960 quibusdam
2741 4887 3016 4959 episcopis
3041 4885 3272 4956 dirigat,
3317 4888 3385 4939 ut
3417 4885 3530 4958 ipsi
3561 4885 3636 4940 ad

2107 4957 2414 5015 conciliant
2433 4957 2728 5014 accedant.

2111 5045 2587 5102 Reverendissimo
2617 5053 2670 5101 et
2695 5043 3037 5101 sanctissimo
3067 5043 3277 5098 Jost
3303 5044 3482 5116 Papiae
3515 5044 3635 5116 epi-

2043 5148 2210 5206 sc0po
2223 5176 2236 5189 .

2115 5223 2392 5280 Sanctitati
2424 5232 2528 5280 tua:
2573 5229 2762 5280 notum
2819 5221 2938 5278 ﬁeri
2986 5219 3238 5284 volumus
3288 5222 3436 5294 quod
3491 5237 3638 5279 nunc

2041 5312 2358 5368 Taurinensi
2395 5311 2453 5366 in
2495 5311 2710 5368 civitate
2739 5311 3108 5368 consistimus.
3167 5310 3439 5366 Craterum
3497 5311 3633 5366 diri-

2041 5400 2222 5472 gimus
2249 5409 2326 5472 ut,
2359 5401 2612 5458 continuo
2641 5401 2790 5458 omni
2815 5400 3109 5458 occasione
3130 5401 3454 5473 postposita,
3474 5399 3633 5456 nobis

2043 5489 2230 5545 venire
2259 5506 2328 5545 ne
2355 5489 2580 5548 differas
2610 5490 2844 5559 obviam.
2877 5491 3009 5547 Vide
3029 5505 3098 5546 ne
3119 5489 3186 5544 ab
3210 5481 3437 5558 alicujus
3486 5489 3635 5546 deci-
