4160 6320
560 235 664 288 807

1816 229 2110 286 JOANNIS
2168 229 2362 282 ΙἈΡίΕ
2422 229 2562 283 VIII.

3749 235 3854 286 808

557 355 728 428 piaris
758 355 1013 410 instinctu
1039 354 1293 421 fortasse,
1316 372 1438 428 quae
1469 355 1689 410 minime
1719 353 2013 421 credimus;
2043 369 2146 426 pro
2177 352 2233 412 A
2251 351 2469 406 obviam
2499 368 2608 407 non
2637 353 3002 419 concurreris,
3025 353 3302 420 minamur,
3336 371 3462 410 cum
3490 370 3610 410 eam
3639 354 3694 408 in
3723 370 3850 409 om-

557 453 714 516 parte
755 443 1173 500 Mediolanensis
1203 443 1622 514 archiepiscOpi,
1658 443 1914 516 quoniam
1947 441 2153 513 specia-

558 533 682 589 liter
711 541 898 588 noster
927 549 986 586 es
1033 539 1086 588 et
1116 532 1405 588 manualis.
1439 534 1504 587 Et
1547 533 1675 604 quia
1723 533 1790 587 de
1822 531 2019 586 nullius
2049 531 2152 585 nisi

558 630 749 678 nostra
776 621 980 677 ditione
1009 621 1264 677 consistis
1285 621 1468 694 [deest
1487 621 1653 692 jubeo
1683 623 1768 677 vel
1802 622 1934 694 quid
1965 622 2154 692 hujus-

555 710 726 784 modi]
781 719 839 766 ut
896 711 1183 781 epistolam
1237 727 1400 782 quam
1465 707 1824 782 suﬁ'raganeis
1881 709 2152 780 episcopis

554 799 882 857 Ravennatis
904 799 1184 865 Ecclesiae,
1205 799 1372 854 Paulo
1405 797 1746 866 Placentinae,
1761 806 1815 853 et
1844 797 1971 853 item
1988 797 2152 852 Paulo

556 887 817 960 Regiensi
845 895 1004 960 atque
1034 887 1296 942 Liudoino
1338 886 1648 954 Mutinensi,
1701 902 1823 942 cum
1871 886 2151 942 celeritate

558 977 774 1032 mittere
817 975 1139 1048 procuretis,
1181 983 1239 1030 ut
1293 983 1492 1030 statuto
1545 975 1634 1029 die
1663 975 1884 1046 Papiam
1936 975 2153 1030 veniant

541 1074 824 1138 -quatenus
854 1065 924 1120 de
970 1071 1278 1119 sanctorum
1325 1064 1455 1120 item
1513 1063 1613 1118 Dei
1671 1063 2045 1120 Ecclesiarum
2101 1071 2152 1118 et

557 1153 830 1210 communi
859 1161 1022 1224 atque
1054 1152 1344 1208 universali
1376 1153 1548 1208 salute
1578 1160 1811 1208 tractare
1843 1152 2146 1208 valeamus.

559 1243 696 1298 Data
726 1247 790 1298 ut
820 1259 1011 1314 supra.

1210 1341 1473 1395 CLXVIII

869 1445 942 1484 AD
981 1445 1314 1486 ANSPEBTUM
1347 1445 1843 1486 ARCHIEPISCOPUH.

569 1577 592 1591 κ
1179 1520 1358 1590 (Anno
1389 1522 1538 1588 878.)

561 1610 768 1665 Narrat
814 1610 1025 1666 labores
1069 1625 1172 1682 pro
1215 1609 1462 1665 Ecclesia
1509 1613 1832 1681 susceptos:
1863 1612 2053 1665 monet
2085 1612 2151 1664 ut

2253 439 2412 494 nibus
2443 442 2641 496 nostris
2669 442 2902 513 negotiis
2934 457 3122 510 curam
3166 441 3406 515 gessisse
3450 459 3665 514 semper
3689 444 3853 499 novi-

2253 544 2404 594 mus;
2439 537 2491 584 et
2519 529 2613 584 ubi
2647 546 2748 585 nos
2795 546 2969 602 prope
2989 530 3156 585 fuisse
3185 531 3454 596 audieras,
3486 531 3592 586 tuis
3622 532 3852 587 univer-

2253 616 2328 671 sis
2358 617 2674 688 postpositis
2689 619 2862 683 seriis,
2895 619 2964 674 ad
2982 635 3082 674 nos
3101 618 3420 674 festinanter
3430 635 3849 691 properaveras.

2253 705 2408 760 Unde
2439 707 2716 762 cernimus
2743 707 2997 779 quoniam
3027 707 3172 762 istud
3190 724 3295 763 non
3317 725 3383 763 ex
3415 709 3598 774 corde,
3619 709 3716 764 sed
3747 725 3852 780 pro

2251 790 2511 850 ﬁdelitate
2541 795 2618 850 tui
2649 795 2881 852 senioris
2909 796 3091 852 taliter
3139 795 3352 864 feceris,
3387 797 3533 869 quod
3561 797 3686 852 ideo
3715 813 3852 868 par-

2252 883 2464 948 cimus;
2517 900 2646 940 ecce
2689 885 2854 953 enim,
2886 893 2943 939 ut
2969 885 3213 952 audistis,
3259 893 3312 940 et
3358 901 3460 940 nos
3505 885 3666 940 etiam
3695 887 3855 942 vobis

2243 970 2354 1039 jam
2401 971 2592 1026 litteris
2635 971 3082 1046 significavimus,
3131 988 3231 1044 pro
3288 973 3488 1044 quibus
3537 973 3592 1028 in
3657 974 3850 1030 Galliae

2251 1059 2499 1130 partibus
2530 1061 2798 1131 synodum
2827 1061 3244 1117 celebravimus.
3273 1062 3340 1116 Et
3373 1061 3700 1118 Ludovicum
3719 1063 3850 1134 glo-

2251 1147 2458 1203 riosum
2491 1165 2680 1222 regem
2711 1148 2857 1204 affati
2881 1149 3100 1219 fuimus,
3125 1149 3216 1222 qui
3231 1149 3388 1205 nobis
3421 1151 3560 1206 hunc
3580 1151 3850 1206 Bosonem

2251 1235 2557 1308 principem
2587 1237 2763 1293 virum
2793 1238 3277 1304 consultissimum,
3325 1237 3537 1310 sibique
3589 1255 3655 1294 ex
3700 1239 3853 1295 omni
3925 1253 3932 1257 '

2251 1333 2407 1395 parte
2435 1327 2781 1396 conjunctum
2812 1327 2978 1392 dedit,
3013 1335 3071 1382 ut
3098 1343 3200 1382 nos
3231 1327 3411 1383 salvos
3441 1327 3556 1383 sine
3615 1328 3852 1399 impedi-

2252 1421 2435 1468 mento
2468 1414 2740 1470 maledicti
2793 1415 3069 1470 Lamberti
3112 1415 3166 1470 in
3201 1415 3403 1472 Urbem
3430 1415 3688 1486 mitteret,
3722 1433 3846 1473 cum

2252 1517 2360 1573 quo
2378 1518 2476 1556 nos
2498 1502 2723 1573 paciﬁce
2739 1519 2842 1574 pro
2857 1513 3010 1560 certo
3027 1504 3294 1559 venimus.
3317 1505 3587 1560 Carterum
3617 1522 3844 1560 monen-

2253 1597 2335 1644 tes
2383 1590 2644 1646 mittimus
2675 1601 2726 1647 et
2757 1601 3016 1666 rogantes
3045 1594 3328 1648 hortamur
3375 1601 3640 1665 quatenus
3669 1602 3848 1650 vestro

595 1699 700 1754 sibi
717 1715 847 1754 cum
877 1677 1417 1770 οηηίὺξιεερίδεομίε
1443 1697 1563 1752 suis
1595 1677 1831 1769 pa'piam
1862 1701 2145 1753 occurrat.
2177 1708 2224 1770 B
2255 1677 2505 1770 d-emore,
2540 1679 2744 1736 relictis
2774 1681 2894 1735 aliis
2921 1681 3370 1770 omnibuscuris,
3404 1682 3660 1755 omnique
3682 1699 3848 1740 occa-

629 1786 1106 1842 Reverendissimo
1128 1793 1182 1841 et
1201 1785 1540 1841 sanctissimo
1555 1784 1810 1841 confratri
1853 1789 2152 1841 Ansrna'ro

559 1874 855 1930 venerabili
885 1874 1301 1946 archiepiscOpo
1331 1873 1745 1928 Mediolanensi.
2108 1858 2120 1870 ’

631 1961 908 2032 Quantum
937 1979 1038 2034 pro
1070 1963 1233 2018 totius
1263 1970 1464 2018 sancta:
1482 1962 1584 2017 Dei
1611 1962 1876 2019 Ecclesia:
1906 1971 2070 2030 statu,
2101 1971 2155 2018 et

557 2067 659 2122 pro
680 2059 875 2107 cuncto
893 2067 1063 2124 grege
1083 2050 1495 2122 Dominico,pro
1511 2067 1617 2123 quo
1647 2051 1992 2122 omnipotens
2007 2053 2154 2106 Deus

558 2139 783 2210 proprio
815 2139 949 2194 Filio
979 2155 1078 2194 suo
1109 2155 1218 2195 non
1249 2139 1510 2210 pepercit,
1545 2139 1641 2194 sed
1670 2155 1769 2210 pro
1799 2139 1958 2195 nobis
1987 2139 2156 2196 omni-

559 2227 663 2282 bus
697 2227 917 2283 tradidit
961 2227 1130 2296 illum,
1165 2235 1218 2283 et
1261 2228 1494 2283 Joannes
1549 2228 1829 2298 apostolus
1859 2229 2154 2284 exhortans

557 2333 659 2372 nos
680 2315 754 2372 ait
773 2333 786 2370 :
805 2317 1080 2384 Quoniam
1097 2318 1197 2372 ille
1210 2334 1310 2390 pro
1328 2317 1482 2373 nobis
1495 2317 1748 2372 animam
1769 2335 1932 2373 suam
1942 2318 2148 2390 posuit,

557 2409 616 2460 et
626 2422 727 2461 nos
747 2405 1004 2461 debemus
1018 2422 1118 2478 pro
1129 2405 1407 2477 fratribus
1424 2407 1683 2461 animum
1700 2422 1908 2478 ponere
1922 2407 1974 2477 (I
1987 2407 2149 2463 Joan.

561 2495 665 2565 In),
697 2493 950 2549 laborare
981 2509 1045 2549 ac
1074 2493 1306 2566 vigilare
1337 2510 1556 2564 semper
1586 2494 1868 2564 debemus,
1907 2495 2150 2550 omnium

559 2590 800 2638 vestrum
848 2582 969 2638 luce
999 2582 1198 2638 clarius
1236 2582 1383 2638 novit
1412 2581 1502 2654 pia
1531 2581 1864 2638 fraternitas.
1899 2582 2152 2654 Quapro-

559 2679 711 2743 pter,
732 2679 991 2743 quantum
1021 2688 1084 2726 ex
1123 2671 1303 2726 divina
1341 2671 1516 2744 gratia
1545 2671 1600 2726 in
1651 2672 1809 2728 nobis
1856 2671 1952 2727 fuit
1991 2679 2044 2727 et
2072 2680 2155 2728 est

563 2777 628 2815 ex
660 2775 766 2831 quo
795 2775 898 2815 nos
925 2776 1162 2831 superna
1188 2760 1468 2816 miseratio
1500 2777 1612 2816 suae
1657 2761 1922 2817 Ecclesiae
1951 2761 2153 2832 praefe-

557 2848 650 2914 cit,
683 2847 880 2904 animae
908 2857 1108 2904 nostra;
1161 2865 1435 2921 nunquam
1478 2849 1841 2920 pepercimus,
1874 2867 2153 2922 nunquam

558 2937 696 2992 dura
725 2936 972 3007 pericula
998 2937 1389 2993 declinavimus
1413 2956 1427 3002 ;
1462 2938 1569 2992 sed‘
1589 2937 1678 2992 die
1695 2946 1986 3011 noctuque,
2019 2947 2152 2994 aestu

555 3034 610 3081 et
629 3025 756 3099 gelu
785 3025 978 3092 exusti,
1010 3042 1080 3080 ne
1101 3025 1230 3098 quid
1259 3034 1475 3096 captum
1507 3041 1540 3081 a
1570 3025 1744 3082 bestia
1759 3035 1850 3081 aut
1878 3026 2150 3083 dilacera-

555 3123 669 3170 tum
701 3113 931 3170 Domino
961 3114 1388 3184 ostenderemus,
1422 3114 1667 3170 marinos
1695 3115 1886 3170 ﬂuctus
1918 3115 2149 3187 pertuli-

555 3219 677 3259 mus
706 3219 805 3274 pro
833 3202 1074 3258 omnium
1122 3211 1366 3259 vestrum
1395 3203 1716 3260 liberatione
1745 3212 1907 3275 atque
1935 3204 2108 3260 salute
2134 3221 2147 3258 :

554 3293 608 3347 in
639 3291 928 3348 Franciam
955 3307 1174 3364 quoque
1203 3291 1506 3357 venientes,
1538 3301 1592 3352 et
1621 3309 1816 3364 regum
1847 3290 1990 3347 filios
2017 3309 2149 3364 par-

555 3381 650 3436 tim
671 3380 795 3435 viva
821 3396 978 3447 voce,
1009 3380 1204 3450 partim
1233 3380 1477 3451 epistolis
1505 3389 1665 3452 atque
1692 3381 1893 3453 legatis
1930 3381 2149 3437 allocuti

556 3486 744 3524 sumus
773 3484 982 3535 omnes,
1012 3467 1070 3523 id
1097 3476 1181 3523 est
1220 3477 1477 3541 utrosque
1533 3469 1860 3538 Ludovicos,
1917 3469 2149 3526 Carolo-

553 3574 830 3622 mannum,
858 3566 913 3613 et
939 3557 1212 3622 Carolum,
1249 3565 1583 3630 acceptoque
1613 3557 1890 3614 communi
1920 3557 2148 3614 consilio

554 3647 632 3702 uti
660 3649 802 3704 Boso
827 3646 1104 3720 gloriosus
1125 3645 1382 3717 princeps
1411 3661 1596 3702 comes
1629 3655 1776 3702 esset
1807 3646 2020 3702 itineris
2043 3662 2147 3703 no-

554 3735 673 3802 stri,
723 3736 918 3800 donec,
951 3734 1169 3789 Christo
1197 3751 1356 3805 opem
1388 3733 1614 3800 ferente,
1647 3742 2045 3791 reverteremur
2081 3736 2150 3791 ad

554 3824 776 3881 Urbem.
808 3825 876 3878 Et
897 3823 1026 3896 quia
1051 3822 1119 3877 de
1149 3830 1290 3876 statu
1321 3831 1522 3879 sanctae
1558 3823 1826 3879 Ecclesia
1873 3832 1998 3879 sunt
2029 3841 2150 3896 quae

552 3911 911 3970 communiter
967 3919 1197 3966 tractare
1253 3911 1534 3977 debemus,
1571 3921 1674 3968 tua:
1721 3913 1990 3968 sanctitati
2017 3929 2148 3984 apo-

554 4001 745 4059 stolica
760 4001 1079 4057 auctoritate
1110 3999 1432 4056 mandamus
1461 4017 1586 4056 cum
1615 4001 1826 4058 cunctis
1880 3999 2150 4077 suffraga-

553 4089 674 4146 neis
702 4090 808 4146 tuis
837 4098 892 4145 et
918 4089 1258 4161 coepiscopis
1297 4089 1457 4146 nobis
1503 4089 1726 4162 Papiam
1772 4091 2015 4148 secunda
2059 4091 2148 4147 die

553 4187 676 4250 post
705 4177 905 4235 festum
935 4179 1109 4236 sancti
1158 4179 1392 4236 Andreae
1421 4195 1732 4236 occurrere.
1766 4181 1835 4236 Et
1891 4179 2150 4252 quoniam

553 4269 779 4339 probata
808 4265 946 4324 fides
973 4267 1213 4324 omnium
1251 4269 1722 4340 praedecessorum
1756 4277 1966 4325 tuorum
1996 4285 2146 4325 sem-

553 4373 655 4428 per
682 4357 781 4412 fuit
807 4373 937 4430 erga
967 4357 1272 4414 Romanum
1318 4357 1652 4428 pontiﬁcem,
1699 4366 1790 4413 tua
1838 4357 2146 4414 fraternitas

554 4428 894 4501 omnimodis
913 4445 1124 4500 studeat
1151 4461 1334 4501 eorum
1369 4461 1421 4498 in
1462 4446 1714 4500 omnibus
1742 4447 1960 4519 assequi
1990 4447 2150 4502 vesti-
2177 4428 2228 4489 D

553 4534 664 4608 gia,
700 4534 842 4607 quia,
876 4533 1022 4606 quod
1041 4534 1198 4599 absit,
1225 4533 1441 4588 sialiter
1455 4532 1634 4600 fuerit,
1668 4534 1827 4606 vigor
1855 4535 2149 4592 canonicus

551 4639 718 4694 super
744 4622 1122 4678 inobedientes
1159 4637 1438 4678 remanere
1486 4638 1595 4678 non
1639 4621 1858 4692 poterit.
1917 4624 2054 4678 Data
2084 4629 2150 4680 ut

1227 4809 1466 4864 CLXIX.

999 4913 1070 4952 AD
1107 4913 1402 4954 SUPPONEI
1429 4913 1696 4954 COIITBH.

1185 4988 1364 5056 (Anno
1382 4987 1532 5056 8'78.)

550 5075 788 5131 Miratur
807 5091 938 5132 eum
949 5077 1072 5145 sibi,
1097 5079 1161 5130 ut
1177 5075 1423 5140 decebat,
1446 5091 1562 5132 non
1577 5077 1919 5144 occurrisse;
1941 5079 2145 5136 certio-

621 5162 741 5202 rem
771 5147 954 5222 reddit
979 5147 1048 5222 de
1087 5146 1176 5202 his
1193 5162 1314 5222 qua:
1352 5162 1483 5202 cum
1515 5146 1792 5208 Ludovico
1834 5165 1962 5222 rege
1993 5150 2144 5222 egit:

621 5221 813 5272 monet
840 5222 905 5274 ut
921 5218 993 5274 ad
1023 5233 1081 5273 se
1103 5217 1314 5272 veniat.

621 5323 834 5379 Dilecto
865 5322 978 5379 tilio
1011 5324 1260 5380 Suprom
1289 5323 1486 5379 illustri
1517 5324 1719 5381 comiti.

621 5413 749 5480 Cur,
783 5410 856 5467 fili
877 5411 1217 5479 charissime,
1248 5413 1408 5468 nobis
1436 5412 1540 5469 iter
1568 5423 1656 5470 tua
1688 5413 1906 5471 dilectio
1935 5414 2144 5472 clause-

547 5501 635 5571 rit,
668 5518 873 5574 curque
890 5509 945 5556 ut
975 5499 1202 5556 audistis
1233 5517 1333 5557 nos
1362 5502 1416 5556 in
1448 5509 1571 5558 tuos
1619 5503 1860 5560 honores
1898 5503 2138 5572 venisse,

2255 1765 2407 1822 sione
2439 1775 2664 1836 remota,
2701 1769 2770 1824 ad
2801 1785 2903 1824 nos
2941 1769 3356 1840 praesentialiter
3381 1771 3587 1838 venias,
3621 1771 3849 1828 incitans

2254 1855 2410 1910 etiam
2452 1855 2610 1922 alios,
2647 1857 2844 1928 quibus
2864 1859 3190 1930 apostolicas
3225 1858 3435 1914 litteras
3480 1859 3760 1926 mittimus,
3789 1869 3850 1915 ut

2255 1953 2306 1999 et
2336 1944 2439 2015 ipsi
2472 1944 2722 2002 similiter
2751 1945 2972 2003 faciant.
3004 1945 3291 2016 Quoniam,
3324 1947 3425 2004 scit
3455 1949 3622 2014 Deus,
3641 1964 3749 2004 non
3779 1949 3849 2005 ob

2255 2032 2402 2088 aliud
2433 2049 2532 2088 vos
2552 2034 2756 2106 alloqui
2784 2035 3032 2106 cupimus
3063 2035 3166 2090 nisi
3197 2043 3254 2091 ut
3283 2044 3596 2093 sanctarum
3625 2038 3726 2093 Dei
3743 2039 3849 2094 Ec-

2253 2121 2542 2177 clesiarum
2573 2131 2768 2178 statum
2800 2132 2853 2179 et
2883 2125 3198 2196 reipublicae
3229 2125 3469 2197 quietem
3499 2141 3606 2181 una
3661 2126 3851 2182 vobis-

2252 2225 2375 2267 cum
2405 2211 2814 2268 consideremus
2838 2232 2851 2278 ;
2885 2221 3060 2268 tamen
3101 2221 3224 2268 ante
3254 2213 3392 2270 alios
3421 2213 3608 2270 venire
3638 2223 3846 2287 satage,

2251 2307 2310 2354 ut
2338 2299 2601 2372 quidquid
2647 2317 2767 2356 cum
2797 2301 2917 2357 aliis
2950 2299 3261 2368 fecerimus,
3294 2311 3474 2359 tecum
3509 2302 3846 2360 familiariter

2253 2396 2414 2444 antea
2443 2388 2737 2444 terminare
2767 2405 3054 2462 queamus.
3094 2392 3234 2446 Data
3260 2395 3326 2446 ut
3355 2408 3544 2464 supra.

2935 2479 3148 2534 CLXX.

2645 2581 2716 2621 AD
2748 2583 3149 2623 BERENGABIUM
3187 2583 3450 2624 CONITEH.

2875 2657 3056 2728 (Anno
3085 2659 3234 2728 878.)

2253 2743 2577 2815 Berengarii
2604 2743 2958 2818 charitatem
3014 2763 3148 2818 erga
3187 2748 3496 2807 Romanam
3533 2750 3845 2806 Ecclesium

2323 2815 2714 2888 commendat;
2737 2816 3021 2888 signiﬁcat
3044 2815 3384 2874 celebratam
3399 2819 3463 2874 in
3483 2819 3666 2876 Gallia

2323 2885 2477 2950 dum,
2494 2901 2658 2950 seque
2680 2885 3026 2944 incolumem
3054 2904 3340 2945 reversum
3359 2909 3378 2944 :
3396 2895 3589 2947 monet
3603 2895 3670 2946 ut
3687 2885 3760 2947 ad
3789 2908 3848 2948 se

2323 2903 2477 2950 aum,
2494 2903 2552 2941 se
2589 2903 2658 2941 ue
2680 2903 2800 2943 meo

2322 2957 2514 3011 venire
2543 2903 2800 3027 Festinet.

2430 3044 2640 3101 Dilecto
2661 3043 2773 3101 filio
2801 3047 3164 3104 Baaaucsaro
3194 3049 3388 3106 illustri
3416 3051 3617 3108 comiti.

2321 3133 2512 3189 Balatu
2558 3135 2946 3191 nonnullorum
3002 3137 3328 3206 audivimus,
3383 3141 3616 3196 maxime
3683 3142 3845 3212 hujus

2251 3222 2504 3278 Widonis
2533 3223 2746 3280 comitis
2775 3225 2942 3280 nostri
2970 3226 3285 3295 consiliarii,
3321 3237 3379 3283 ut
3409 3238 3593 3285 vestra
3621 3230 3842 3286 devotio

2248 3311 2564 3367 charitatem
2608 3328 2771 3384 quam
2815 3329 2948 3387 erga
3003 3331 3106 3371 nos
3135 3325 3482 3388 nostramque
3523 3318 3842 3384 Ecclesiam,

2249 3408 2488 3455 vestram
2514 3401 2765 3458 videlicet
2788 3412 3038 3471 matrem,
3073 3421 3292 3476 semper
3339 3406 3636 3477 habueras,
3665 3407 3844 3480 magis

2248 3489 2536 3562 magisque
2565 3489 2781 3546 adoleat
2805 3509 2818 3545 :
2849 3491 2906 3546 in
2934 3508 3039 3564 quo
3066 3493 3276 3566 gratias
3294 3494 3509 3566 agimus
3537 3505 3591 3550 et
3621 3504 3679 3551 ut
3708 3512 3844 3568 pro-

2247 3575 2396 3634 ficias
2423 3578 2722 3634 hortamur.
2753 3580 2899 3636 Ecce
2929 3581 3071 3636 enim
3100 3582 3328 3638 audistis
3375 3599 3478 3654 pro
3533 3583 3731 3656 quibus
3783 3586 3842 3640 in

2251 3664 2440 3722 Galliae
2467 3667 2709 3738 partibus
2748 3669 3020 3739 synodum
3069 3669 3488 3738 celebravimus,
3531 3681 3584 3728 et
3611 3672 3847 3729 Ludovi-

2249 3770 2372 3810 cum
2404 3771 2594 3828 regem
2637 3756 2940 3829 gloriosum
2967 3755 3112 3813 aﬂ’ati
3133 3758 3350 3826 fuimus,
3384 3760 3476 3832 qui
3505 3761 3666 3816 nobis
3701 3762 3846 3818 hunc

2249 3843 2519 3900 Bosonem
2550 3845 2854 3917 principem
2884 3847 3062 3902 virum
3106 3848 3586 3918 consultissimum,
3633 3850 3845 3924 sibique

2249 3948 2322 3988 ex
2352 3932 2499 3989 omni
2525 3942 2680 4005 parte
2710 3935 3059 4004 conjunctum
3085 3937 3254 4005 dedit,
3287 3946 3345 3993 ut
3386 3955 3506 4006 nos,
3555 3939 3844 3995 auxiliante

2249 4021 2384 4088 Deo,
2418 4023 2598 4078 salvos
2625 4023 2744 4079 sine
2771 4023 3159 4096 impedimento
3174 4027 3445 4084 Lamberti
3477 4027 3769 4095 maledicti,
3792 4036 3846 4085 et

2248 4127 2280 4164 a
2307 4119 2492 4166 sancta
2521 4111 2620 4167 Dei
2648 4112 2903 4169 Ecclesia
2931 4115 3387 4184 anathematizati,
3420 4115 3474 4172 in
3505 4116 3698 4173 urbem
3729 4117 3844 4173 Ro-

2248 4215 2395 4254 mam
2425 4199 2678 4270 mitteret,
2709 4217 2834 4258 cum
2863 4217 2972 4274 quo
3001 4219 3102 4258 nos
3121 4202 3346 4274 paciﬁca
3373 4220 3473 4276 pro
3501 4213 3653 4261 certo
3683 4205 3838 4262 veni-

2247 4304 2389 4343 mus.
2414 4288 2678 4344 Cazterum
2708 4299 2990 4346 monentes
3020 4291 3299 4359 mittimus,
3333 4301 3388 4348 et
3421 4302 3682 4366 rogantes
3711 4294 3843 4350 hor-

2250 4385 2448 4445 tamur,
2479 4378 2682 4434 relictis
2700 4379 2822 4434 aliis
2839 4381 3092 4436 omnibus
3110 4381 3276 4448 curis,
3295 4382 3366 4437 ad
3395 4397 3497 4438 nos
3525 4383 3845 4454 praesentia-

2247 4465 2369 4522 liter
2396 4467 2584 4523 venire
2612 4476 2850 4542 satagas.
2883 4468 3171 4538 Quoniam,
3231 4471 3332 4528 scit
3388 4472 3555 4538 Deus,
3606 4487 3718 4528 non
3772 4473 3842 4528 ob

2247 4554 2396 4610 aliud
2427 4571 2526 4612 vos
2573 4556 2777 4629 alloqui
2813 4557 3080 4630 cupimus,
3131 4559 3236 4614 nisi
3275 4567 3334 4614 ut
3381 4567 3688 4616 sanctarum
3745 4560 3843 4617 Dei

2246 4642 2616 4700 Ecclesiarum
2647 4653 2845 4702 statum
2874 4654 2928 4703 et
2958 4647 3202 4719 quietum
3231 4648 3548 4720 reipublicae
3575 4665 3700 4706 cum
3743 4649 3840 4706 ho-

2245 4748 2381 4788 nore
2411 4749 2521 4789 una
2551 4734 2833 4792 vobiscum
2862 4743 3174 4793 tractemus.
3201 4737 3340 4794 Data
3368 4741 3434 4794 ut
3463 4755 3659 4814 supra.

2922 4835 3164 4891 CLXXI.

2307 4934 2380 4974 AD
2411 4935 2744 4978 ΑΝεΡΕιιτυκ
2772 4939 3249 4980 ARCHIEPISCOPUI
3279 4939 3776 4982 κευιοιΑΝΕΝεει.

2864 5013 3046 5084 (Λιιηο
3078 5013 3230 5085 878.)

2245 5098 2508 5177 Increpat
2525 5114 2654 5156 eum
2679 5101 2822 5177 quod
2839 5101 2947 5177 sibi
2959 5103 3248 5177 auxilium
3263 5119 3378 5160 non
3398 5104 3632 5177 tulerit,-
3650 5109 3710 5161 et
3713 5107 3840 5177 jam

2318 5170 2486 5246 tertio
2514 5170 2704 5246 monet
2731 5175 2798 5227 ut
2826 5172 2934 5228 sibi
2977 5173 3215 5246 Papiam
3245 5178 3402 5230 certa
3437 5175 3527 5231 die
3562 5170 3694 5232 cum
3713 5170 3842 5232 suis

2315 5239 2694 5313 suﬁ'raganeis
2722 5247 3007 5299 occurrat.

2315 5328 2788 5386 Reverendissimo
2813 5339 2866 5386 et
2884 5331 3230 5388 sanctissimo
3250 5333 3508 5390 confratri
3537 5337 3837 5390 ANspaa'ro

2244 5417 2541 5474 venerabili
2560 5419 2976 5492 archiepiscopo
2995 5421 3409 5479 Mediolanensi.

2315 5505 2587 5576 Quantum
2617 5507 2860 5582 benigna
2908 5508 3219 5566 fraternitas
3262 5519 3445 5568 vestra
3488 5520 3691 5569 sanctae
3722 5512 3839 5569 sedi
