4160 6308
259 299 364 352 809

1395 295 1748 354 EPISTOLIE
1794 297 1884 351 ET
1939 295 2285 353 DECRETA.

3471 305 3574 358 810

258 419 580 492 apostolicae
597 433 926 476 concurrere
957 435 1020 476 ac
1046 419 1382 476 concordare
1411 421 1627 487 debeat,
1646 420 1864 491 praede-
1893 420 1949 480 A
1967 424 2288 478 auctoritate
2333 425 2612 478 hortantes
2633 424 2748 493 jam
2779 423 2936 479 tertio
2981 425 3304 480 mandamus
3331 434 3389 482 ut
3415 441 3566 498 prte-

265 523 455 565 cessor
509 516 696 564 noster
746 509 937 564 beatus
987 507 1238 568 Gelasius
1281 525 1418 581 papa
1467 510 1537 565 ad
1585 510 1874 580 episcopos

267 598 728 670 parvipendentes
759 599 1096 653 vexationem
1143 599 1363 653 fratrum
1399 599 1484 655 his
1513 597 1690 653 verbis
1718 613 1872 653 com-

273 686 534 742 minando
579 687 786 754 scribit,
840 687 1074 742 dicens:
1117 687 1226 742 Cur
1269 703 1379 742 non
1424 687 1694 757 compassi
1744 687 1876 742 estis

273 775 437 830 tantis
481 774 738 829 fratribus
767 775 1008 830 vestris?
1039 777 1148 830 Cur
1190 791 1298 830 non
1343 775 1531 830 adistis
1577 775 1876 846 imperato-

273 861 437 918 rem?
471 863 579 919 Cur
620 879 728 919 non
769 863 1026 934 posuistis
1069 864 1306 920 animum
1348 880 1448 935 pro
1491 863 1873 934 confratribus,

273 968 434 1024 quam
485 961 816 1032 praeceptum
858 953 1073 1008 habetis
1121 969 1322 1023 ponere
1369 968 1468 1025 pro
1515 969 1684 1026 grege
1723 953 1878 1008 vobis

270 1039 610 1097 commisso?
639 1041 747 1096 Cur
775 1055 882 1096 non
911 1041 1170 1112 posuistis
1214 1057 1312 1096 vos
1359 1057 1460 1112 pro
1507 1041 1670 1096 domo
1712 1042 1880 1098 Israel

287 1146 527 1197 murum,
557 1138 612 1184 ut
643 1130 860 1185 staretis
891 1130 945 1184 in
973 1130 1177 1201 praeliis
1208 1129 1261 1183 in
1282 1130 1425 1185 diem
1455 1129 1714 1185 Domini?
1741 1129 1882 1198 Qua-

281 1226 504 1290 propter
546 1219 766 1273 tandem
806 1218 1056 1273 discussa
1101 1218 1438 1292 negligentia
1481 1218 1547 1273 ad
1595 1218 1882 1289 pristinum

279 1314 381 1362 ros
409 1305 704 1362 reformate
734 1313 1032 1373 certamen,
1065 1307 1314 1361 fratribus
1363 1307 1626 1362 auxilium
1671 1307 1881 1362 concita

291 1393 649 1450 aﬂ'erendum.
691 1397 819 1451 Haec
857 1404 910 1451 et
947 1397 1140 1450 horum
1178 1395 1373 1450 similia
1409 1405 1649 1451 vestram
1687 1395 1882 1450 frater-

289 1483 516 1540 nitatem
545 1484 840 1540 debuerant
883 1484 1130 1554 exempla
1172 1500 1488 1555 provocare,
1519 1492 1574 1539 et
1597 1484 1757 1539 nobis
1780 1499 1882 1555 pro

287 1572 454 1628 totius
483 1579 679 1628 sanctae
727 1573 827 1628 Dei
868 1572 1134 1629 Ecclesiae
1180 1581 1319 1628 statu
1361 1573 1730 1629 laborantibus
1773 1588 1884 1628 non

288 1667 500 1716 tantum
530 1661 682 1717 inviti
701 1663 835 1732 jam,
868 1660 966 1717 sed
997 1663 1158 1717 etiam
1189 1671 1379 1733 sponte
1425 1677 1751 1719 concurrere
1781 1661 1882 1717 de-

285 1749 427 1807 betis
453 1767 518 1806 ac
541 1750 824 1808 debuistis.
875 1751 982 1806 Sed
1018 1751 1131 1820 jam
1177 1767 1321 1806 nunc
1367 1760 1490 1822 post
1537 1751 1745 1808 tertiam
1781 1752 1884 1806 ad-
1910 1773 1966 1837 Β

285 1839 638 1894 monitionem
667 1839 826 1894 nobis
853 1856 976 1895 cum
1007 1839 1363 1896 confratribus
1391 1839 1586 1896 vestris
1614 1847 1667 1894 et
1695 1839 1884 1912 coepi-

291 1923 474 1995 sc0pis
503 1925 714 1980 studete
743 1924 963 1996 Papiam
992 1925 1098 1980 hac
1128 1924 1316 1996 quinta
1345 1924 1484 1980 feria
1507 1925 1757 1996 proxima
1784 1924 1888 1979 ad-

292 2012 541 2068 veniente
570 2029 892 2082 occurrere,
951 2014 1124 2068 zelum
1179 2013 1309 2079 Dei,
1367 2030 1530 2085 quem
1583 2029 1682 2085 pro
1734 2013 1890 2069 vobis

303 2099 558 2156 omnibus
593 2101 789 2172 patior,
833 2109 996 2173 atque
1037 2100 1280 2157 dolorem
1326 2101 1628 2169 audientes,
1660 2100 1892 2173 utquod

297 2189 560 2261 deinceps
587 2191 734 2246 Deus
762 2191 1104 2262 omnipotens
1149 2191 1424 2246 communi
1450 2199 1635 2247 vestro
1663 2189 1894 2247 consilio

294 2279 621 2346 decreverit,
644 2278 824 2336 facere
845 2281 1140 2336 valeamus.
1164 2280 1342 2348 Nulla,
1365 2280 1534 2336 frater
1552 2280 1891 2348 charissima,

303 2368 488 2424 animo
513 2377 697 2424 vestro
725 2369 972 2425 dubietas
1000 2369 1251 2432 insideat,
1275 2369 1329 2424 in
1351 2385 1471 2426 mea
1491 2368 1598 2425 ﬁde
1619 2377 1670 2424 et
1689 2369 1744 2423 in
1771 2385 1896 2424 meo

303 2457 614 2514 sacerdotio
659 2458 901 2524 credite;
947 2459 1022 2513 nil
1069 2466 1258 2514 contra
1303 2467 1536 2514 vestram
1593 2457 1899 2514 decentiam

301 2554 459 2617 atque
504 2547 769 2601 honorem
817 2546 974 2602 vobis
1018 2547 1362 2619 aliquatenus
1404 2555 1708 2618 opponatur
1748 2547 1896 2618 quia,

299 2635 447 2706 quod
477 2650 582 2690 non
612 2644 878 2705 optamus,
912 2635 957 2690 si
987 2637 1104 2692 haec
1133 2636 1522 2707 parvipendere
1543 2636 1896 2702 tentaveritis,

279 2732 409 2793 post
437 2733 636 2779 tantam
663 2725 977 2796 patientiam
1007 2725 1268 2781 canonica
1297 2725 1450 2780 eritis
1477 2733 1568 2780 ⁸...

967 2851 1228 2906 CLXXII.

688 2954 760 2993 AD
801 2955 1202 2995 BERENGARIUM
1240 2955 1506 2996 COMITEM.

515 3026 722 3084 Narrat
753 3029 963 3086 labores
982 3046 1082 3102 pro
1102 3030 1354 3084 Ecclesia
1372 3031 1679 3100 susceptos.

1976 513 2277 567 sentialiter
2317 513 2386 566 ad
2429 528 2548 577 nos,
2600 511 2923 578 cliarissimi,
2975 521 3230 584 tanquam
3259 515 3329 569 ad
3355 523 3568 586 patrem

1975 602 2162 656 venire
2192 601 2454 663 debeatis,
2487 610 2539 656 et
2569 601 2624 655 ut
2655 601 2747 655 alii
2778 600 2996 655 veniant
3025 601 3160 657 alter
3186 602 3412 658 alterum
3441 603 3573 660 inci?

1974 699 2069 758 tet,
2103 699 2153 745 et
2183 691 2283 746 has
2313 690 2518 745 litteras
2544 690 2719 762 primo
2747 679 3242 762 legens—remittere
3296 685 3414 747 aliis
3446 709 3580 764 pro-

1977 783 2130 832 curet
2163 793 2176 831 :
2209 783 2473 847 quatenus
2519 775 2796 830 venientes
2846 791 2951 830 una
2997 775 3280 831 nobiscum
3323 775 3394 832 de
3431 785 3572 834 statu

1979 873 2284 920 sanctarum
2329 863 2428 919 Dei
2475 863 2846 919 Ecclesiarum
2876 871 2932 923 et
2959 863 3138 936 quiete
3183 863 3492 934 reipublicae
3522 873 3576 922 et

1977 961 2164 1010 nostra
2196 961 2487 1024 vestraque
2515 952 2757 1010 omnium
2785 951 2958 1008 salute
2989 951 3259 1022 synodum
3289 952 3574 1010 celebran-

1980 1050 2080 1110 tes,
2113 1050 2433 1107 tractemus;
2479 1041 2534 1096 in
2578 1041 2792 1113 quibus,
2846 1040 3185 1096 dilectissimi
3233 1041 3348 1106 ﬁlii.
3379 1058 3448 1100 ne
3471 1059 3571 1100 ve.

1982 1139 2094 1189 stra
2125 1130 2361 1187 charitas
2391 1138 2585 1201 tepeat,
2619 1146 2757 1184 neve
2787 1128 3117 1202 religiositas
3147 1129 3446 1200 inobediat,
3472 1131 3576 1186 sed

1982 1219 2337 1292 compatiatur
2388 1228 2446 1275 ut
2493 1226 2707 1290 oportet
2755 1233 2820 1278 ac
2866 1217 3084 1285 doleat;
3133 1218 3264 1289 quia
3316 1219 3577 1290 scriptum

1983 1317 2065 1365 est
2111 1308 2336 1381 qualiter
2383 1308 2596 1379 tepidus
2643 1307 2710 1362 sit
2751 1308 2874 1377 jure
2913 1306 3234 1371 vomendus,
3265 1315 3318 1364 et
3345 1309 3581 1380 qualiter
3677 1295 3682 1299 ’
3759 1303 3764 1310 ’

1982 1413 2078 1468 per
2105 1395 2528 1453 inobedientiam
2574 1395 2732 1466 culpa
2759 1411 2878 1467 qua).
2909 1410 3018 1450 non
3047 1393 3164 1459 fuit,
3198 1393 3284 1457 sit.
3319 1403 3372 1454 et
3399 1397 3579 1470 quali-

1984 1494 2066 1542 ter
2095 1488 2188 1558 qui
2228 1501 2338 1541 non
2381 1484 2724 1556 compatitur.
2769 1484 2992 1541 decreto
3031 1481 3328 1555 pontiﬁcali
3365 1483 3574 1546 feritur.

1984 1575 2124 1630 Data
2151 1579 2218 1630 ut
2248 1591 2437 1647 supra.

2346 1676 2348 1679 '
2636 1661 2926 1719 CLXXIII.

2321 1767 2394 1806 AD
2431 1766 2748 1807 ιυῡονιαωι
2783 1764 3003 1806 ΒΑιΒυΜ
3037 1765 3244 1808 non.

2603 1841 2782 1911 (Anno
2818 1839 2965 1910 878).

1986 1930 2217 2002 Bosonis
2255 1930 2498 2002 comitis,
2541 1933 2601 1986 et
2627 1930 2908 2002 Agilmari
2936 1930 3198 2002 episcopi,
3229 1931 3477 2002 aquibus
3517 1933 3586 1987 in

2061 1999 2290 2055 Italiam
2339 1999 2615 2076 deductus
2657 1999 2870 2076 fuerat,
2919 1999 3173 2057 studium
3204 1999 3338 2074 erga
3363 2017 3422 2057 se
3450 2017 3586 2076 ope-

2061 2087 2292 2142 ramque
2324 2071 2698 2127 commendat.

2062 2157 2426 2214 Dilectissimo
2479 2156 2594 2214 ﬁlio
2648 2158 2934 2214 Lunovmo
2987 2157 3384 2231 gloriosissimo
3437 2157 3588 2232 regi,

1993 2248 2132 2304 diva:
2160 2248 2440 2304 memorias
2466 2247 2645 2303 Caroli
2673 2247 3013 2318 imperatoris
3041 2245 3172 2304 tilio.

2066 2337 2278 2406 Quanto
2311 2351 2411 2392 vos
2437 2351 2622 2392 amore
2642 2335 2940 2408 diligimus,
2964 2345 3334 2408 quantumque
3362 2336 3596 2394 charita-

1993 2426 2064 2481 tis
2091 2424 2340 2482 aﬂ'ectum
2370 2439 2502 2498 erga
2532 2441 2630 2481 vos
2660 2433 2930 2491 tenemus,
2960 2425 3145 2496 paucis
3175 2425 3450 2496 explicare
3479 2431 3598 2480 ver-

1995 2514 2082 2569 bis
2108 2514 2330 2570 minime
2356 2529 2648 2585 possumus
2673 2531 2686 2568 :
2718 2515 2823 2570 hoc
2850 2521 3030 2572 tamen
3059 2511 3288 2585 gloriam
3320 2509 3597 2569 excellen-

1997 2603 2087 2660 tiae
2106 2611 2303 2659 vestrae
2330 2603 2472 2660 scire
2492 2601 2760 2674 cupimus,
2783 2601 2926 2674 quod
2948 2601 3291 2658 devotionem
3323 2601 3600 2658 ardorem-

2001 2709 2106 2764 que
2134 2692 2435 2759 charitatis,
2465 2692 2602 2748 sicut
2631 2691 2852 2762 polliciti
2884 2701 3089 2755 sumus,
3123 2703 3256 2764 erga
3287 2703 3387 2746 vos
3415 2685 3580 2748 indeii

2001 2783 2232 2839 cientem
2265 2790 2527 2853 perpetuo
2575 2779 2892 2837 retinemus.
2926 2779 3136 2835 Interea
3163 2777 3416 2835 millenas
3446 2791 3602 2836 sere-

2002 2871 2153 2926 nitati
2199 2879 2396 2926 vestrae
2425 2870 2494 2926 de
2523 2869 2734 2925 Bosone
2763 2867 2960 2925 dilecto
2990 2877 3043 2923 et
3072 2867 3345 2925 communi
3389 2862 3502 2924 ﬁlio
3540 2875 3609 2925 ac

2005 2960 2165 3016 ﬁdele
2194 2959 2398 3032 gratias
2427 2959 2736 3022 reterimus,
2769 2957 2862 3030 qui
2893 2966 3001 3014 tam
3032 2955 3330 3028 prudenter
3355 2967 3608 3012 commu-

2007 3050 2166 3104 nibus
2215 3049 2602 3119 obtemperans
2644 3045 2812 3116 jussis
2839 3089 2852 3110 ,
2903 3057 3096 3116 parere
3139 3043 3194 3099 in
3240 3045 3494 3100 omnibus
3539 3044 3614 3099 ita

375 3115 588 3206 pileo“)
607 3115 725 3206 ﬁlio
754 3117 1118 3174 BENE-"mmo
1148 3117 1392 3191 ἑζῙΟΥίοεο
1421 3117 1625 3206 comiti,
1657 3132 1753 3171 se“
1781 3131 1906 3206 0Ψῆ
1941 3135 1992 3198 C.
2013 3138 2170 3194 nobis
2201 3115 2420 3198 studuit,
2451 3143 2509 3190 ut
2539 3115 2703 3192 etiam
2733 3134 2878 3190 velut
2904 3115 3032 3190 vere
3060 3131 3378 3189 Christianae
3398 3131 3618 3206 religio-

311 3203 473 3260 nibus
505 3205 856 3276 Optimatibus
885 3207 1371 3279 Longobardorum
1401 3205 1554 3279 regni
1585 3213 1782 3262 sanctae
1812 3203 1913 3260 Dei

313 3293 580 3350 Ecclesiae
603 3292 873 3350 ﬁdelibus.

384 3377 599 3450 Quanta
626 3391 678 3438 et
707 3383 890 3456 qualia
919 3384 1167 3440 Romana
1205 3382 1472 3447 Ecclesia,
1507 3391 1692 3438 vestra
1719 3381 1916 3438 videli-

311 3477 398 3526 cet
427 3479 613 3537 mater,
646 3471 910 3528 hactenus
941 3471 1010 3528 ab
1039 3471 1372 3544 impiissimis
1403 3470 1726 3528 Christianis
1754 3485 1918 3542 passa

317 3567 418 3625 est,
453 3567 506 3616 et
533 3560 731 3616 nostris
759 3561 956 3616 litteris
999 3559 1451 3634 significantibus,
1483 3568 1536 3616 et
1566 3576 1783 3616 rumore
1812 3575 1916 3631 po-

313 3647 428 3720 puli
467 3656 720 3706 narrante
743 3650 854 3718 jam
887 3651 1131 3717 audistis,
1163 3659 1216 3706 et
1245 3657 1303 3704 ut
1334 3649 1532 3706 certius
1579 3649 1778 3716 sciatis,
1812 3647 1917 3703 ite-

309 3741 446 3792 ‘rum
472 3735 864 3810 significamus.
896 3739 1042 3795 Ecce
1071 3739 1216 3794 enim
1247 3754 1346 3811 pro
1375 3737 1571 3810 quibus
1599 3745 1651 3794 et
1679 3753 1778 3809 pro
1803 3752 1920 3792 om-

321 3825 470 3880 nium
500 3833 739 3882 vestrum
784 3827 958 3884 salute
1004 3827 1200 3884 animae
1241 3835 1444 3884 nostrae
1471 3843 1582 3882 non
1610 3835 1914 3898 parcentes,

325 3913 450 3987 quia
477 3931 575 3986 per
597 3923 798 3971 terram
828 3933 930 3986 pro
957 3917 1227 3988 praedictis
1247 3914 1692 3988 persecutoribus
1723 3915 1792 3971 ad
1823 3930 1921 3971 vos

321 4002 632 4073 viciniores,
666 4013 720 4058 ut
749 4021 838 4060 res
869 4005 1184 4076 expetierat,
1209 4005 1396 4061 venire
1429 4005 1788 4076 nequivimus,
1812 4017 1922 4058 ma-

322 4091 504 4146 rinum
559 4093 660 4148 iter
717 4093 1062 4165 accepimus;
1123 4103 1175 4149 et
1232 4095 1288 4148 in
1343 4094 1619 4149 Franciam
1684 4093 1918 4158 ibimus,

321 4187 624 4253 quaerentes
675 4183 1115 4254 tranquillitatem
1165 4191 1326 4254 atque
1371 4182 1648 4244 auxilium,
1683 4181 1775 4236 ubi
1818 4196 1920 4235 no-

324 4268 423 4324 stri
453 4278 826 4326 antecessores
856 4272 1122 4343 qumsiere
1167 4270 1462 4342 pontifices.
1506 4270 1748 4325 Misimus
1779 4269 1923 4326 enim

328 4359 581 4414 omnibus
613 4359 854 4432 regibus,
888 4361 941 4415 id
972 4371 1053 4416 cst
1084 4359 1358 4416 Ludovico
1389 4359 1573 4415 domui
1609 4358 1790 4414 Caroli
1817 4359 1924 4412 im-

2018 3226 2103 3282 nis
2133 3226 2325 3290 cultor,
2371 3225 2564 3280 animae
2593 3231 2645 3279 et
2675 3223 2796 3278 vitm
2849 3233 2963 3278 suae
3008 3237 3116 3277 non
3158 3220 3486 3292 pepercerit,
3519 3220 3619 3278 sed

2014 3331 2112 3388 pro
2143 3323 2342 3370 sancta
2389 3311 2654 3370 Ecclesiae
2683 3319 2736 3367 et
2766 3310 3041 3368 communi
3085 3305 3344 3366 ﬁdelitate
3381 3307 3522 3366 ultro
3553 3321 3614 3366 se

2016 3403 2176 3460 morti
2223 3405 2437 3458 tradere
2467 3417 2575 3458 non
2617 3399 2898 3466 dubitavit,
2933 3407 2985 3454 et
3014 3413 3187 3470 usque
3217 3397 3484 3462 Ticinum,
3515 3411 3620 3452 an-

2017 3501 2215 3550 nuente
2261 3494 2408 3554 Deo,
2461 3490 2702 3548 securius
2748 3504 2848 3544 nos
2911 3485 3184 3560 perduxit.
3251 3484 3614 3558 Quapropter,

2017 3581 2370 3638 dilectissime
2392 3578 2487 3646 ﬁli,
2511 3595 2572 3636 ac
2595 3577 2975 3650 porphyretice
3004 3591 3122 3642 rex,
3155 3575 3513 3631 obsecramus
3532 3587 3627 3632 ex-

2019 3671 2286 3726 cellantiae
2329 3678 2522 3725 vestrae
2567 3667 2784 3724 culmen
2821 3673 2898 3730 ut,
2947 3664 2992 3721 si
3037 3677 3126 3720 res
3169 3661 3434 3734 exegerit,
3483 3661 3630 3720 sicut

2017 3759 2176 3815 nobis
2206 3767 2389 3814 vestra
2433 3757 2657 3830 dignata
2687 3763 2766 3810 est
2795 3752 3170 3825 repromittere
3216 3749 3540 3818 sublimitas,
3573 3748 3626 3808 ei

2020 3846 2343 3918 adjutorium
2386 3845 2454 3901 ad
2493 3842 2846 3900 debellandos
2891 3842 3079 3897 hostes
3125 3848 3339 3896 nostros
3383 3837 3624 3895 virorum

2020 3937 2344 3992 bellatorum
2397 3931 2784 3990 adminiculum
2834 3930 3172 4002 prarbeatis:
3221 3927 3476 4000 quoniam
3533 3925 3625 3984 di-

2022 4042 2189 4098 gnum
2228 4032 2308 4079 est
2357 4031 2411 4078 ut
2460 4022 2560 4077 soli
2607 4036 2798 4076 omnes
2841 4017 3164 4087 adiutorium
3213 4015 3490 4086 prabeant
3537 4014 3629 4086 qui

2023 4114 2172 4168 solus
2201 4127 2302 4184 pro
2330 4109 2536 4167 cunctis
2579 4109 2845 4163 desudare
2886 4120 2995 4160 non
3041 4110 3240 4160 cessat.
3291 4102 3624 4158 Praesentem

2022 4201 2200 4273 itaque
2231 4200 2389 4270 hujus
2417 4197 2648 4252 latorem
2677 4194 2938 4266 epistolae,
2973 4191 3306 4265 Agilmarum
3334 4218 3362 4256 ι,
3392 4201 3620 4248 venera-

2023 4289 2188 4345 bilem
2219 4288 2556 4360 episcopum,
2587 4282 2922 4341 excellentia:
2942 4289 3136 4338 vestra:
3155 4278 3448 4352 plurimum
3475 4291 3621 4333 com-

2024 4379 2366 4443 mendamus,
2401 4384 2670 4448 quatenus
2690 4373 2832 4428 idem
2880 4385 3090 4442 suaque
3135 4365 3380 4425 Ecclesia
3411 4373 3624 4423 crescat

326 4447 599 4555 Ρθξθίξπίξ
640 4446 770 4548 δξίξλ
803 4456 856 4504 ει
886 4448 1298 4555 ,(Ῑθξξξξοηῖθηηο
1330 4457 1378 4503 εί
1410 4447 1702 4548 Ῑλξάονίςοι
1735 4455 1795 4546 εί,
1817 4445 1926 4555 ca:
1953 4493 2008 4555 Ι)
2028 4476 2320 4542 augmento
2349 4445 2720 4537 perfectionis,
2752 4460 2844 4534 qui
2872 4461 2926 4514 in
2956 4457 3211 4521 omnibus
3248 4453 3627 4555 opportunita-

328 4536 450 4592 rolo
487 4537 742 4592 Ludovici
782 4537 930 4608 regis
972 4536 1114 4602 ﬁliis,
1148 4547 1203 4593 ut
1234 4554 1356 4592 cum
1400 4536 1510 4592 suis
1559 4535 1828 4607 episcOpis
1859 4535 1924 4590 ad

331 4641 434 4680 nos
465 4626 728 4692 venirent,
763 4635 813 4681 et
843 4643 952 4682 una
980 4626 1264 4682 nobiscum
1293 4642 1460 4697 super
1486 4625 1571 4680 his
1615 4633 1926 4682 tractarent.

2030 4539 2173 4612 tibus
2202 4553 2401 4610 nostris
2430 4552 2560 4609 nulli
2591 4549 2862 4608 secundus
2903 4547 3122 4613 exstitit,
3155 4553 3208 4601 et
3236 4543 3392 4600 vobis
3420 4539 3628 4598 ﬁdelis—

2029 4628 2224 4702 sim‘um
2255 4643 2309 4700 in
2337 4642 2546 4700 cunctis
2573 4657 2693 4714 quae.
2724 4636 3038 4714 cognoverit
3066 4631 3348 4692 verissime
3377 4643 3629 4706 compro-

331 4713 414 4767 Ex
469 4713 664 4786 quibus
701 4715 844 4772 venit
903 4715 1206 4772 Ludovicus
1261 4733 1386 4780 rex,
1450 4725 1502 4770 et
1557 4713 1717 4770 tantis
1771 4713 1902 4768 mali

2028 4735 2295 4790 bavimus.
2340 4733 2484 4790 Inter
2512 4713 2629 4787 haec
2657 4713 2944 4802 episcopos
2965 4737 3103 4798 quos
3142 4719 3407 4779 serenitas
3452 4725 3636 4776 vestra

331 4801 642 4873 perdolens,
689 4804 795 4859 nisi
851 4802 1098 4859 inﬁrmus
1154 4813 1318 4874 esset,
1368 4805 1652 4860 nobiscum
1702 4803 1931 4860 veniret.

2032 4823 2088 4880 in
2130 4833 2380 4879 nostrum
2421 4819 2580 4892 jussit
2627 4818 2810 4874 venire
2851 4811 3206 4884 adiutorium,
3251 4809 3394 4866 scias
3435 4814 3634 4880 praeter

331 4891 454 4987 fam
499 4892 626 4987 quia
672 4909 773 4964 pro
821 4892 1130 4987 inﬁrmitate
1177 4911 1284 4949 non
1332 4894 1538 4964 potuit,
1585 4892 1735 4948 dedit
1780 4891 1939 4987 nobis
2037 4913 2376 4987 Agilmamm
2404 4891 2609 4965 nullum
2637 4905 2872 4963 venisse.
2905 4901 3246 4972 Quapropter
3275 4895 3484 4971 regam
3513 4909 3638 4954 ceu.

338 4981 484 5036 hunc
513 4980 780 5038 Bosonem
807 4982 1110 5054 principem
1135 4983 1237 5038 sibi
1265 4999 1330 5038 ex
1359 4983 1505 5038 omni
1534 4991 1688 5053 parte
1717 4982 1941 5051 conjun-

339 5079 506 5135 ctum,
541 5069 632 5142 qui
663 5088 749 5126 me
779 5087 880 5142 per
907 5071 1157 5128 inimicos
1187 5081 1386 5128 sanctae
1421 5071 1519 5127 Dei
1551 5069 1810 5128 Ecclesiae
1841 5069 1946 5124 sal-

2041 4984 2164 5058 sura
2201 4999 2450 5056 culminis
2491 4993 2657 5054 vestri
2700 5010 2799 5050 sua
2846 4989 3164 5048 auctoritate
3209 4984 3498 5060 compellat
3543 5000 3640 5042 eos

2043 5089 2365 5164 quantocius
2393 5087 2661 5142 hostiliter
2685 5083 2751 5156 [Γ.
2784 5076 3142 5154 synodaliter]
3173 5077 3398 5133 Romam
3430 5074 3638 5164 venire,

339 5175 471 5214 vum
513 5159 751 5216 ducem-‘-
799 5161 939 5216 Ecce
995 5161 1158 5228 enim:
1193 5161 1485 5215 auxumme
1533 5160 1670 5223 θεον
1721 5159 1946 5230 Papiam
2045 5159 2103 5236 ut
2149 5181 2216 5235 de
2264 5188 2458 5235 caetero
2505 5175 2714 5230 discant
2761 5169 3058 5244 apostolico
3103 5165 3325 5224 culmini
3371 5173 3424 5220 et
3469 5162 3647 5237 regali

341 5247 608 5302 venimus.
630 5246 974 5320 QuaprOpter
991 5259 1274 5304 monentes
1293 5249 1552 5303 mittimus
1573 5257 1625 5302 et
1647 5247 1950 5318 apostolica
2049 5267 2380 5326 excellentia?
2409 5272 2772 5339 congruenter
2799 5259 3046 5333 pmbere
3075 5253 3464 5313 obedientiam,

453 5409 598 5462 Forte
645 5410 789 5463 deest
843 5409 1268 5464 animadversione
1309 5408 1602 5473 castigandi,
1649 5404 1730 5458 vel
1771 5405 1950 5470 aliquid

353 5495 658 5560 huiusmodi.

413 5575 442 5612 δ
467 5580 788 5644 Agtlmrum.
833 5579 907 5633 Ex
949 5575 1385 5644 subscriptionibus
1425 5575 1598 5640 synodi
1644 5573 1955 5639 Tricassinaa,

603 5690 848 5745 ΡΑτιιοι..
885 5688 1132 5742 CXXVI.

2053 5420 2199 5479 atque
2222 5427 2278 5467 ex
2305 5417 2550 5481 pracepto
2584 5410 2746 5464 Caroli
2768 5406 2950 5467 Crassi.
2995 5417 3124 5461 anno
3157 5404 3276 5458 883.
3317 5403 3646 5458 Arvernorum

2057 5502 2340 5566 episcopum
2367 5496 2514 5552 fuisse
2539 5495 2878 5560 intelligimus.
2901 5495 3046 5546 Stal.

3306 5666 3374 5720 26
