  <div class='ocr_page' id='page_1' title='image "/cluster/home/n/w/nwhite01/storage/ocr_20150623/126/umn.31951002477419r/471.png"; bbox 0 0 4160 6316; ppageno 0'>
   <div class='ocr_carea' id='block_1_1' title="bbox 628 235 721 285">
    <p class='ocr_par' dir='ltr' id='par_1_1' title="bbox 628 235 721 285">
     <span class='ocr_line' id='line_1_1' title="bbox 628 235 721 285; baseline 0.022 -2"><span class='ocrx_word' id='word_1_1' title='bbox 628 235 721 285; x_wconf 77' lang='grc'>811</span> 
     </span>
    </p>
   </div>
   <div class='ocr_carea' id='block_1_2' title="bbox 1277 356 1564 412">
    <p class='ocr_par' dir='ltr' id='par_1_2' title="bbox 1277 356 1564 412">
     <span class='ocr_line' id='line_1_2' title="bbox 1277 356 1564 412; baseline 0.007 -2"><span class='ocrx_word' id='word_1_2' title='bbox 1277 356 1564 412; x_wconf 78' lang='lat' dir='ltr'>CLXXIV.</span> 
     </span>
    </p>
   </div>
   <div class='ocr_carea' id='block_1_3' title="bbox 1076 457 1768 499">
    <p class='ocr_par' dir='ltr' id='par_1_3' title="bbox 1076 457 1768 499">
     <span class='ocr_line' id='line_1_3' title="bbox 1076 457 1768 499; baseline 0.003 -4"><span class='ocrx_word' id='word_1_3' title='bbox 1076 457 1148 496; x_wconf 66' lang='grc' dir='ltr'>Ᾱυ</span> <span class='ocrx_word' id='word_1_4' title='bbox 1188 457 1509 499; x_wconf 62' lang='grc' dir='ltr'>ιειυονιοῑῖω</span> <span class='ocrx_word' id='word_1_5' title='bbox 1558 459 1768 498; x_wconf 57' lang='lat' dir='ltr'>REGI-Al.</span> 
     </span>
    </p>
   </div>
   <div class='ocr_carea' id='block_1_4' title="bbox 1240 531 1612 601">
    <p class='ocr_par' dir='ltr' id='par_1_4' title="bbox 1240 531 1612 601">
     <span class='ocr_line' id='line_1_4' title="bbox 1240 531 1612 601; baseline 0.003 -17"><span class='ocrx_word' id='word_1_6' title='bbox 1240 531 1422 601; x_wconf 77' lang='lat' dir='ltr'>(Auno</span> <span class='ocrx_word' id='word_1_7' title='bbox 1461 532 1612 601; x_wconf 81' lang='lat'><strong>878.)</strong></span> 
     </span>
    </p>
   </div>
   <div class='ocr_carea' id='block_1_5' title="bbox 623 636 2227 711">
    <p class='ocr_par' dir='ltr' id='par_1_5' title="bbox 623 636 2227 711">
     <span class='ocr_line' id='line_1_5' title="bbox 623 636 2227 711; baseline -0.002 -17"><span class='ocrx_word' id='word_1_8' title='bbox 623 639 862 695; x_wconf 75' lang='lat' dir='ltr'><strong><em>Miratur</em></strong></span> <span class='ocrx_word' id='word_1_9' title='bbox 889 636 1033 711; x_wconf 74' lang='lat' dir='ltr'>quod</span> <span class='ocrx_word' id='word_1_10' title='bbox 1063 636 1291 711; x_wconf 63' lang='lat' dir='ltr'>ﬁliabus</span> <span class='ocrx_word' id='word_1_11' title='bbox 1322 639 1573 711; x_wconf 80' lang='lat' dir='ltr'>Bosonis,</span> <span class='ocrx_word' id='word_1_12' title='bbox 1604 637 1936 711; x_wconf 61' lang='lat' dir='ltr'>pret/uibus</span> <span class='ocrx_word' id='word_1_13' title='bbox 1963 637 2108 691; x_wconf 80' lang='lat' dir='ltr'>alias</span> <span class='ocrx_word' id='word_1_14' title='bbox 2141 652 2227 711; x_wconf 82' lang='lat' dir='ltr'>ro-</span> 
     </span>
    </p>
   </div>
   <div class='ocr_carea' id='block_1_6' title="bbox 689 706 2226 780">
    <p class='ocr_par' dir='ltr' id='par_1_6' title="bbox 689 706 2226 780">
     <span class='ocr_line' id='line_1_6' title="bbox 689 706 2226 780; baseline -0.002 -17"><span class='ocrx_word' id='word_1_15' title='bbox 689 706 950 780; x_wconf 79' lang='lat' dir='ltr'>gaverat,</span> <span class='ocrx_word' id='word_1_16' title='bbox 995 706 1390 763; x_wconf 70' lang='lat' dir='ltr'>hwreditatem</span> <span class='ocrx_word' id='word_1_17' title='bbox 1427 710 1562 780; x_wconf 84' lang='lat' dir='ltr'>jure</span> <span class='ocrx_word' id='word_1_18' title='bbox 1604 706 1855 780; x_wconf 66' lang='lat' dir='ltr'>debitam</span> <span class='ocrx_word' id='word_1_19' title='bbox 1893 707 2226 780; x_wconf 36' lang='lat' dir='ltr'>nonuresti-</span> 
     </span>
    </p>
   </div>
   <div class='ocr_carea' id='block_1_7' title="bbox 694 776 2227 850">
    <p class='ocr_par' dir='ltr' id='par_1_7' title="bbox 694 776 2227 850">
     <span class='ocr_line' id='line_1_7' title="bbox 694 776 2227 850; baseline -0.003 -16"><span class='ocrx_word' id='word_1_20' title='bbox 694 776 904 843; x_wconf 74' lang='lat' dir='ltr'>tuerit;</span> <span class='ocrx_word' id='word_1_21' title='bbox 931 779 1253 850; x_wconf 83' lang='lat' dir='ltr'>iterumque</span> <span class='ocrx_word' id='word_1_22' title='bbox 1295 776 1490 834; x_wconf 74' lang='lat' dir='ltr'>monet</span> <span class='ocrx_word' id='word_1_23' title='bbox 1516 781 1583 834; x_wconf 89' lang='lat' dir='ltr'>ut</span> <span class='ocrx_word' id='word_1_24' title='bbox 1608 777 1790 850; x_wconf 88' lang='lat' dir='ltr'>ipsam</span> <span class='ocrx_word' id='word_1_25' title='bbox 1836 776 2227 833; x_wconf 68' lang='lat' dir='ltr'>hwreditatem</span> 
     </span>
    </p>
   </div>
   <div class='ocr_carea' id='block_1_8' title="bbox 692 849 1409 921">
    <p class='ocr_par' dir='ltr' id='par_1_8' title="bbox 692 849 1409 921">
     <span class='ocr_line' id='line_1_8' title="bbox 692 849 1409 921; baseline 0.001 -18"><span class='ocrx_word' id='word_1_26' title='bbox 692 849 977 921; x_wconf 74' lang='lat' dir='ltr'>integram</span> <span class='ocrx_word' id='word_1_27' title='bbox 1006 849 1089 904; x_wconf 85' lang='lat' dir='ltr'>eis</span> <span class='ocrx_word' id='word_1_28' title='bbox 1118 849 1409 904; x_wconf 79' lang='lat' dir='ltr'>restituat.</span> 
     </span>
    </p>
   </div>
   <div class='ocr_carea' id='block_1_9' title="bbox 690 951 2228 1028">
    <p class='ocr_par' dir='ltr' id='par_1_9' title="bbox 690 951 2228 1028">
     <span class='ocr_line' id='line_1_9' title="bbox 690 951 2228 1028; baseline -0.003 -17"><span class='ocrx_word' id='word_1_29' title='bbox 690 954 978 1011; x_wconf 79' lang='lat' dir='ltr'>Lunovtco</span> <span class='ocrx_word' id='word_1_30' title='bbox 1025 954 1145 1027; x_wconf 84' lang='lat' dir='ltr'>regi</span> <span class='ocrx_word' id='word_1_31' title='bbox 1193 953 1434 1027; x_wconf 85' lang='lat' dir='ltr'>glorioso</span> <span class='ocrx_word' id='word_1_32' title='bbox 1483 952 1709 1028; x_wconf 81' lang='lat' dir='ltr'>gloriosi</span> <span class='ocrx_word' id='word_1_33' title='bbox 1757 951 2013 1025; x_wconf 88' lang='lat' dir='ltr'>quoniam</span> <span class='ocrx_word' id='word_1_34' title='bbox 2078 952 2228 1026; x_wconf 88' lang='lat' dir='ltr'>regis</span> 
     </span>
    </p>
   </div>
   <div class='ocr_carea' id='block_1_10' title="bbox 623 1041 1046 1100">
    <p class='ocr_par' dir='ltr' id='par_1_10' title="bbox 623 1041 1046 1100">
     <span class='ocr_line' id='line_1_10' title="bbox 623 1041 1046 1100; baseline 0 -1"><span class='ocrx_word' id='word_1_35' title='bbox 623 1043 885 1100; x_wconf 81' lang='lat' dir='ltr'>Ludovici</span> <span class='ocrx_word' id='word_1_36' title='bbox 914 1041 1046 1099; x_wconf 95' lang='lat' dir='ltr'>ﬁlio.</span> 
     </span>
    </p>
   </div>
   <div class='ocr_carea' id='block_1_11' title="bbox 691 1129 2223 1204">
    <p class='ocr_par' dir='ltr' id='par_1_11' title="bbox 691 1129 2223 1204">
     <span class='ocr_line' id='line_1_11' title="bbox 691 1129 2223 1204; baseline -0.001 -18"><span class='ocrx_word' id='word_1_37' title='bbox 691 1132 811 1188; x_wconf 81' lang='lat' dir='ltr'>lam</span> <span class='ocrx_word' id='word_1_38' title='bbox 842 1132 988 1188; x_wconf 91' lang='lat' dir='ltr'>enim</span> <span class='ocrx_word' id='word_1_39' title='bbox 1026 1131 1454 1204; x_wconf 79' lang='lat' dir='ltr'>magnitudinem</span> <span class='ocrx_word' id='word_1_40' title='bbox 1488 1143 1747 1197; x_wconf 69' lang='lat' dir='ltr'>vestram,</span> <span class='ocrx_word' id='word_1_41' title='bbox 1779 1130 1855 1184; x_wconf 87' lang='lat' dir='ltr'>ﬁli</span> <span class='ocrx_word' id='word_1_42' title='bbox 1884 1129 2223 1196; x_wconf 73' lang='lat' dir='ltr'>charissima,</span> 
     </span>
    </p>
   </div>
   <div class='ocr_carea' id='block_1_12' title="bbox 619 1215 2227 1292">
    <p class='ocr_par' dir='ltr' id='par_1_12' title="bbox 619 1215 2227 1292">
     <span class='ocr_line' id='line_1_12' title="bbox 619 1215 2227 1292; baseline -0.001 -18"><span class='ocrx_word' id='word_1_43' title='bbox 619 1219 934 1292; x_wconf 76' lang='lat' dir='ltr'>apostolicis</span> <span class='ocrx_word' id='word_1_44' title='bbox 967 1218 1277 1275; x_wconf 85' lang='lat' dir='ltr'>monuimus</span> <span class='ocrx_word' id='word_1_45' title='bbox 1328 1219 1542 1286; x_wconf 87' lang='lat' dir='ltr'>litteris,</span> <span class='ocrx_word' id='word_1_46' title='bbox 1574 1219 1854 1274; x_wconf 81' lang='lat' dir='ltr'>hortantes</span> <span class='ocrx_word' id='word_1_47' title='bbox 1882 1233 1985 1289; x_wconf 86' lang='lat' dir='ltr'>pro</span> <span class='ocrx_word' id='word_1_48' title='bbox 2014 1215 2227 1272; x_wconf 89' lang='lat' dir='ltr'>ﬁliabus</span> 
     </span>
    </p>
   </div>
   <div class='ocr_carea' id='block_1_13' title="bbox 620 1305 2226 1379">
    <p class='ocr_par' dir='ltr' id='par_1_13' title="bbox 620 1305 2226 1379">
     <span class='ocr_line' id='line_1_13' title="bbox 620 1305 2226 1379; baseline -0.003 -15"><span class='ocrx_word' id='word_1_49' title='bbox 620 1306 848 1364; x_wconf 84' lang='lat' dir='ltr'>Bosenis</span> <span class='ocrx_word' id='word_1_50' title='bbox 875 1306 1079 1362; x_wconf 88' lang='lat' dir='ltr'>dudum</span> <span class='ocrx_word' id='word_1_51' title='bbox 1107 1306 1320 1364; x_wconf 88' lang='lat' dir='ltr'>comitis</span> <span class='ocrx_word' id='word_1_52' title='bbox 1349 1315 1404 1362; x_wconf 91' lang='lat' dir='ltr'>et</span> <span class='ocrx_word' id='word_1_53' title='bbox 1429 1306 1761 1379; x_wconf 83' lang='lat' dir='ltr'>lngeltrudis</span> <span class='ocrx_word' id='word_1_54' title='bbox 1797 1305 2066 1378; x_wconf 79' lang='lat' dir='ltr'>conjugis,</span> <span class='ocrx_word' id='word_1_55' title='bbox 2100 1305 2226 1377; x_wconf 88' lang='lat' dir='ltr'>qui-</span> 
     </span>
    </p>
   </div>
   <div class='ocr_carea' id='block_1_14' title="bbox 622 1392 2226 1467">
    <p class='ocr_par' dir='ltr' id='par_1_14' title="bbox 622 1392 2226 1467">
     <span class='ocr_line' id='line_1_14' title="bbox 622 1392 2226 1467; baseline -0.002 -16"><span class='ocrx_word' id='word_1_56' title='bbox 622 1397 724 1451; x_wconf 89' lang='lat' dir='ltr'>bus</span> <span class='ocrx_word' id='word_1_57' title='bbox 743 1395 867 1466; x_wconf 83' lang='lat' dir='ltr'><strong>jure</strong></span> <span class='ocrx_word' id='word_1_58' title='bbox 897 1394 1188 1450; x_wconf 58' lang='lat' dir='ltr'>hereditas</span> <span class='ocrx_word' id='word_1_59' title='bbox 1235 1392 1440 1450; x_wconf 84' lang='lat' dir='ltr'>deferri</span> <span class='ocrx_word' id='word_1_60' title='bbox 1487 1395 1726 1450; x_wconf 89' lang='lat' dir='ltr'>omnium</span> <span class='ocrx_word' id='word_1_61' title='bbox 1757 1393 1943 1467; x_wconf 90' lang='lat' dir='ltr'>legum</span> <span class='ocrx_word' id='word_1_62' title='bbox 1987 1393 2226 1449; x_wconf 86' lang='lat' dir='ltr'>auctori-</span> 
     </span>
    </p>
   </div>
   <div class='ocr_carea' id='block_1_15' title="bbox 618 1481 2224 1554">
    <p class='ocr_par' dir='ltr' id='par_1_15' title="bbox 618 1481 2224 1554">
     <span class='ocr_line' id='line_1_15' title="bbox 618 1481 2224 1554; baseline -0.002 -14"><span class='ocrx_word' id='word_1_63' title='bbox 618 1493 729 1540; x_wconf 81' lang='lat' dir='ltr'>tate</span> <span class='ocrx_word' id='word_1_64' title='bbox 749 1483 1086 1550; x_wconf 82' lang='lat' dir='ltr'>conceditur,</span> <span class='ocrx_word' id='word_1_65' title='bbox 1112 1482 1476 1554; x_wconf 80' lang='lat' dir='ltr'>proprietates</span> <span class='ocrx_word' id='word_1_66' title='bbox 1504 1481 1736 1538; x_wconf 83' lang='lat' dir='ltr'>reddere</span> <span class='ocrx_word' id='word_1_67' title='bbox 1758 1481 2070 1538; x_wconf 87' lang='lat' dir='ltr'>studeretis.</span> <span class='ocrx_word' id='word_1_68' title='bbox 2095 1481 2224 1549; x_wconf 88' lang='lat' dir='ltr'>Sed,</span> 
     </span>
    </p>
   </div>
   <div class='ocr_carea' id='block_1_16' title="bbox 620 1570 2222 1643">
    <p class='ocr_par' dir='ltr' id='par_1_16' title="bbox 620 1570 2222 1643">
     <span class='ocr_line' id='line_1_16' title="bbox 620 1570 2222 1643; baseline -0.002 -15"><span class='ocrx_word' id='word_1_69' title='bbox 620 1581 678 1628; x_wconf 90' lang='lat' dir='ltr'>ut</span> <span class='ocrx_word' id='word_1_70' title='bbox 706 1571 1002 1638; x_wconf 87' lang='lat' dir='ltr'>cernimus,</span> <span class='ocrx_word' id='word_1_71' title='bbox 1038 1570 1266 1631; x_wconf 88' lang='lat' dir='ltr'>inauditi</span> <span class='ocrx_word' id='word_1_72' title='bbox 1314 1570 1712 1637; x_wconf 88' lang='lat' dir='ltr'>remansimus,</span> <span class='ocrx_word' id='word_1_73' title='bbox 1746 1570 1895 1643; x_wconf 89' lang='lat' dir='ltr'>quod</span> <span class='ocrx_word' id='word_1_74' title='bbox 1938 1570 2222 1637; x_wconf 82' lang='lat' dir='ltr'>miramur,</span> 
     </span>
    </p>
   </div>
   <div class='ocr_carea' id='block_1_17' title="bbox 622 1658 2227 1730">
    <p class='ocr_par' dir='ltr' id='par_1_17' title="bbox 622 1658 2227 1730">
     <span class='ocr_line' id='line_1_17' title="bbox 622 1658 2227 1730; baseline -0.002 -14"><span class='ocrx_word' id='word_1_75' title='bbox 622 1668 675 1716; x_wconf 91' lang='lat' dir='ltr'>et</span> <span class='ocrx_word' id='word_1_76' title='bbox 703 1661 970 1716; x_wconf 86' lang='lat' dir='ltr'>mirantes</span> <span class='ocrx_word' id='word_1_77' title='bbox 1017 1659 1288 1726; x_wconf 89' lang='lat' dir='ltr'>dolemus,</span> <span class='ocrx_word' id='word_1_78' title='bbox 1319 1676 1443 1716; x_wconf 90' lang='lat' dir='ltr'>cum</span> <span class='ocrx_word' id='word_1_79' title='bbox 1471 1668 1656 1715; x_wconf 89' lang='lat' dir='ltr'>vestra</span> <span class='ocrx_word' id='word_1_80' title='bbox 1685 1659 1868 1730; x_wconf 87' lang='lat' dir='ltr'>proles</span> <span class='ocrx_word' id='word_1_81' title='bbox 1910 1658 2227 1730; x_wconf 85' lang='lat' dir='ltr'>apostolicis</span> 
     </span>
    </p>
   </div>
   <div class='ocr_carea' id='block_1_18' title="bbox 621 1746 2227 1820">
    <p class='ocr_par' dir='ltr' id='par_1_18' title="bbox 621 1746 2227 1820">
     <span class='ocr_line' id='line_1_18' title="bbox 621 1746 2227 1820; baseline -0.002 -15"><span class='ocrx_word' id='word_1_82' title='bbox 621 1748 869 1806; x_wconf 90' lang='lat' dir='ltr'>censuris</span> <span class='ocrx_word' id='word_1_83' title='bbox 896 1763 1113 1819; x_wconf 88' lang='lat' dir='ltr'>semper</span> <span class='ocrx_word' id='word_1_84' title='bbox 1137 1746 1378 1814; x_wconf 88' lang='lat' dir='ltr'>obediat,</span> <span class='ocrx_word' id='word_1_85' title='bbox 1402 1755 1455 1803; x_wconf 92' lang='lat' dir='ltr'>et</span> <span class='ocrx_word' id='word_1_86' title='bbox 1481 1763 1593 1818; x_wconf 70' lang='lat' dir='ltr'>pra:</span> <span class='ocrx_word' id='word_1_87' title='bbox 1622 1748 1874 1803; x_wconf 89' lang='lat' dir='ltr'>omnibus</span> <span class='ocrx_word' id='word_1_88' title='bbox 1903 1746 2124 1820; x_wconf 81' lang='lat' dir='ltr'>regibus</span> <span class='ocrx_word' id='word_1_89' title='bbox 2146 1747 2227 1816; x_wconf 85' lang='lat' dir='ltr'>ju-</span> 
     </span>
    </p>
   </div>
   <div class='ocr_carea' id='block_1_19' title="bbox 623 1835 2228 1908">
    <p class='ocr_par' dir='ltr' id='par_1_19' title="bbox 623 1835 2228 1908">
     <span class='ocr_line' id='line_1_19' title="bbox 623 1835 2228 1908; baseline -0.001 -15"><span class='ocrx_word' id='word_1_90' title='bbox 623 1837 825 1895; x_wconf 89' lang='lat' dir='ltr'>dicium</span> <span class='ocrx_word' id='word_1_91' title='bbox 854 1835 1038 1892; x_wconf 88' lang='lat' dir='ltr'>faciat.</span> <span class='ocrx_word' id='word_1_92' title='bbox 1072 1837 1142 1893; x_wconf 90' lang='lat' dir='ltr'>Ut</span> <span class='ocrx_word' id='word_1_93' title='bbox 1170 1852 1265 1891; x_wconf 85' lang='lat' dir='ltr'>rex</span> <span class='ocrx_word' id='word_1_94' title='bbox 1297 1836 1473 1892; x_wconf 84' lang='lat' dir='ltr'>David</span> <span class='ocrx_word' id='word_1_95' title='bbox 1501 1836 1733 1893; x_wconf 86' lang='lat' dir='ltr'>cecinit:</span> <span class='ocrx_word' id='word_1_96' title='bbox 1766 1838 1948 1892; x_wconf 76' lang='lat' dir='ltr'>Honor</span> <span class='ocrx_word' id='word_1_97' title='bbox 1975 1837 2228 1908; x_wconf 84' lang='lat' dir='ltr'>regisju-</span> 
     </span>
    </p>
   </div>
   <div class='ocr_carea' id='block_1_20' title="bbox 623 1923 2225 1997">
    <p class='ocr_par' dir='ltr' id='par_1_20' title="bbox 623 1923 2225 1997">
     <span class='ocr_line' id='line_1_20' title="bbox 623 1923 2225 1997; baseline -0.002 -14"><span class='ocrx_word' id='word_1_98' title='bbox 623 1926 837 1984; x_wconf 84' lang='lat' dir='ltr'>dicium</span> <span class='ocrx_word' id='word_1_99' title='bbox 855 1925 1049 1997; x_wconf 80' lang='lat' dir='ltr'>diligit</span> <span class='ocrx_word' id='word_1_100' title='bbox 1068 1925 1244 1995; x_wconf 86' lang='lat' dir='ltr'>(Psal.</span> <span class='ocrx_word' id='word_1_101' title='bbox 1265 1924 1443 1993; x_wconf 75' lang='lat' dir='ltr'>xcvi).</span> <span class='ocrx_word' id='word_1_102' title='bbox 1461 1925 1657 1980; x_wconf 88' lang='lat' dir='ltr'>Nonne</span> <span class='ocrx_word' id='word_1_103' title='bbox 1675 1923 1885 1996; x_wconf 76' lang='lat' dir='ltr'>legistis</span> <span class='ocrx_word' id='word_1_104' title='bbox 1907 1941 1921 1979; x_wconf 93' lang='lat'><strong>:</strong></span> <span class='ocrx_word' id='word_1_105' title='bbox 1949 1923 2225 1992; x_wconf 81' lang='lat' dir='ltr'>Quoniam</span> 
     </span>
    </p>
   </div>
   <div class='ocr_carea' id='block_1_21' title="bbox 612 2012 2224 2088">
    <p class='ocr_par' dir='ltr' id='par_1_21' title="bbox 612 2012 2224 2088">
     <span class='ocr_line' id='line_1_21' title="bbox 612 2012 2224 2088; baseline -0.002 -15"><span class='ocrx_word' id='word_1_106' title='bbox 612 2016 793 2088; x_wconf 86' lang='lat' dir='ltr'>justis</span> <span class='ocrx_word' id='word_1_107' title='bbox 819 2014 1094 2070; x_wconf 82' lang='lat' dir='ltr'>Dominus</span> <span class='ocrx_word' id='word_1_108' title='bbox 1108 2013 1404 2086; x_wconf 75' lang='lat' dir='ltr'>justitiam</span> <span class='ocrx_word' id='word_1_109' title='bbox 1431 2013 1705 2084; x_wconf 83' lang='lat' dir='ltr'>ditigit,et</span> <span class='ocrx_word' id='word_1_110' title='bbox 1719 2013 2046 2086; x_wconf 71' lang='lat' dir='ltr'>aequitatem</span> <span class='ocrx_word' id='word_1_111' title='bbox 2074 2012 2224 2069; x_wconf 82' lang='lat' dir='ltr'>videt</span> 
     </span>
    </p>
   </div>
   <div class='ocr_carea' id='block_1_22' title="bbox 624 2101 2226 2174">
    <p class='ocr_par' dir='ltr' id='par_1_22' title="bbox 624 2101 2226 2174">
     <span class='ocr_line' id='line_1_22' title="bbox 624 2101 2226 2174; baseline -0.003 -14"><span class='ocrx_word' id='word_1_112' title='bbox 624 2104 817 2160; x_wconf 82' lang='lat' dir='ltr'>vultus</span> <span class='ocrx_word' id='word_1_113' title='bbox 847 2104 1012 2173; x_wconf 80' lang='lat' dir='ltr'>eius?</span> <span class='ocrx_word' id='word_1_114' title='bbox 1037 2101 1214 2174; x_wconf 89' lang='lat' dir='ltr'>(Psal.</span> <span class='ocrx_word' id='word_1_115' title='bbox 1237 2105 1321 2173; x_wconf 68' lang='grc' dir='ltr'>ι).</span> <span class='ocrx_word' id='word_1_116' title='bbox 1345 2102 1609 2157; x_wconf 67' lang='lat' dir='ltr'>Caeterum</span> <span class='ocrx_word' id='word_1_117' title='bbox 1629 2101 2076 2158; x_wconf 87' lang='lat' dir='ltr'>reclamationem</span> <span class='ocrx_word' id='word_1_118' title='bbox 2095 2101 2226 2156; x_wconf 86' lang='lat' dir='ltr'>tilia-</span> 
     </span>
    </p>
   </div>
   <div class='ocr_carea' id='block_1_23' title="bbox 624 2189 2222 2262">
    <p class='ocr_par' dir='ltr' id='par_1_23' title="bbox 624 2189 2222 2262">
     <span class='ocr_line' id='line_1_23' title="bbox 624 2189 2222 2262; baseline -0.001 -16"><span class='ocrx_word' id='word_1_119' title='bbox 624 2207 748 2246; x_wconf 87' lang='lat' dir='ltr'>rum</span> <span class='ocrx_word' id='word_1_120' title='bbox 786 2193 903 2260; x_wconf 84' lang='lat' dir='ltr'>jam</span> <span class='ocrx_word' id='word_1_121' title='bbox 948 2190 1080 2247; x_wconf 88' lang='lat' dir='ltr'>dicti</span> <span class='ocrx_word' id='word_1_122' title='bbox 1120 2190 1349 2246; x_wconf 86' lang='lat' dir='ltr'>Bosonis</span> <span class='ocrx_word' id='word_1_123' title='bbox 1395 2190 1719 2259; x_wconf 86' lang='lat' dir='ltr'>audivimus,</span> <span class='ocrx_word' id='word_1_124' title='bbox 1749 2198 1809 2245; x_wconf 90' lang='lat' dir='ltr'>ut</span> <span class='ocrx_word' id='word_1_125' title='bbox 1836 2191 2003 2262; x_wconf 90' lang='lat' dir='ltr'>ipsas,</span> <span class='ocrx_word' id='word_1_126' title='bbox 2050 2189 2222 2262; x_wconf 88' lang='lat' dir='ltr'>ipsius</span> 
     </span>
    </p>
   </div>
   <div class='ocr_carea' id='block_1_24' title="bbox 622 2278 2221 2353">
    <p class='ocr_par' dir='ltr' id='par_1_24' title="bbox 622 2278 2221 2353">
     <span class='ocr_line' id='line_1_24' title="bbox 622 2278 2221 2353; baseline -0.001 -18"><span class='ocrx_word' id='word_1_127' title='bbox 622 2279 923 2352; x_wconf 84' lang='lat' dir='ltr'>matrisque</span> <span class='ocrx_word' id='word_1_128' title='bbox 952 2294 1144 2335; x_wconf 90' lang='lat' dir='ltr'>earum</span> <span class='ocrx_word' id='word_1_129' title='bbox 1171 2278 1548 2350; x_wconf 84' lang='lat' dir='ltr'>proprietates,</span> <span class='ocrx_word' id='word_1_130' title='bbox 1572 2279 1923 2353; x_wconf 85' lang='lat' dir='ltr'>lngeltrudis,</span> <span class='ocrx_word' id='word_1_131' title='bbox 1954 2278 2094 2334; x_wconf 85' lang='lat' dir='ltr'>alias</span> <span class='ocrx_word' id='word_1_132' title='bbox 2122 2294 2221 2335; x_wconf 90' lang='lat' dir='ltr'>vos</span> 
     </span>
    </p>
   </div>
   <div class='ocr_carea' id='block_1_25' title="bbox 616 2366 2219 2440">
    <p class='ocr_par' dir='ltr' id='par_1_25' title="bbox 616 2366 2219 2440">
     <span class='ocr_line' id='line_1_25' title="bbox 616 2366 2219 2440; baseline -0.003 -13"><span class='ocrx_word' id='word_1_133' title='bbox 616 2367 868 2434; x_wconf 86' lang='lat' dir='ltr'>teneatis,</span> <span class='ocrx_word' id='word_1_134' title='bbox 898 2367 1034 2424; x_wconf 87' lang='lat' dir='ltr'>alias</span> <span class='ocrx_word' id='word_1_135' title='bbox 1057 2382 1186 2423; x_wconf 85' lang='lat' dir='ltr'>vero</span> <span class='ocrx_word' id='word_1_136' title='bbox 1214 2366 1408 2423; x_wconf 81' lang='lat' dir='ltr'>vestris</span> <span class='ocrx_word' id='word_1_137' title='bbox 1435 2367 1632 2440; x_wconf 87' lang='lat' dir='ltr'>quibus</span> <span class='ocrx_word' id='word_1_138' title='bbox 1660 2368 1777 2439; x_wconf 88' lang='lat' dir='ltr'>ipsa</span> <span class='ocrx_word' id='word_1_139' title='bbox 1798 2375 1922 2439; x_wconf 90' lang='lat' dir='ltr'>post</span> <span class='ocrx_word' id='word_1_140' title='bbox 1957 2367 2219 2436; x_wconf 82' lang='lat' dir='ltr'>judicium</span> 
     </span>
    </p>
   </div>
   <div class='ocr_carea' id='block_1_26' title="bbox 621 2454 2215 2527">
    <p class='ocr_par' dir='ltr' id='par_1_26' title="bbox 621 2454 2215 2527">
     <span class='ocr_line' id='line_1_26' title="bbox 621 2454 2215 2527; baseline -0.001 -14"><span class='ocrx_word' id='word_1_141' title='bbox 621 2456 726 2513; x_wconf 90' lang='lat' dir='ltr'>sibi</span> <span class='ocrx_word' id='word_1_142' title='bbox 753 2456 961 2513; x_wconf 88' lang='lat' dir='ltr'>illatum</span> <span class='ocrx_word' id='word_1_143' title='bbox 991 2454 1106 2511; x_wconf 88' lang='lat' dir='ltr'>sine</span> <span class='ocrx_word' id='word_1_144' title='bbox 1134 2455 1233 2510; x_wconf 88' lang='lat' dir='ltr'>viri</span> <span class='ocrx_word' id='word_1_145' title='bbox 1279 2471 1555 2513; x_wconf 90' lang='lat' dir='ltr'>consensu</span> <span class='ocrx_word' id='word_1_146' title='bbox 1599 2455 1834 2523; x_wconf 89' lang='lat' dir='ltr'>dederit,</span> <span class='ocrx_word' id='word_1_147' title='bbox 1868 2465 2054 2511; x_wconf 89' lang='lat' dir='ltr'>tenere</span> <span class='ocrx_word' id='word_1_148' title='bbox 2082 2472 2215 2527; x_wconf 90' lang='lat' dir='ltr'>per-</span> 
     </span>
    </p>
   </div>
   <div class='ocr_carea' id='block_1_27' title="bbox 616 2542 2214 2618">
    <p class='ocr_par' dir='ltr' id='par_1_27' title="bbox 616 2542 2214 2618">
     <span class='ocr_line' id='line_1_27' title="bbox 616 2542 2214 2618; baseline -0.003 -16"><span class='ocrx_word' id='word_1_149' title='bbox 616 2544 869 2615; x_wconf 86' lang='lat' dir='ltr'>mittatis,</span> <span class='ocrx_word' id='word_1_150' title='bbox 899 2544 1045 2617; x_wconf 90' lang='lat' dir='ltr'>quod</span> <span class='ocrx_word' id='word_1_151' title='bbox 1095 2542 1248 2601; x_wconf 84' lang='lat' dir='ltr'>nefas</span> <span class='ocrx_word' id='word_1_152' title='bbox 1275 2553 1391 2614; x_wconf 89' lang='lat' dir='ltr'>est,</span> <span class='ocrx_word' id='word_1_153' title='bbox 1425 2552 1479 2599; x_wconf 89' lang='lat' dir='ltr'>et</span> <span class='ocrx_word' id='word_1_154' title='bbox 1507 2552 1698 2601; x_wconf 91' lang='lat' dir='ltr'>contra</span> <span class='ocrx_word' id='word_1_155' title='bbox 1742 2544 1986 2601; x_wconf 90' lang='lat' dir='ltr'>omnium</span> <span class='ocrx_word' id='word_1_156' title='bbox 2029 2544 2214 2618; x_wconf 86' lang='lat' dir='ltr'>legum</span> 
     </span>
    </p>
   </div>
   <div class='ocr_carea' id='block_1_28' title="bbox 612 2631 2215 2707">
    <p class='ocr_par' dir='ltr' id='par_1_28' title="bbox 612 2631 2215 2707">
     <span class='ocr_line' id='line_1_28' title="bbox 612 2631 2215 2707; baseline -0.001 -16"><span class='ocrx_word' id='word_1_157' title='bbox 612 2650 843 2707; x_wconf 87' lang='lat' dir='ltr'>prorsus</span> <span class='ocrx_word' id='word_1_158' title='bbox 869 2632 1263 2691; x_wconf 89' lang='lat' dir='ltr'>auctoritatem.</span> <span class='ocrx_word' id='word_1_159' title='bbox 1297 2631 1440 2702; x_wconf 86' lang='lat' dir='ltr'>Quid</span> <span class='ocrx_word' id='word_1_160' title='bbox 1467 2632 1612 2688; x_wconf 90' lang='lat' dir='ltr'>enim</span> <span class='ocrx_word' id='word_1_161' title='bbox 1643 2649 1781 2688; x_wconf 81' lang='lat' dir='ltr'>uxor</span> <span class='ocrx_word' id='word_1_162' title='bbox 1807 2633 1926 2689; x_wconf 89' lang='lat' dir='ltr'>sine</span> <span class='ocrx_word' id='word_1_163' title='bbox 1952 2633 2054 2688; x_wconf 90' lang='lat' dir='ltr'>viri</span> <span class='ocrx_word' id='word_1_164' title='bbox 2082 2648 2215 2690; x_wconf 90' lang='lat' dir='ltr'>con-</span> 
     </span>
    </p>
   </div>
   <div class='ocr_carea' id='block_1_29' title="bbox 610 2721 2213 2794">
    <p class='ocr_par' dir='ltr' id='par_1_29' title="bbox 610 2721 2213 2794">
     <span class='ocr_line' id='line_1_29' title="bbox 610 2721 2213 2794; baseline 0 -16"><span class='ocrx_word' id='word_1_165' title='bbox 610 2739 777 2780; x_wconf 91' lang='lat' dir='ltr'>sensu</span> <span class='ocrx_word' id='word_1_166' title='bbox 803 2737 973 2794; x_wconf 90' lang='lat' dir='ltr'>agere</span> <span class='ocrx_word' id='word_1_167' title='bbox 999 2721 1219 2794; x_wconf 82' lang='lat' dir='ltr'>potest?</span> <span class='ocrx_word' id='word_1_168' title='bbox 1246 2729 1450 2793; x_wconf 91' lang='lat' dir='ltr'>quanto</span> <span class='ocrx_word' id='word_1_169' title='bbox 1477 2721 1656 2794; x_wconf 88' lang='lat' dir='ltr'>magis</span> <span class='ocrx_word' id='word_1_170' title='bbox 1676 2738 1743 2777; x_wconf 78' lang='lat' dir='ltr'>ex</span> <span class='ocrx_word' id='word_1_171' title='bbox 1762 2722 2065 2788; x_wconf 67' lang='lat' dir='ltr'>moechaus,</span> <span class='ocrx_word' id='word_1_172' title='bbox 2088 2739 2213 2794; x_wconf 68' lang='lat' dir='ltr'>qua:</span> 
     </span>
    </p>
   </div>
   <div class='ocr_carea' id='block_1_30' title="bbox 607 2809 2210 2884">
    <p class='ocr_par' dir='ltr' id='par_1_30' title="bbox 607 2809 2210 2884">
     <span class='ocr_line' id='line_1_30' title="bbox 607 2809 2210 2884; baseline -0.001 -17"><span class='ocrx_word' id='word_1_173' title='bbox 607 2810 795 2868; x_wconf 89' lang='lat' dir='ltr'>divino</span> <span class='ocrx_word' id='word_1_174' title='bbox 823 2809 1028 2884; x_wconf 89' lang='lat' dir='ltr'>gladio,</span> <span class='ocrx_word' id='word_1_175' title='bbox 1058 2816 1316 2866; x_wconf 87' lang='lat' dir='ltr'>censente</span> <span class='ocrx_word' id='word_1_176' title='bbox 1344 2809 1547 2867; x_wconf 91' lang='lat' dir='ltr'>domno</span> <span class='ocrx_word' id='word_1_177' title='bbox 1576 2825 1717 2882; x_wconf 87' lang='lat' dir='ltr'>papa</span> <span class='ocrx_word' id='word_1_178' title='bbox 1745 2810 1972 2866; x_wconf 89' lang='lat' dir='ltr'>Nicolao</span> <span class='ocrx_word' id='word_1_179' title='bbox 1997 2811 2210 2881; x_wconf 68' lang='lat' dir='ltr'>praede-</span> 
     </span>
    </p>
   </div>
   <div class='ocr_carea' id='block_1_31' title="bbox 607 2897 2206 2971">
    <p class='ocr_par' dir='ltr' id='par_1_31' title="bbox 607 2897 2206 2971">
     <span class='ocr_line' id='line_1_31' title="bbox 607 2897 2206 2971; baseline 0.001 -16"><span class='ocrx_word' id='word_1_180' title='bbox 607 2914 828 2956; x_wconf 90' lang='lat' dir='ltr'>cessore</span> <span class='ocrx_word' id='word_1_181' title='bbox 874 2906 1084 2965; x_wconf 86' lang='lat' dir='ltr'>nostro,</span> <span class='ocrx_word' id='word_1_182' title='bbox 1128 2897 1329 2954; x_wconf 87' lang='lat' dir='ltr'>interiit</span> <span class='ocrx_word' id='word_1_183' title='bbox 1373 2897 1657 2968; x_wconf 88' lang='lat' dir='ltr'>(Nicolaus</span> <span class='ocrx_word' id='word_1_184' title='bbox 1683 2899 1747 2954; x_wconf 86' lang='lat' dir='ltr'>in</span> <span class='ocrx_word' id='word_1_185' title='bbox 1776 2901 1940 2971; x_wconf 86' lang='lat' dir='ltr'>epist.</span> <span class='ocrx_word' id='word_1_186' title='bbox 1975 2900 2062 2953; x_wconf 79' lang='grc'>64.</span> <span class='ocrx_word' id='word_1_187' title='bbox 2094 2899 2206 2956; x_wconf 88' lang='lat' dir='ltr'>Re-</span> 
     </span>
    </p>
   </div>
   <div class='ocr_carea' id='block_1_32' title="bbox 601 2985 2205 3061">
    <p class='ocr_par' dir='ltr' id='par_1_32' title="bbox 601 2985 2205 3061">
     <span class='ocr_line' id='line_1_32' title="bbox 601 2985 2205 3061; baseline -0.001 -17"><span class='ocrx_word' id='word_1_188' title='bbox 601 2987 734 3061; x_wconf 84' lang='lat' dir='ltr'>gino</span> <span class='ocrx_word' id='word_1_189' title='bbox 759 2986 797 3043; x_wconf 96' lang='lat' dir='ltr'>l.</span> <span class='ocrx_word' id='word_1_190' title='bbox 822 3002 861 3042; x_wconf 84' lang='grc' dir='ltr'>ιι</span> <span class='ocrx_word' id='word_1_191' title='bbox 887 2987 1172 3056; x_wconf 81' lang='lat' dir='ltr'>Chronic.)</span> <span class='ocrx_word' id='word_1_192' title='bbox 1192 2995 1246 3041; x_wconf 92' lang='lat' dir='ltr'>et</span> <span class='ocrx_word' id='word_1_193' title='bbox 1264 2986 1504 3042; x_wconf 86' lang='lat' dir='ltr'>humano</span> <span class='ocrx_word' id='word_1_194' title='bbox 1525 3001 1628 3057; x_wconf 88' lang='lat' dir='ltr'>pro</span> <span class='ocrx_word' id='word_1_195' title='bbox 1657 2994 1814 3058; x_wconf 87' lang='lat' dir='ltr'>parte</span> <span class='ocrx_word' id='word_1_196' title='bbox 1842 2985 1986 3044; x_wconf 85' lang='lat' dir='ltr'>facto</span> <span class='ocrx_word' id='word_1_197' title='bbox 2014 2995 2205 3059; x_wconf 91' lang='lat' dir='ltr'>stupro</span> 
     </span>
    </p>
   </div>
   <div class='ocr_carea' id='block_1_33' title="bbox 1849 228 2595 285">
    <p class='ocr_par' dir='ltr' id='par_1_33' title="bbox 1849 228 2595 285">
     <span class='ocr_line' id='line_1_33' title="bbox 1849 228 2595 285; baseline 0.003 -4"><span class='ocrx_word' id='word_1_198' title='bbox 1849 230 2145 285; x_wconf 48' lang='lat' dir='ltr'>1053le</span> <span class='ocrx_word' id='word_1_199' title='bbox 2204 228 2397 282; x_wconf 68' lang='lat' dir='ltr'>PAPJS</span> <span class='ocrx_word' id='word_1_200' title='bbox 2459 229 2595 283; x_wconf 75' lang='grc' dir='ltr'>ιἰιι.</span> 
     </span>
    </p>
   </div>
   <div class='ocr_carea' id='block_1_34' title="bbox 2260 353 3939 425">
    <p class='ocr_par' dir='ltr' id='par_1_34' title="bbox 2260 353 3939 425">
     <span class='ocr_line' id='line_1_34' title="bbox 2260 353 3939 425; baseline 0.001 -18"><span class='ocrx_word' id='word_1_201' title='bbox 2260 358 2308 414; x_wconf 71' lang='grc' dir='ltr'><strong>Α</strong></span> <span class='ocrx_word' id='word_1_202' title='bbox 2331 353 2528 409; x_wconf 64' lang='lat' dir='ltr'>animus</span> <span class='ocrx_word' id='word_1_203' title='bbox 2573 363 2764 409; x_wconf 60' lang='lat' dir='ltr'>vestra:</span> <span class='ocrx_word' id='word_1_204' title='bbox 2810 353 3209 425; x_wconf 79' lang='lat' dir='ltr'>prospicimus,</span> <span class='ocrx_word' id='word_1_205' title='bbox 3262 369 3611 411; x_wconf 83' lang='lat' dir='ltr'>commonere</span> <span class='ocrx_word' id='word_1_206' title='bbox 3659 370 3939 411; x_wconf 82' lang='lat' dir='ltr'>curamus.</span> 
     </span>
    </p>
   </div>
   <div class='ocr_carea' id='block_1_35' title="bbox 3835 232 3944 282">
    <p class='ocr_par' dir='ltr' id='par_1_35' title="bbox 3835 232 3944 282">
     <span class='ocr_line' id='line_1_35' title="bbox 3835 232 3944 282; baseline -0.009 0"><span class='ocrx_word' id='word_1_207' title='bbox 3835 232 3944 282; x_wconf 72' lang='lat'>8|?-</span> 
     </span>
    </p>
   </div>
   <div class='ocr_carea' id='block_1_36' title="bbox 2330 438 3941 515">
    <p class='ocr_par' dir='ltr' id='par_1_36' title="bbox 2330 438 3941 515">
     <span class='ocr_line' id='line_1_36' title="bbox 2330 438 3941 515; baseline 0.001 -20"><span class='ocrx_word' id='word_1_208' title='bbox 2330 440 2395 513; x_wconf 73' lang='grc' dir='ltr'>ΙΙ.</span> <span class='ocrx_word' id='word_1_209' title='bbox 2447 438 2984 515; x_wconf 81' lang='lat' dir='ltr'>dissensionem].....</span> <span class='ocrx_word' id='word_1_210' title='bbox 3034 458 3283 515; x_wconf 85' lang='lat' dir='ltr'>quoque,</span> <span class='ocrx_word' id='word_1_211' title='bbox 3336 459 3457 515; x_wconf 78' lang='lat' dir='ltr'>quae</span> <span class='ocrx_word' id='word_1_212' title='bbox 3504 441 3646 498; x_wconf 86' lang='lat' dir='ltr'>inter</span> <span class='ocrx_word' id='word_1_213' title='bbox 3691 442 3941 498; x_wconf 80' lang='lat' dir='ltr'>Abbonis</span> 
     </span>
    </p>
   </div>
   <div class='ocr_carea' id='block_1_37' title="bbox 2329 529 3938 604">
    <p class='ocr_par' dir='ltr' id='par_1_37' title="bbox 2329 529 3938 604">
     <span class='ocr_line' id='line_1_37' title="bbox 2329 529 3938 604; baseline 0.003 -22"><span class='ocrx_word' id='word_1_214' title='bbox 2329 529 2572 601; x_wconf 82' lang='lat' dir='ltr'>episcopi</span> <span class='ocrx_word' id='word_1_215' title='bbox 2618 539 2908 601; x_wconf 86' lang='lat' dir='ltr'>parentes,</span> <span class='ocrx_word' id='word_1_216' title='bbox 2960 539 3010 585; x_wconf 91' lang='lat' dir='ltr'>et</span> <span class='ocrx_word' id='word_1_217' title='bbox 3055 529 3405 599; x_wconf 87' lang='lat' dir='ltr'>Rotbertum,</span> <span class='ocrx_word' id='word_1_218' title='bbox 3443 539 3606 604; x_wconf 87' lang='lat' dir='ltr'>atque</span> <span class='ocrx_word' id='word_1_219' title='bbox 3648 530 3938 587; x_wconf 84' lang='lat' dir='ltr'>Roclinum</span> 
     </span>
    </p>
   </div>
   <div class='ocr_carea' id='block_1_38' title="bbox 2330 616 3938 692">
    <p class='ocr_par' dir='ltr' id='par_1_38' title="bbox 2330 616 3938 692">
     <span class='ocr_line' id='line_1_38' title="bbox 2330 616 3938 692; baseline 0.002 -20"><span class='ocrx_word' id='word_1_220' title='bbox 2330 626 2522 673; x_wconf 81' lang='lat' dir='ltr'>exorta</span> <span class='ocrx_word' id='word_1_221' title='bbox 2551 627 2633 673; x_wconf 89' lang='lat' dir='ltr'>est</span> <span class='ocrx_word' id='word_1_222' title='bbox 2667 617 2732 691; x_wconf 67' lang='grc' dir='ltr'>[Γ.</span> <span class='ocrx_word' id='word_1_223' title='bbox 2765 616 2910 691; x_wconf 87' lang='lat' dir='ltr'>ut]...</span> <span class='ocrx_word' id='word_1_224' title='bbox 2945 618 3112 692; x_wconf 78' lang='lat' dir='ltr'>regali</span> <span class='ocrx_word' id='word_1_225' title='bbox 3131 618 3314 690; x_wconf 88' lang='lat' dir='ltr'>potius</span> <span class='ocrx_word' id='word_1_226' title='bbox 3347 618 3413 691; x_wconf 68' lang='grc' dir='ltr'>[Γ.</span> <span class='ocrx_word' id='word_1_227' title='bbox 3449 619 3581 675; x_wconf 84' lang='lat' dir='ltr'>add.</span> <span class='ocrx_word' id='word_1_228' title='bbox 3622 617 3938 691; x_wconf 82' lang='lat' dir='ltr'>clementia]</span> 
     </span>
    </p>
   </div>
   <div class='ocr_carea' id='block_1_39' title="bbox 2329 705 3938 780">
    <p class='ocr_par' dir='ltr' id='par_1_39' title="bbox 2329 705 3938 780">
     <span class='ocr_line' id='line_1_39' title="bbox 2329 705 3938 780; baseline 0.002 -20"><span class='ocrx_word' id='word_1_229' title='bbox 2329 722 2489 777; x_wconf 88' lang='lat' dir='ltr'>quam</span> <span class='ocrx_word' id='word_1_230' title='bbox 2538 705 2773 762; x_wconf 88' lang='lat' dir='ltr'>vindicta</span> <span class='ocrx_word' id='word_1_231' title='bbox 2826 706 3163 780; x_wconf 80' lang='lat' dir='ltr'>corrigatur;</span> <span class='ocrx_word' id='word_1_232' title='bbox 3212 707 3469 779; x_wconf 85' lang='lat' dir='ltr'>quoniam</span> <span class='ocrx_word' id='word_1_233' title='bbox 3519 707 3723 763; x_wconf 83' lang='lat' dir='ltr'>malum</span> <span class='ocrx_word' id='word_1_234' title='bbox 3762 707 3938 763; x_wconf 84' lang='lat' dir='ltr'>semel</span> 
     </span>
    </p>
   </div>
   <div class='ocr_carea' id='block_1_40' title="bbox 2328 793 3941 866">
    <p class='ocr_par' dir='ltr' id='par_1_40' title="bbox 2328 793 3941 866">
     <span class='ocr_line' id='line_1_40' title="bbox 2328 793 3941 866; baseline 0.002 -18"><span class='ocrx_word' id='word_1_235' title='bbox 2328 793 2652 849; x_wconf 87' lang='lat' dir='ltr'>necessitate</span> <span class='ocrx_word' id='word_1_236' title='bbox 2679 802 2950 866; x_wconf 86' lang='lat' dir='ltr'>patratum</span> <span class='ocrx_word' id='word_1_237' title='bbox 2976 811 3087 850; x_wconf 91' lang='lat' dir='ltr'>non</span> <span class='ocrx_word' id='word_1_238' title='bbox 3115 795 3279 851; x_wconf 90' lang='lat' dir='ltr'>debet</span> <span class='ocrx_word' id='word_1_239' title='bbox 3309 796 3610 852; x_wconf 90' lang='lat' dir='ltr'>secundum</span> <span class='ocrx_word' id='word_1_240' title='bbox 3637 796 3941 853; x_wconf 82' lang='lat' dir='ltr'>necessitu-</span> 
     </span>
    </p>
   </div>
   <div class='ocr_carea' id='block_1_41' title="bbox 2328 881 3935 954">
    <p class='ocr_par' dir='ltr' id='par_1_41' title="bbox 2328 881 3935 954">
     <span class='ocr_line' id='line_1_41' title="bbox 2328 881 3935 954; baseline 0.002 -18"><span class='ocrx_word' id='word_1_241' title='bbox 2328 881 2511 938; x_wconf 89' lang='lat' dir='ltr'>dinem</span> <span class='ocrx_word' id='word_1_242' title='bbox 2541 882 2750 954; x_wconf 79' lang='lat' dir='ltr'>expiari</span> <span class='ocrx_word' id='word_1_243' title='bbox 2775 883 2846 941; x_wconf 86' lang='lat' dir='ltr'>ad</span> <span class='ocrx_word' id='word_1_244' title='bbox 2875 882 3153 952; x_wconf 87' lang='lat' dir='ltr'>delictum,</span> <span class='ocrx_word' id='word_1_245' title='bbox 3177 884 3273 940; x_wconf 89' lang='lat' dir='ltr'>sed</span> <span class='ocrx_word' id='word_1_246' title='bbox 3304 884 3712 941; x_wconf 84' lang='lat' dir='ltr'>misericordias</span> <span class='ocrx_word' id='word_1_247' title='bbox 3732 884 3935 942; x_wconf 84' lang='lat' dir='ltr'>remitti</span> 
     </span>
    </p>
   </div>
   <div class='ocr_carea' id='block_1_42' title="bbox 2329 970 3939 1046">
    <p class='ocr_par' dir='ltr' id='par_1_42' title="bbox 2329 970 3939 1046">
     <span class='ocr_line' id='line_1_42' title="bbox 2329 970 3939 1046; baseline 0.004 -21"><span class='ocrx_word' id='word_1_248' title='bbox 2329 971 2399 1025; x_wconf 88' lang='lat' dir='ltr'>ad</span> <span class='ocrx_word' id='word_1_249' title='bbox 2428 970 2660 1039; x_wconf 84' lang='lat' dir='ltr'>veniam,</span> <span class='ocrx_word' id='word_1_250' title='bbox 2693 980 2823 1045; x_wconf 84' lang='lat' dir='ltr'>agat</span> <span class='ocrx_word' id='word_1_251' title='bbox 2872 980 3055 1028; x_wconf 87' lang='lat' dir='ltr'>vestra</span> <span class='ocrx_word' id='word_1_252' title='bbox 3097 971 3332 1046; x_wconf 86' lang='lat' dir='ltr'>gloriosa</span> <span class='ocrx_word' id='word_1_253' title='bbox 3380 973 3658 1041; x_wconf 87' lang='lat' dir='ltr'>nobilitas,</span> <span class='ocrx_word' id='word_1_254' title='bbox 3690 982 3749 1029; x_wconf 87' lang='lat' dir='ltr'>ut</span> <span class='ocrx_word' id='word_1_255' title='bbox 3775 973 3939 1031; x_wconf 82' lang='lat' dir='ltr'>decet</span> 
     </span>
    </p>
   </div>
   <div class='ocr_carea' id='block_1_43' title="bbox 2328 1060 3563 1135">
    <p class='ocr_par' dir='ltr' id='par_1_43' title="bbox 2328 1060 3563 1135">
     <span class='ocr_line' id='line_1_43' title="bbox 2328 1060 3563 1135; baseline 0.004 -24"><span class='ocrx_word' id='word_1_256' title='bbox 2328 1066 2490 1115; x_wconf 61' lang='lat' dir='ltr'>tanta:</span> <span class='ocrx_word' id='word_1_257' title='bbox 2522 1069 2727 1116; x_wconf 71' lang='lat' dir='ltr'>naturae</span> <span class='ocrx_word' id='word_1_258' title='bbox 2754 1060 3077 1116; x_wconf 85' lang='lat' dir='ltr'>decentiam.</span> <span class='ocrx_word' id='word_1_259' title='bbox 3109 1061 3246 1116; x_wconf 87' lang='lat' dir='ltr'>Data</span> <span class='ocrx_word' id='word_1_260' title='bbox 3274 1065 3339 1118; x_wconf 86' lang='lat' dir='ltr'>ut</span> <span class='ocrx_word' id='word_1_261' title='bbox 3367 1079 3563 1135; x_wconf 86' lang='lat' dir='ltr'>supra.</span> 
     </span>
    </p>
   </div>
   <div class='ocr_carea' id='block_1_44' title="bbox 2984 1184 3272 1240">
    <p class='ocr_par' dir='ltr' id='par_1_44' title="bbox 2984 1184 3272 1240">
     <span class='ocr_line' id='line_1_44' title="bbox 2984 1184 3272 1240; baseline 0 0"><span class='ocrx_word' id='word_1_262' title='bbox 2984 1184 3272 1240; x_wconf 77' lang='lat' dir='ltr'>CLXXVI.</span> 
     </span>
    </p>
   </div>
   <div class='ocr_carea' id='block_1_45' title="bbox 2330 1285 3927 1329">
    <p class='ocr_par' dir='ltr' id='par_1_45' title="bbox 2330 1285 3927 1329">
     <span class='ocr_line' id='line_1_45' title="bbox 2330 1285 3927 1329; baseline 0.003 -5"><span class='ocrx_word' id='word_1_263' title='bbox 2330 1285 2403 1325; x_wconf 78' lang='grc' dir='ltr'><strong>ΔΙ)</strong></span> <span class='ocrx_word' id='word_1_264' title='bbox 2434 1285 2707 1326; x_wconf 52' lang='lat' dir='ltr'>ROMANI!“</span> <span class='ocrx_word' id='word_1_265' title='bbox 2735 1287 2989 1328; x_wconf 65' lang='lat' dir='ltr'>ELECTUI</span> <span class='ocrx_word' id='word_1_266' title='bbox 3015 1286 3495 1329; x_wconf 60' lang='lat' dir='ltr'>ARCHIBPISOOPU!</span> <span class='ocrx_word' id='word_1_267' title='bbox 3526 1288 3927 1329; x_wconf 71' lang='lat' dir='ltr'>MVENNATBI.</span> 
     </span>
    </p>
   </div>
   <div class='ocr_carea' id='block_1_46' title="bbox 2935 1361 3319 1432">
    <p class='ocr_par' dir='ltr' id='par_1_46' title="bbox 2935 1361 3319 1432">
     <span class='ocr_line' id='line_1_46' title="bbox 2935 1361 3319 1432; baseline 0 -17"><span class='ocrx_word' id='word_1_268' title='bbox 2935 1361 3118 1432; x_wconf 82' lang='lat' dir='ltr'>(Anno</span> <span class='ocrx_word' id='word_1_269' title='bbox 3166 1363 3319 1432; x_wconf 87' lang='lat'><strong>878.)</strong></span> 
     </span>
    </p>
   </div>
   <div class='ocr_carea' id='block_1_47' title="bbox 2327 1450 3929 1524">
    <p class='ocr_par' dir='ltr' id='par_1_47' title="bbox 2327 1450 3929 1524">
     <span class='ocr_line' id='line_1_47' title="bbox 2327 1450 3929 1524; baseline 0.004 -20"><span class='ocrx_word' id='word_1_270' title='bbox 2327 1450 2584 1524; x_wconf 61' lang='lat' dir='ltr'>metatur</span> <span class='ocrx_word' id='word_1_271' title='bbox 2601 1464 2730 1505; x_wconf 88' lang='lat' dir='ltr'>eum</span> <span class='ocrx_word' id='word_1_272' title='bbox 2753 1451 3135 1524; x_wconf 72' lang='lat' dir='ltr'>Ravennatem</span> <span class='ocrx_word' id='word_1_273' title='bbox 3152 1450 3639 1524; x_wconf 78' lang='lat' dir='ltr'>archiepiscopum</span> <span class='ocrx_word' id='word_1_274' title='bbox 3652 1453 3929 1520; x_wconf 78' lang='lat' dir='ltr'>electum,-</span> 
     </span>
    </p>
   </div>
   <div class='ocr_carea' id='block_1_48' title="bbox 2391 1521 3927 1596">
    <p class='ocr_par' dir='ltr' id='par_1_48' title="bbox 2391 1521 3927 1596">
     <span class='ocr_line' id='line_1_48' title="bbox 2391 1521 3927 1596; baseline -0.012 -11"><span class='ocrx_word' id='word_1_275' title='bbox 2391 1521 2551 1596; x_wconf 66' lang='grc' dir='ltr'><em>λαὸει</em></span> <span class='ocrx_word' id='word_1_276' title='bbox 2579 1536 2652 1596; x_wconf 73' lang='lat' dir='ltr'>ne</span> <span class='ocrx_word' id='word_1_277' title='bbox 2681 1521 2985 1596; x_wconf 73' lang='lat' dir='ltr'>quidquam</span> <span class='ocrx_word' id='word_1_278' title='bbox 3011 1521 3510 1596; x_wconf 52' lang='lat' dir='ltr'>electioniscausa&#39;</span> <span class='ocrx_word' id='word_1_279' title='bbox 3548 1524 3659 1580; x_wconf 75' lang='lat' dir='ltr'>ulli</span> <span class='ocrx_word' id='word_1_280' title='bbox 3680 1526 3927 1596; x_wconf 68' lang='grc' dir='ltr'>ριιοριίι.</span> 
     </span>
    </p>
   </div>
   <div class='ocr_carea' id='block_1_49' title="bbox 2403 1593 3927 1669">
    <p class='ocr_par' dir='ltr' id='par_1_49' title="bbox 2403 1593 3927 1669">
     <span class='ocr_line' id='line_1_49' title="bbox 2403 1593 3927 1669; baseline 0.005 -24"><span class='ocrx_word' id='word_1_281' title='bbox 2403 1594 2487 1669; x_wconf 78' lang='lat' dir='ltr'>tat</span> <span class='ocrx_word' id='word_1_282' title='bbox 2509 1610 2528 1645; x_wconf 91' lang='lat'><strong><em>:</em></strong></span> <span class='ocrx_word' id='word_1_283' title='bbox 2551 1593 2934 1669; x_wconf 80' lang='lat' dir='ltr'>et_epistolam</span> <span class='ocrx_word' id='word_1_284' title='bbox 2963 1608 3129 1669; x_wconf 82' lang='lat' dir='ltr'>suam</span> <span class='ocrx_word' id='word_1_285' title='bbox 3157 1593 3343 1658; x_wconf 82' lang='lat' dir='ltr'>Leoni,</span> <span class='ocrx_word' id='word_1_286' title='bbox 3377 1597 3433 1649; x_wconf 84' lang='lat' dir='ltr'>et</span> <span class='ocrx_word' id='word_1_287' title='bbox 3462 1593 3728 1651; x_wconf 77' lang='lat' dir='ltr'>Romanis</span> <span class='ocrx_word' id='word_1_288' title='bbox 3756 1598 3927 1669; x_wconf 52' lang='lat' dir='ltr'>scrip:</span> 
     </span>
    </p>
   </div>
   <div class='ocr_carea' id='block_1_50' title="bbox 2402 1662 3923 1737">
    <p class='ocr_par' dir='ltr' id='par_1_50' title="bbox 2402 1662 3923 1737">
     <span class='ocr_line' id='line_1_50' title="bbox 2402 1662 3923 1737; baseline 0.004 -21"><span class='ocrx_word' id='word_1_289' title='bbox 2402 1662 2916 1737; x_wconf 74' lang='lat' dir='ltr'>tamaﬂ‘erendam</span> <span class='ocrx_word' id='word_1_290' title='bbox 2937 1665 3120 1737; x_wconf 84' lang='lat' dir='ltr'>curet,</span> <span class='ocrx_word' id='word_1_291' title='bbox 3158 1678 3819 1737; x_wconf 64' lang='lat' dir='ltr'>eorumqueresponsum</span> <span class='ocrx_word' id='word_1_292' title='bbox 3849 1662 3923 1722; x_wconf 67' lang='lat' dir='ltr'>id</span> 
     </span>
    </p>
   </div>
   <div class='ocr_carea' id='block_1_51' title="bbox 2256 1708 3924 1793">
    <p class='ocr_par' dir='ltr' id='par_1_51' title="bbox 2256 1708 3924 1793">
     <span class='ocr_line' id='line_1_51' title="bbox 2256 1708 3924 1793; baseline 0.004 -7"><span class='ocrx_word' id='word_1_293' title='bbox 2256 1708 2309 1769; x_wconf 80' lang='grc' dir='ltr'>Β</span> <span class='ocrx_word' id='word_1_294' title='bbox 2396 1708 2456 1787; x_wconf 71' lang='lat' dir='ltr'>se</span> <span class='ocrx_word' id='word_1_295' title='bbox 2483 1708 2735 1793; x_wconf 41' lang='lat' dir='ltr'>dirigat}</span> <span class='ocrx_word' id='word_1_296' title='bbox 2764 1708 2854 1790; x_wconf 63' lang='lat' dir='ltr'>res</span> <span class='ocrx_word' id='word_1_297' title='bbox 2881 1708 3121 1790; x_wconf 58' lang='lat' dir='ltr'>Joannii</span> <span class='ocrx_word' id='word_1_298' title='bbox 3146 1708 3216 1789; x_wconf 75' lang='grc' dir='ltr'>εἶ</span> <span class='ocrx_word' id='word_1_299' title='bbox 3228 1708 3781 1792; x_wconf 48' lang='grc' dir='ltr'>Βειιέἀῗᾱίἶνᾶἆσᾶἧ</span> 
     </span>
    </p>
   </div>
   <div class='ocr_carea' id='block_1_52' title="bbox 2400 1805 2597 1859">
    <p class='ocr_par' dir='ltr' id='par_1_52' title="bbox 2400 1805 2597 1859">
     <span class='ocr_line' id='line_1_52' title="bbox 2400 1805 2597 1859; baseline -0.01 -1"><span class='ocrx_word' id='word_1_300' title='bbox 2400 1805 2597 1859; x_wconf 84' lang='lat' dir='ltr'>tituat.</span> 
     </span>
    </p>
   </div>
   <div class='ocr_carea' id='block_1_53' title="bbox 2396 1891 3926 1966">
    <p class='ocr_par' dir='ltr' id='par_1_53' title="bbox 2396 1891 3926 1966">
     <span class='ocr_line' id='line_1_53' title="bbox 2396 1891 3926 1966; baseline 0.003 -19"><span class='ocrx_word' id='word_1_301' title='bbox 2396 1891 2638 1947; x_wconf 61' lang='lat' dir='ltr'>Romano</span> <span class='ocrx_word' id='word_1_302' title='bbox 2676 1891 2874 1948; x_wconf 61' lang='lat' dir='ltr'>Levita:</span> <span class='ocrx_word' id='word_1_303' title='bbox 2900 1891 3128 1966; x_wconf 84' lang='lat' dir='ltr'>egregio</span> <span class='ocrx_word' id='word_1_304' title='bbox 3157 1909 3191 1949; x_wconf 80' lang='grc' dir='ltr'>ιι</span> <span class='ocrx_word' id='word_1_305' title='bbox 3220 1893 3626 1950; x_wconf 82' lang='lat' dir='ltr'>Ravennatibus</span> <span class='ocrx_word' id='word_1_306' title='bbox 3674 1893 3926 1951; x_wconf 77' lang='lat' dir='ltr'>ﬁdelibus</span> 
     </span>
    </p>
   </div>
   <div class='ocr_carea' id='block_1_54' title="bbox 2325 1978 2748 2036">
    <p class='ocr_par' dir='ltr' id='par_1_54' title="bbox 2325 1978 2748 2036">
     <span class='ocr_line' id='line_1_54' title="bbox 2325 1978 2748 2036; baseline 0 -3"><span class='ocrx_word' id='word_1_307' title='bbox 2325 1978 2527 2035; x_wconf 88' lang='lat' dir='ltr'>nostris</span> <span class='ocrx_word' id='word_1_308' title='bbox 2553 1978 2748 2036; x_wconf 89' lang='lat' dir='ltr'>electo.</span> 
     </span>
    </p>
   </div>
   <div class='ocr_carea' id='block_1_55' title="bbox 2395 2067 3919 2145">
    <p class='ocr_par' dir='ltr' id='par_1_55' title="bbox 2395 2067 3919 2145">
     <span class='ocr_line' id='line_1_55' title="bbox 2395 2067 3919 2145; baseline 0.006 -23"><span class='ocrx_word' id='word_1_309' title='bbox 2395 2067 2719 2123; x_wconf 85' lang='lat' dir='ltr'>Litterarum</span> <span class='ocrx_word' id='word_1_310' title='bbox 2777 2077 3014 2133; x_wconf 89' lang='lat' dir='ltr'>tuarum,</span> <span class='ocrx_word' id='word_1_311' title='bbox 3046 2067 3122 2125; x_wconf 82' lang='lat' dir='ltr'>ﬁli</span> <span class='ocrx_word' id='word_1_312' title='bbox 3151 2070 3489 2139; x_wconf 88' lang='lat' dir='ltr'>charissime,</span> <span class='ocrx_word' id='word_1_313' title='bbox 3521 2072 3667 2129; x_wconf 90' lang='lat' dir='ltr'>serie</span> <span class='ocrx_word' id='word_1_314' title='bbox 3695 2083 3919 2145; x_wconf 83' lang='lat' dir='ltr'>recepta</span> 
     </span>
    </p>
   </div>
   <div class='ocr_carea' id='block_1_56' title="bbox 2326 2155 3921 2233">
    <p class='ocr_par' dir='ltr' id='par_1_56' title="bbox 2326 2155 3921 2233">
     <span class='ocr_line' id='line_1_56' title="bbox 2326 2155 3921 2233; baseline 0.003 -23"><span class='ocrx_word' id='word_1_315' title='bbox 2326 2163 2379 2211; x_wconf 88' lang='lat' dir='ltr'>et</span> <span class='ocrx_word' id='word_1_316' title='bbox 2407 2155 2563 2222; x_wconf 88' lang='lat' dir='ltr'>lecta,</span> <span class='ocrx_word' id='word_1_317' title='bbox 2596 2156 2689 2212; x_wconf 88' lang='lat' dir='ltr'>ubi</span> <span class='ocrx_word' id='word_1_318' title='bbox 2729 2157 2995 2213; x_wconf 86' lang='lat' dir='ltr'>Joannem</span> <span class='ocrx_word' id='word_1_319' title='bbox 3038 2157 3408 2215; x_wconf 80' lang='lat' dir='ltr'>Ravennatem</span> <span class='ocrx_word' id='word_1_320' title='bbox 3452 2159 3921 2233; x_wconf 81' lang='lat' dir='ltr'>archiepiscopum</span> 
     </span>
    </p>
   </div>
   <div class='ocr_carea' id='block_1_57' title="bbox 2324 2243 3924 2321">
    <p class='ocr_par' dir='ltr' id='par_1_57' title="bbox 2324 2243 3924 2321">
     <span class='ocr_line' id='line_1_57' title="bbox 2324 2243 3924 2321; baseline 0.005 -22"><span class='ocrx_word' id='word_1_321' title='bbox 2324 2243 2527 2300; x_wconf 90' lang='lat' dir='ltr'>obiisse</span> <span class='ocrx_word' id='word_1_322' title='bbox 2554 2244 2881 2314; x_wconf 83' lang='lat' dir='ltr'>audivimus,</span> <span class='ocrx_word' id='word_1_323' title='bbox 2913 2245 3073 2302; x_wconf 88' lang='lat' dir='ltr'>valde</span> <span class='ocrx_word' id='word_1_324' title='bbox 3100 2246 3391 2318; x_wconf 88' lang='lat' dir='ltr'>doluimus,</span> <span class='ocrx_word' id='word_1_325' title='bbox 3414 2256 3469 2303; x_wconf 73' lang='lat' dir='ltr'>et</span> <span class='ocrx_word' id='word_1_326' title='bbox 3488 2256 3543 2304; x_wconf 91' lang='lat' dir='ltr'>ut</span> <span class='ocrx_word' id='word_1_327' title='bbox 3571 2265 3676 2321; x_wconf 91' lang='lat' dir='ltr'>pro</span> <span class='ocrx_word' id='word_1_328' title='bbox 3701 2265 3771 2306; x_wconf 87' lang='lat' dir='ltr'>eo</span> <span class='ocrx_word' id='word_1_329' title='bbox 3800 2265 3924 2307; x_wconf 78' lang='lat' dir='ltr'>ora-</span> 
     </span>
    </p>
   </div>
   <div class='ocr_carea' id='block_1_58' title="bbox 2325 2332 3921 2403">
    <p class='ocr_par' dir='ltr' id='par_1_58' title="bbox 2325 2332 3921 2403">
     <span class='ocr_line' id='line_1_58' title="bbox 2325 2332 3921 2403; baseline 0.006 -17"><span class='ocrx_word' id='word_1_330' title='bbox 2325 2332 2395 2388; x_wconf 89' lang='lat' dir='ltr'>tis</span> <span class='ocrx_word' id='word_1_331' title='bbox 2424 2348 2546 2389; x_wconf 91' lang='lat' dir='ltr'>cum</span> <span class='ocrx_word' id='word_1_332' title='bbox 2575 2333 2789 2403; x_wconf 89' lang='lat' dir='ltr'>vestris,</span> <span class='ocrx_word' id='word_1_333' title='bbox 2819 2334 3112 2390; x_wconf 86' lang='lat' dir='ltr'>hortamur.</span> <span class='ocrx_word' id='word_1_334' title='bbox 3148 2335 3339 2392; x_wconf 86' lang='lat' dir='ltr'>Vestra</span> <span class='ocrx_word' id='word_1_335' title='bbox 3364 2336 3615 2392; x_wconf 83' lang='lat' dir='ltr'>videlicet</span> <span class='ocrx_word' id='word_1_336' title='bbox 3656 2338 3921 2396; x_wconf 71' lang='lat' dir='ltr'>electione</span> 
     </span>
    </p>
   </div>
   <div class='ocr_carea' id='block_1_59' title="bbox 2323 2420 3919 2497">
    <p class='ocr_par' dir='ltr' id='par_1_59' title="bbox 2323 2420 3919 2497">
     <span class='ocr_line' id='line_1_59' title="bbox 2323 2420 3919 2497; baseline 0.004 -21"><span class='ocrx_word' id='word_1_337' title='bbox 2323 2421 2650 2477; x_wconf 87' lang='lat' dir='ltr'>unanimiter</span> <span class='ocrx_word' id='word_1_338' title='bbox 2695 2420 2835 2478; x_wconf 76' lang='lat' dir='ltr'>facta</span> <span class='ocrx_word' id='word_1_339' title='bbox 2878 2423 3202 2494; x_wconf 79' lang='lat' dir='ltr'>gaudemus,</span> <span class='ocrx_word' id='word_1_340' title='bbox 3248 2432 3302 2480; x_wconf 90' lang='lat' dir='ltr'>et</span> <span class='ocrx_word' id='word_1_341' title='bbox 3346 2424 3471 2497; x_wconf 88' lang='lat' dir='ltr'>quia</span> <span class='ocrx_word' id='word_1_342' title='bbox 3517 2441 3620 2482; x_wconf 89' lang='lat' dir='ltr'>nos</span> <span class='ocrx_word' id='word_1_343' title='bbox 3648 2427 3919 2483; x_wconf 72' lang='lat' dir='ltr'>visitando</span> 
     </span>
    </p>
   </div>
   <div class='ocr_carea' id='block_1_60' title="bbox 2324 2508 3915 2584">
    <p class='ocr_par' dir='ltr' id='par_1_60' title="bbox 2324 2508 3915 2584">
     <span class='ocr_line' id='line_1_60' title="bbox 2324 2508 3915 2584; baseline 0.006 -21"><span class='ocrx_word' id='word_1_344' title='bbox 2324 2508 2519 2565; x_wconf 88' lang='lat' dir='ltr'>misisti</span> <span class='ocrx_word' id='word_1_345' title='bbox 2536 2551 2551 2575; x_wconf 89' lang='lat'>,</span> <span class='ocrx_word' id='word_1_346' title='bbox 2596 2509 2916 2584; x_wconf 81' lang='lat' dir='ltr'>signiﬁcans</span> <span class='ocrx_word' id='word_1_347' title='bbox 2958 2513 3242 2569; x_wconf 87' lang='lat' dir='ltr'>sanitatem</span> <span class='ocrx_word' id='word_1_348' title='bbox 3285 2522 3593 2569; x_wconf 86' lang='lat' dir='ltr'>nostrorum</span> <span class='ocrx_word' id='word_1_349' title='bbox 3641 2514 3915 2581; x_wconf 80' lang='lat' dir='ltr'>ﬁdelium,</span> 
     </span>
    </p>
   </div>
   <div class='ocr_carea' id='block_1_61' title="bbox 2325 2599 3915 2678">
    <p class='ocr_par' dir='ltr' id='par_1_61' title="bbox 2325 2599 3915 2678">
     <span class='ocr_line' id='line_1_61' title="bbox 2325 2599 3915 2678; baseline 0.004 -25"><span class='ocrx_word' id='word_1_350' title='bbox 2325 2606 2581 2670; x_wconf 90' lang='lat' dir='ltr'>tuamque</span> <span class='ocrx_word' id='word_1_351' title='bbox 2609 2599 2954 2655; x_wconf 87' lang='lat' dir='ltr'>devotionem</span> <span class='ocrx_word' id='word_1_352' title='bbox 2998 2600 3399 2669; x_wconf 87' lang='lat' dir='ltr'>demonstrans,</span> <span class='ocrx_word' id='word_1_353' title='bbox 3430 2603 3635 2676; x_wconf 83' lang='lat' dir='ltr'>gratias</span> <span class='ocrx_word' id='word_1_354' title='bbox 3683 2604 3915 2678; x_wconf 80' lang='lat' dir='ltr'>agimus.</span> 
     </span>
    </p>
   </div>
   <div class='ocr_carea' id='block_1_62' title="bbox 2322 2678 3917 2764">
    <p class='ocr_par' dir='ltr' id='par_1_62' title="bbox 2322 2678 3917 2764">
     <span class='ocr_line' id='line_1_62' title="bbox 2322 2678 3917 2764; baseline 0.006 -23"><span class='ocrx_word' id='word_1_355' title='bbox 2322 2687 2589 2742; x_wconf 69' lang='lat' dir='ltr'>Caeterum</span> <span class='ocrx_word' id='word_1_356' title='bbox 2636 2697 2920 2744; x_wconf 88' lang='lat' dir='ltr'>monentes</span> <span class='ocrx_word' id='word_1_357' title='bbox 2965 2689 3254 2746; x_wconf 88' lang='lat' dir='ltr'>indicimus</span> <span class='ocrx_word' id='word_1_358' title='bbox 3280 2678 3338 2745; x_wconf 81' lang='grc' dir='ltr'>ιιί</span> <span class='ocrx_word' id='word_1_359' title='bbox 3357 2690 3473 2761; x_wconf 86' lang='lat' dir='ltr'>jam</span> <span class='ocrx_word' id='word_1_360' title='bbox 3500 2692 3612 2764; x_wconf 90' lang='lat' dir='ltr'>qui,</span> <span class='ocrx_word' id='word_1_361' title='bbox 3642 2702 3917 2751; x_wconf 66' lang='lat' dir='ltr'>annuam:</span> 
     </span>
    </p>
   </div>
   <div class='ocr_carea' id='block_1_63' title="bbox 2320 2777 3917 2853">
    <p class='ocr_par' dir='ltr' id='par_1_63' title="bbox 2320 2777 3917 2853">
     <span class='ocr_line' id='line_1_63' title="bbox 2320 2777 3917 2853; baseline 0.005 -23"><span class='ocrx_word' id='word_1_362' title='bbox 2320 2782 2542 2846; x_wconf 89' lang='lat' dir='ltr'>pastore</span> <span class='ocrx_word' id='word_1_363' title='bbox 2572 2792 2803 2843; x_wconf 88' lang='lat' dir='ltr'>summo,</span> <span class='ocrx_word' id='word_1_364' title='bbox 2835 2777 2905 2832; x_wconf 90' lang='lat' dir='ltr'>ad</span> <span class='ocrx_word' id='word_1_365' title='bbox 2934 2777 3040 2832; x_wconf 90' lang='lat' dir='ltr'>tale</span> <span class='ocrx_word' id='word_1_366' title='bbox 3069 2793 3208 2850; x_wconf 90' lang='lat' dir='ltr'>opus</span> <span class='ocrx_word' id='word_1_367' title='bbox 3235 2778 3439 2835; x_wconf 88' lang='lat' dir='ltr'>electus</span> <span class='ocrx_word' id='word_1_368' title='bbox 3469 2796 3548 2845; x_wconf 85' lang='lat' dir='ltr'>es,</span> <span class='ocrx_word' id='word_1_369' title='bbox 3581 2797 3692 2853; x_wconf 88' lang='lat' dir='ltr'>quo</span> <span class='ocrx_word' id='word_1_370' title='bbox 3734 2791 3917 2853; x_wconf 85' lang='lat' dir='ltr'>pastor</span> 
     </span>
    </p>
   </div>
   <div class='ocr_carea' id='block_1_64' title="bbox 2320 2861 3916 2943">
    <p class='ocr_par' dir='ltr' id='par_1_64' title="bbox 2320 2861 3916 2943">
     <span class='ocr_line' id='line_1_64' title="bbox 2320 2861 3916 2943; baseline 0.005 -26"><span class='ocrx_word' id='word_1_371' title='bbox 2320 2861 2444 2929; x_wconf 80' lang='lat' dir='ltr'>tias,</span> <span class='ocrx_word' id='word_1_372' title='bbox 2495 2863 2689 2938; x_wconf 76' lang='lat' dir='ltr'>vigiles</span> <span class='ocrx_word' id='word_1_373' title='bbox 2734 2864 2789 2919; x_wconf 89' lang='lat' dir='ltr'>in</span> <span class='ocrx_word' id='word_1_374' title='bbox 2835 2866 3029 2921; x_wconf 89' lang='lat' dir='ltr'>eadem</span> <span class='ocrx_word' id='word_1_375' title='bbox 3071 2866 3330 2936; x_wconf 89' lang='lat' dir='ltr'>ecclesia,</span> <span class='ocrx_word' id='word_1_376' title='bbox 3380 2867 3624 2935; x_wconf 89' lang='lat' dir='ltr'>labores,</span> <span class='ocrx_word' id='word_1_377' title='bbox 3677 2870 3916 2943; x_wconf 82' lang='lat' dir='ltr'>nullique</span> 
     </span>
    </p>
   </div>
   <div class='ocr_carea' id='block_1_65' title="bbox 2319 2952 3913 3031">
    <p class='ocr_par' dir='ltr' id='par_1_65' title="bbox 2319 2952 3913 3031">
     <span class='ocr_line' id='line_1_65' title="bbox 2319 2952 3913 3031; baseline 0.006 -26"><span class='ocrx_word' id='word_1_378' title='bbox 2319 2952 2513 3021; x_wconf 86' lang='lat' dir='ltr'>majori</span> <span class='ocrx_word' id='word_1_379' title='bbox 2542 2953 2848 3026; x_wconf 89' lang='lat' dir='ltr'>minorique</span> <span class='ocrx_word' id='word_1_380' title='bbox 2876 2962 2982 3009; x_wconf 90' lang='lat' dir='ltr'>tam</span> <span class='ocrx_word' id='word_1_381' title='bbox 3014 2954 3330 3012; x_wconf 90' lang='lat' dir='ltr'>concivibus</span> <span class='ocrx_word' id='word_1_382' title='bbox 3356 2973 3625 3030; x_wconf 84' lang='lat' dir='ltr'>quamque</span> <span class='ocrx_word' id='word_1_383' title='bbox 3650 2958 3773 3014; x_wconf 88' lang='lat' dir='ltr'>aliis</span> <span class='ocrx_word' id='word_1_384' title='bbox 3802 2959 3913 3031; x_wconf 90' lang='lat' dir='ltr'>qui-</span> 
     </span>
    </p>
   </div>
   <div class='ocr_carea' id='block_1_66' title="bbox 597 3040 3913 3147">
    <p class='ocr_par' dir='ltr' id='par_1_66' title="bbox 597 3040 3913 3147">
     <span class='ocr_line' id='line_1_66' title="bbox 597 3040 3913 3147; baseline -0.003 -16"><span class='ocrx_word' id='word_1_385' title='bbox 597 3040 1113 3147; x_wconf 47' lang='lat' dir='ltr'>ngentisa;</span> <span class='ocrx_word' id='word_1_386' title='bbox 1134 3040 1332 3131; x_wconf 42' lang='lat' dir='ltr'>sit...</span> <span class='ocrx_word' id='word_1_387' title='bbox 1377 3040 1617 3130; x_wconf 52' lang='lat' dir='ltr'>sine.</span> <span class='ocrx_word' id='word_1_388' title='bbox 1645 3040 2128 3147; x_wconf 54' lang='grc' dir='ltr'>δέρε-έοωαηηεῑ</span> <span class='ocrx_word' id='word_1_389' title='bbox 2151 3085 2206 3131; x_wconf 68' lang='grc' dir='ltr'>ει</span> <span class='ocrx_word' id='word_1_390' title='bbox 2235 3066 2285 3129; x_wconf 81' lang='lat' dir='ltr'>c</span> <span class='ocrx_word' id='word_1_391' title='bbox 2316 3040 2635 3147; x_wconf 50' lang='grc' dir='ltr'>βρψψω</span> <span class='ocrx_word' id='word_1_392' title='bbox 2662 3043 2912 3141; x_wconf 55' lang='lat' dir='ltr'>personis</span> <span class='ocrx_word' id='word_1_393' title='bbox 2940 3043 3157 3147; x_wconf 58' lang='grc' dir='ltr'>οιξιιυοςι</span> <span class='ocrx_word' id='word_1_394' title='bbox 3185 3045 3513 3147; x_wconf 45' lang='lat' dir='ltr'>samisso</span> <span class='ocrx_word' id='word_1_395' title='bbox 3542 3045 3734 3115; x_wconf 56' lang='lat' dir='ltr'>ructas.</span> <span class='ocrx_word' id='word_1_396' title='bbox 3774 3065 3913 3121; x_wconf 72' lang='lat' dir='ltr'><strong>quo-</strong></span> 
     </span>
    </p>
   </div>
   <div class='ocr_carea' id='block_1_67' title="bbox 594 3162 2202 3235">
    <p class='ocr_par' dir='ltr' id='par_1_67' title="bbox 594 3162 2202 3235">
     <span class='ocr_line' id='line_1_67' title="bbox 594 3162 2202 3235; baseline 0.001 -17"><span class='ocrx_word' id='word_1_397' title='bbox 594 3162 930 3221; x_wconf 80' lang='lat' dir='ltr'>.lustinianus</span> <span class='ocrx_word' id='word_1_398' title='bbox 956 3162 1190 3234; x_wconf 87' lang='lat' dir='ltr'>inclytus</span> <span class='ocrx_word' id='word_1_399' title='bbox 1228 3162 1524 3235; x_wconf 89' lang='lat' dir='ltr'>imperator</span> <span class='ocrx_word' id='word_1_400' title='bbox 1560 3163 1739 3235; x_wconf 84' lang='lat' dir='ltr'>legem</span> <span class='ocrx_word' id='word_1_401' title='bbox 1788 3163 2088 3220; x_wconf 81' lang='lat' dir='ltr'>Romanam</span> <span class='ocrx_word' id='word_1_402' title='bbox 2118 3162 2202 3219; x_wconf 88' lang='lat' dir='ltr'>fa-</span> 
     </span>
    </p>
   </div>
   <div class='ocr_carea' id='block_1_68' title="bbox 592 3251 2201 3324">
    <p class='ocr_par' dir='ltr' id='par_1_68' title="bbox 592 3251 2201 3324">
     <span class='ocr_line' id='line_1_68' title="bbox 592 3251 2201 3324; baseline -0.001 -15"><span class='ocrx_word' id='word_1_403' title='bbox 592 3252 802 3310; x_wconf 88' lang='lat' dir='ltr'>cientes</span> <span class='ocrx_word' id='word_1_404' title='bbox 823 3295 838 3317; x_wconf 93' lang='lat'>,</span> <span class='ocrx_word' id='word_1_405' title='bbox 887 3251 1218 3323; x_wconf 88' lang='lat' dir='ltr'>scripserunt</span> <span class='ocrx_word' id='word_1_406' title='bbox 1263 3251 1384 3307; x_wconf 90' lang='lat' dir='ltr'>ita:</span> <span class='ocrx_word' id='word_1_407' title='bbox 1419 3251 1645 3324; x_wconf 78' lang='lat' dir='ltr'>Capituli</span> <span class='ocrx_word' id='word_1_408' title='bbox 1693 3251 1920 3309; x_wconf 89' lang='lat' dir='ltr'>crimine</span> <span class='ocrx_word' id='word_1_409' title='bbox 1965 3253 2201 3309; x_wconf 87' lang='lat' dir='ltr'>damna-</span> 
     </span>
    </p>
   </div>
   <div class='ocr_carea' id='block_1_69' title="bbox 593 3339 2203 3414">
    <p class='ocr_par' dir='ltr' id='par_1_69' title="bbox 593 3339 2203 3414">
     <span class='ocr_line' id='line_1_69' title="bbox 593 3339 2203 3414; baseline -0.001 -17"><span class='ocrx_word' id='word_1_410' title='bbox 593 3350 769 3397; x_wconf 90' lang='lat' dir='ltr'>torum</span> <span class='ocrx_word' id='word_1_411' title='bbox 811 3341 953 3396; x_wconf 89' lang='lat' dir='ltr'>bona</span> <span class='ocrx_word' id='word_1_412' title='bbox 994 3355 1105 3396; x_wconf 88' lang='lat' dir='ltr'>non</span> <span class='ocrx_word' id='word_1_413' title='bbox 1133 3339 1202 3394; x_wconf 89' lang='lat' dir='ltr'>ad</span> <span class='ocrx_word' id='word_1_414' title='bbox 1233 3339 1440 3397; x_wconf 89' lang='lat' dir='ltr'>lucrum</span> <span class='ocrx_word' id='word_1_415' title='bbox 1484 3339 1755 3411; x_wconf 73' lang='lat' dir='ltr'>praesidis,</span> <span class='ocrx_word' id='word_1_416' title='bbox 1806 3341 1902 3396; x_wconf 91' lang='lat' dir='ltr'>sed</span> <span class='ocrx_word' id='word_1_417' title='bbox 1952 3340 2203 3414; x_wconf 88' lang='lat' dir='ltr'>cognatis</span> 
     </span>
    </p>
   </div>
   <div class='ocr_carea' id='block_1_70' title="bbox 585 3426 2200 3503">
    <p class='ocr_par' dir='ltr' id='par_1_70' title="bbox 585 3426 2200 3503">
     <span class='ocr_line' id='line_1_70' title="bbox 585 3426 2200 3503; baseline -0.002 -16"><span class='ocrx_word' id='word_1_418' title='bbox 585 3426 895 3501; x_wconf 89' lang='lat' dir='ltr'>punitorum</span> <span class='ocrx_word' id='word_1_419' title='bbox 917 3427 1070 3484; x_wconf 82' lang='lat' dir='ltr'>reddi</span> <span class='ocrx_word' id='word_1_420' title='bbox 1091 3428 1347 3499; x_wconf 86' lang='lat' dir='ltr'>oportet?</span> <span class='ocrx_word' id='word_1_421' title='bbox 1368 3429 1433 3484; x_wconf 86' lang='lat' dir='ltr'>Et</span> <span class='ocrx_word' id='word_1_422' title='bbox 1454 3428 1582 3483; x_wconf 87' lang='lat' dir='ltr'>alibi</span> <span class='ocrx_word' id='word_1_423' title='bbox 1609 3446 1622 3484; x_wconf 90' lang='lat'><strong>:</strong></span> <span class='ocrx_word' id='word_1_424' title='bbox 1647 3427 1916 3485; x_wconf 88' lang='lat' dir='ltr'>Omnibus</span> <span class='ocrx_word' id='word_1_425' title='bbox 1937 3429 2200 3503; x_wconf 87' lang='lat' dir='ltr'>gradibus</span> 
     </span>
    </p>
   </div>
   <div class='ocr_carea' id='block_1_71' title="bbox 586 3516 2204 3592">
    <p class='ocr_par' dir='ltr' id='par_1_71' title="bbox 586 3516 2204 3592">
     <span class='ocr_line' id='line_1_71' title="bbox 586 3516 2204 3592; baseline -0.002 -15"><span class='ocrx_word' id='word_1_426' title='bbox 586 3524 948 3592; x_wconf 81' lang='lat' dir='ltr'>cognatorum</span> <span class='ocrx_word' id='word_1_427' title='bbox 980 3517 1037 3572; x_wconf 89' lang='lat' dir='ltr'>in</span> <span class='ocrx_word' id='word_1_428' title='bbox 1064 3516 1384 3572; x_wconf 67' lang='lat' dir='ltr'>haereditate</span> <span class='ocrx_word' id='word_1_429' title='bbox 1422 3517 1688 3572; x_wconf 87' lang='lat' dir='ltr'>sumenda</span> <span class='ocrx_word' id='word_1_430' title='bbox 1717 3517 2045 3589; x_wconf 69' lang='lat' dir='ltr'>praeferendi</span> <span class='ocrx_word' id='word_1_431' title='bbox 2073 3526 2204 3574; x_wconf 89' lang='lat' dir='ltr'>sunt</span> 
     </span>
    </p>
   </div>
   <div class='ocr_carea' id='block_1_72' title="bbox 587 3602 2200 3678">
    <p class='ocr_par' dir='ltr' id='par_1_72' title="bbox 587 3602 2200 3678">
     <span class='ocr_line' id='line_1_72' title="bbox 587 3602 2200 3678; baseline 0.001 -17"><span class='ocrx_word' id='word_1_432' title='bbox 587 3603 704 3662; x_wconf 83' lang='lat' dir='ltr'>ﬁlii.</span> <span class='ocrx_word' id='word_1_433' title='bbox 751 3605 905 3662; x_wconf 92' lang='lat' dir='ltr'>Unde</span> <span class='ocrx_word' id='word_1_434' title='bbox 953 3602 1162 3677; x_wconf 90' lang='lat' dir='ltr'>liquido</span> <span class='ocrx_word' id='word_1_435' title='bbox 1206 3612 1376 3677; x_wconf 88' lang='lat' dir='ltr'>patet,</span> <span class='ocrx_word' id='word_1_436' title='bbox 1422 3604 1819 3678; x_wconf 81' lang='lat' dir='ltr'>gloriosissime</span> <span class='ocrx_word' id='word_1_437' title='bbox 1860 3622 1976 3671; x_wconf 82' lang='lat' dir='ltr'>rex,</span> <span class='ocrx_word' id='word_1_438' title='bbox 2010 3615 2200 3664; x_wconf 90' lang='lat' dir='ltr'>utnec</span> 
     </span>
    </p>
   </div>
   <div class='ocr_carea' id='block_1_73' title="bbox 586 3692 2198 3767">
    <p class='ocr_par' dir='ltr' id='par_1_73' title="bbox 586 3692 2198 3767">
     <span class='ocr_line' id='line_1_73' title="bbox 586 3692 2198 3767; baseline 0.001 -18"><span class='ocrx_word' id='word_1_439' title='bbox 586 3709 706 3761; x_wconf 88' lang='lat' dir='ltr'>vos,</span> <span class='ocrx_word' id='word_1_440' title='bbox 755 3709 862 3750; x_wconf 89' lang='lat' dir='ltr'>nec</span> <span class='ocrx_word' id='word_1_441' title='bbox 907 3692 1129 3766; x_wconf 83' lang='lat' dir='ltr'>cognati</span> <span class='ocrx_word' id='word_1_442' title='bbox 1175 3709 1386 3760; x_wconf 89' lang='lat' dir='ltr'>eorum,</span> <span class='ocrx_word' id='word_1_443' title='bbox 1439 3692 1545 3748; x_wconf 90' lang='lat' dir='ltr'>nisi</span> <span class='ocrx_word' id='word_1_444' title='bbox 1592 3693 1725 3764; x_wconf 71' lang='lat' dir='ltr'>ipsa:</span> <span class='ocrx_word' id='word_1_445' title='bbox 1754 3692 1880 3749; x_wconf 73' lang='lat' dir='ltr'>lilia}</span> <span class='ocrx_word' id='word_1_446' title='bbox 1925 3711 2047 3767; x_wconf 74' lang='lat' dir='ltr'>quae</span> <span class='ocrx_word' id='word_1_447' title='bbox 2074 3705 2198 3750; x_wconf 89' lang='lat' dir='ltr'>sunt</span> 
     </span>
    </p>
   </div>
   <div class='ocr_carea' id='block_1_74' title="bbox 584 3780 2198 3855">
    <p class='ocr_par' dir='ltr' id='par_1_74' title="bbox 584 3780 2198 3855">
     <span class='ocr_line' id='line_1_74' title="bbox 584 3780 2198 3855; baseline 0.001 -18"><span class='ocrx_word' id='word_1_448' title='bbox 584 3780 863 3855; x_wconf 62' lang='lat' dir='ltr'>legitima},</span> <span class='ocrx_word' id='word_1_449' title='bbox 895 3780 1021 3837; x_wconf 91' lang='lat' dir='ltr'>illos</span> <span class='ocrx_word' id='word_1_450' title='bbox 1047 3780 1256 3837; x_wconf 87' lang='lat' dir='ltr'>allodes</span> <span class='ocrx_word' id='word_1_451' title='bbox 1302 3781 1507 3837; x_wconf 87' lang='lat' dir='ltr'>habere</span> <span class='ocrx_word' id='word_1_452' title='bbox 1537 3780 1771 3847; x_wconf 88' lang='lat' dir='ltr'>debent;</span> <span class='ocrx_word' id='word_1_453' title='bbox 1805 3783 1897 3854; x_wconf 88' lang='lat' dir='ltr'>qui</span> <span class='ocrx_word' id='word_1_454' title='bbox 1927 3799 2056 3839; x_wconf 89' lang='lat' dir='ltr'>vero</span> <span class='ocrx_word' id='word_1_455' title='bbox 2084 3783 2198 3838; x_wconf 89' lang='lat' dir='ltr'>nati</span> 
     </span>
    </p>
   </div>
   <div class='ocr_carea' id='block_1_75' title="bbox 586 3868 2196 3941">
    <p class='ocr_par' dir='ltr' id='par_1_75' title="bbox 586 3868 2196 3941">
     <span class='ocr_line' id='line_1_75' title="bbox 586 3868 2196 3941; baseline 0.002 -18"><span class='ocrx_word' id='word_1_456' title='bbox 586 3877 710 3924; x_wconf 89' lang='lat' dir='ltr'>sunt</span> <span class='ocrx_word' id='word_1_457' title='bbox 728 3877 853 3941; x_wconf 84' lang='lat' dir='ltr'>post</span> <span class='ocrx_word' id='word_1_458' title='bbox 875 3869 1085 3925; x_wconf 87' lang='lat' dir='ltr'>crimen</span> <span class='ocrx_word' id='word_1_459' title='bbox 1112 3868 1352 3937; x_wconf 90' lang='lat' dir='ltr'>illarum,</span> <span class='ocrx_word' id='word_1_460' title='bbox 1377 3869 1549 3941; x_wconf 90' lang='lat' dir='ltr'>spurii</span> <span class='ocrx_word' id='word_1_461' title='bbox 1580 3878 1722 3937; x_wconf 89' lang='lat' dir='ltr'>sunt,</span> <span class='ocrx_word' id='word_1_462' title='bbox 1745 3887 1845 3928; x_wconf 87' lang='lat' dir='ltr'>nec</span> <span class='ocrx_word' id='word_1_463' title='bbox 1866 3871 2196 3927; x_wconf 83' lang='lat' dir='ltr'>haereditare</span> 
     </span>
    </p>
   </div>
   <div class='ocr_carea' id='block_1_76' title="bbox 589 3955 2197 4032">
    <p class='ocr_par' dir='ltr' id='par_1_76' title="bbox 589 3955 2197 4032">
     <span class='ocr_line' id='line_1_76' title="bbox 589 3955 2197 4032; baseline 0.001 -19"><span class='ocrx_word' id='word_1_464' title='bbox 589 3956 808 4027; x_wconf 89' lang='lat' dir='ltr'>debent,</span> <span class='ocrx_word' id='word_1_465' title='bbox 835 3965 892 4013; x_wconf 92' lang='lat' dir='ltr'>ut</span> <span class='ocrx_word' id='word_1_466' title='bbox 919 3955 1180 4030; x_wconf 65' lang='lat' dir='ltr'>praefatus</span> <span class='ocrx_word' id='word_1_467' title='bbox 1226 3972 1368 4030; x_wconf 87' lang='lat' dir='ltr'>papa</span> <span class='ocrx_word' id='word_1_468' title='bbox 1410 3966 1462 4013; x_wconf 91' lang='lat' dir='ltr'>et</span> <span class='ocrx_word' id='word_1_469' title='bbox 1505 3957 1802 4031; x_wconf 84' lang='lat' dir='ltr'>imperator</span> <span class='ocrx_word' id='word_1_470' title='bbox 1849 3960 2197 4032; x_wconf 90' lang='lat' dir='ltr'>scripserunt</span> 
     </span>
    </p>
   </div>
   <div class='ocr_carea' id='block_1_77' title="bbox 587 4045 2196 4121">
    <p class='ocr_par' dir='ltr' id='par_1_77' title="bbox 587 4045 2196 4121">
     <span class='ocr_line' id='line_1_77' title="bbox 587 4045 2196 4121; baseline 0.002 -20"><span class='ocrx_word' id='word_1_471' title='bbox 587 4045 662 4101; x_wconf 90' lang='lat' dir='ltr'>ita</span> <span class='ocrx_word' id='word_1_472' title='bbox 686 4064 699 4101; x_wconf 91' lang='lat'><strong>:</strong></span> <span class='ocrx_word' id='word_1_473' title='bbox 724 4045 952 4118; x_wconf 89' lang='lat' dir='ltr'>Spurios</span> <span class='ocrx_word' id='word_1_474' title='bbox 970 4045 1101 4103; x_wconf 87' lang='lat' dir='ltr'>satis</span> <span class='ocrx_word' id='word_1_475' title='bbox 1129 4046 1438 4116; x_wconf 86' lang='lat' dir='ltr'>injuriosos,</span> <span class='ocrx_word' id='word_1_476' title='bbox 1462 4048 1703 4121; x_wconf 89' lang='lat' dir='ltr'>satisque</span> <span class='ocrx_word' id='word_1_477' title='bbox 1734 4049 1988 4115; x_wconf 89' lang='lat' dir='ltr'>acerbos,</span> <span class='ocrx_word' id='word_1_478' title='bbox 2011 4064 2077 4105; x_wconf 93' lang='lat' dir='ltr'>ac</span> <span class='ocrx_word' id='word_1_479' title='bbox 2098 4065 2196 4104; x_wconf 93' lang='lat' dir='ltr'>no-</span> 
     </span>
    </p>
   </div>
   <div class='ocr_carea' id='block_1_78' title="bbox 586 4134 2192 4210">
    <p class='ocr_par' dir='ltr' id='par_1_78' title="bbox 586 4134 2192 4210">
     <span class='ocr_line' id='line_1_78' title="bbox 586 4134 2192 4210; baseline 0.002 -21"><span class='ocrx_word' id='word_1_480' title='bbox 586 4134 716 4190; x_wconf 88' lang='lat' dir='ltr'>stris</span> <span class='ocrx_word' id='word_1_481' title='bbox 746 4135 1081 4206; x_wconf 88' lang='lat' dir='ltr'>temporibus</span> <span class='ocrx_word' id='word_1_482' title='bbox 1123 4152 1340 4208; x_wconf 88' lang='lat' dir='ltr'>semper</span> <span class='ocrx_word' id='word_1_483' title='bbox 1377 4136 1633 4210; x_wconf 81' lang='lat' dir='ltr'>indiguos</span> <span class='ocrx_word' id='word_1_484' title='bbox 1661 4154 1784 4194; x_wconf 89' lang='lat' dir='ltr'>csse</span> <span class='ocrx_word' id='word_1_485' title='bbox 1813 4137 2192 4206; x_wconf 89' lang='lat' dir='ltr'>dijudicamus.</span> 
     </span>
    </p>
   </div>
   <div class='ocr_carea' id='block_1_79' title="bbox 586 4221 2195 4300">
    <p class='ocr_par' dir='ltr' id='par_1_79' title="bbox 586 4221 2195 4300">
     <span class='ocr_line' id='line_1_79' title="bbox 586 4221 2195 4300; baseline 0.002 -22"><span class='ocrx_word' id='word_1_486' title='bbox 586 4221 947 4297; x_wconf 84' lang='lat' dir='ltr'>Quapropter,</span> <span class='ocrx_word' id='word_1_487' title='bbox 982 4233 1041 4280; x_wconf 87' lang='lat' dir='ltr'>ut</span> <span class='ocrx_word' id='word_1_488' title='bbox 1072 4225 1406 4296; x_wconf 82' lang='lat' dir='ltr'>rogavimus,</span> <span class='ocrx_word' id='word_1_489' title='bbox 1435 4225 1635 4282; x_wconf 88' lang='lat' dir='ltr'>iterum</span> <span class='ocrx_word' id='word_1_490' title='bbox 1679 4226 1980 4298; x_wconf 89' lang='lat' dir='ltr'>iterumque</span> <span class='ocrx_word' id='word_1_491' title='bbox 2023 4242 2195 4300; x_wconf 87' lang='lat' dir='ltr'>roga-</span> 
     </span>
    </p>
   </div>
   <div class='ocr_carea' id='block_1_80' title="bbox 588 4313 2191 4382">
    <p class='ocr_par' dir='ltr' id='par_1_80' title="bbox 588 4313 2191 4382">
     <span class='ocr_line' id='line_1_80' title="bbox 588 4313 2191 4382; baseline 0.003 -16"><span class='ocrx_word' id='word_1_492' title='bbox 588 4327 732 4382; x_wconf 89' lang='lat' dir='ltr'>mus,</span> <span class='ocrx_word' id='word_1_493' title='bbox 756 4320 810 4368; x_wconf 89' lang='lat' dir='ltr'>et</span> <span class='ocrx_word' id='word_1_494' title='bbox 830 4313 1108 4368; x_wconf 86' lang='lat' dir='ltr'>hortantes</span> <span class='ocrx_word' id='word_1_495' title='bbox 1136 4329 1421 4369; x_wconf 86' lang='lat' dir='ltr'>monemus</span> <span class='ocrx_word' id='word_1_496' title='bbox 1451 4321 1508 4368; x_wconf 91' lang='lat' dir='ltr'>ut</span> <span class='ocrx_word' id='word_1_497' title='bbox 1535 4315 1729 4369; x_wconf 87' lang='lat' dir='ltr'>harum</span> <span class='ocrx_word' id='word_1_498' title='bbox 1757 4314 2191 4379; x_wconf 86' lang='lat' dir='ltr'>reclamationes,</span> 
     </span>
    </p>
   </div>
   <div class='ocr_carea' id='block_1_81' title="bbox 588 4400 2274 4492">
    <p class='ocr_par' dir='ltr' id='par_1_81' title="bbox 588 4400 2274 4492">
     <span class='ocr_line' id='line_1_81' title="bbox 588 4400 2274 4492; baseline 0.002 -37"><span class='ocrx_word' id='word_1_499' title='bbox 588 4401 776 4455; x_wconf 89' lang='lat' dir='ltr'>harum</span> <span class='ocrx_word' id='word_1_500' title='bbox 806 4409 860 4456; x_wconf 92' lang='lat' dir='ltr'>et</span> <span class='ocrx_word' id='word_1_501' title='bbox 887 4400 1122 4472; x_wconf 87' lang='lat' dir='ltr'>gemitus</span> <span class='ocrx_word' id='word_1_502' title='bbox 1168 4410 1348 4457; x_wconf 86' lang='lat' dir='ltr'>vestra</span> <span class='ocrx_word' id='word_1_503' title='bbox 1396 4401 1551 4475; x_wconf 82' lang='lat' dir='ltr'>regia</span> <span class='ocrx_word' id='word_1_504' title='bbox 1593 4402 1834 4475; x_wconf 82' lang='lat' dir='ltr'>dignitas</span> <span class='ocrx_word' id='word_1_505' title='bbox 1866 4402 2095 4460; x_wconf 87' lang='lat' dir='ltr'>hauriat.</span> <span class='ocrx_word' id='word_1_506' title='bbox 2127 4405 2193 4459; x_wconf 90' lang='lat' dir='ltr'>Et</span> <span class='ocrx_word' id='word_1_507' title='bbox 2221 4431 2274 4492; x_wconf 83' lang='lat' dir='ltr'><strong>D</strong></span> 
     </span>
    </p>
   </div>
   <div class='ocr_carea' id='block_1_82' title="bbox 587 4488 2192 4564">
    <p class='ocr_par' dir='ltr' id='par_1_82' title="bbox 587 4488 2192 4564">
     <span class='ocr_line' id='line_1_82' title="bbox 587 4488 2192 4564; baseline 0.004 -22"><span class='ocrx_word' id='word_1_508' title='bbox 587 4502 687 4560; x_wconf 90' lang='lat' dir='ltr'>pro</span> <span class='ocrx_word' id='word_1_509' title='bbox 743 4488 1113 4560; x_wconf 86' lang='lat' dir='ltr'>apostolorum</span> <span class='ocrx_word' id='word_1_510' title='bbox 1166 4489 1475 4561; x_wconf 89' lang='lat' dir='ltr'>principum</span> <span class='ocrx_word' id='word_1_511' title='bbox 1530 4491 1868 4557; x_wconf 79' lang='lat' dir='ltr'>reverentia,</span> <span class='ocrx_word' id='word_1_512' title='bbox 1918 4508 1952 4546; x_wconf 91' lang='lat' dir='ltr'>a</span> <span class='ocrx_word' id='word_1_513' title='bbox 1999 4492 2192 4564; x_wconf 88' lang='lat' dir='ltr'>quibus</span> 
     </span>
    </p>
   </div>
   <div class='ocr_carea' id='block_1_83' title="bbox 592 4575 2193 4652">
    <p class='ocr_par' dir='ltr' id='par_1_83' title="bbox 592 4575 2193 4652">
     <span class='ocr_line' id='line_1_83' title="bbox 592 4575 2193 4652; baseline 0.003 -21"><span class='ocrx_word' id='word_1_514' title='bbox 592 4575 801 4648; x_wconf 88' lang='lat' dir='ltr'>petiere</span> <span class='ocrx_word' id='word_1_515' title='bbox 831 4576 1108 4642; x_wconf 84' lang='lat' dir='ltr'>auxilium,</span> <span class='ocrx_word' id='word_1_516' title='bbox 1128 4586 1182 4632; x_wconf 92' lang='lat' dir='ltr'>et</span> <span class='ocrx_word' id='word_1_517' title='bbox 1200 4593 1301 4649; x_wconf 88' lang='lat' dir='ltr'>pro</span> <span class='ocrx_word' id='word_1_518' title='bbox 1322 4585 1510 4633; x_wconf 89' lang='lat' dir='ltr'>nostro</span> <span class='ocrx_word' id='word_1_519' title='bbox 1540 4593 1728 4634; x_wconf 87' lang='lat' dir='ltr'>amore</span> <span class='ocrx_word' id='word_1_520' title='bbox 1749 4577 2026 4650; x_wconf 78' lang='lat' dir='ltr'>integriter</span> <span class='ocrx_word' id='word_1_521' title='bbox 2038 4580 2193 4652; x_wconf 61' lang='grc' dir='ltr'>ᾤδεε</span> 
     </span>
    </p>
   </div>
   <div class='ocr_carea' id='block_1_84' title="bbox 586 4664 2194 4738">
    <p class='ocr_par' dir='ltr' id='par_1_84' title="bbox 586 4664 2194 4738">
     <span class='ocr_line' id='line_1_84' title="bbox 586 4664 2194 4738; baseline 0.003 -19"><span class='ocrx_word' id='word_1_522' title='bbox 586 4665 975 4736; x_wconf 83' lang='lat' dir='ltr'>proprietates,</span> <span class='ocrx_word' id='word_1_523' title='bbox 1025 4681 1158 4738; x_wconf 90' lang='lat' dir='ltr'>quas</span> <span class='ocrx_word' id='word_1_524' title='bbox 1204 4681 1303 4720; x_wconf 90' lang='lat' dir='ltr'>vos</span> <span class='ocrx_word' id='word_1_525' title='bbox 1346 4664 1555 4720; x_wconf 87' lang='lat' dir='ltr'>allodes</span> <span class='ocrx_word' id='word_1_526' title='bbox 1600 4665 1810 4734; x_wconf 90' lang='lat' dir='ltr'>dicitis,</span> <span class='ocrx_word' id='word_1_527' title='bbox 1863 4667 2088 4734; x_wconf 89' lang='lat' dir='ltr'>reddat,</span> <span class='ocrx_word' id='word_1_528' title='bbox 2140 4678 2194 4726; x_wconf 89' lang='lat' dir='ltr'>et</span> 
     </span>
    </p>
   </div>
   <div class='ocr_carea' id='block_1_85' title="bbox 593 4752 2185 4814">
    <p class='ocr_par' dir='ltr' id='par_1_85' title="bbox 593 4752 2185 4814">
     <span class='ocr_line' id='line_1_85' title="bbox 593 4752 2185 4814; baseline 0.006 -8"><span class='ocrx_word' id='word_1_529' title='bbox 593 4761 804 4809; x_wconf 89' lang='lat' dir='ltr'>vestros</span> <span class='ocrx_word' id='word_1_530' title='bbox 850 4752 999 4809; x_wconf 90' lang='lat' dir='ltr'>omni</span> <span class='ocrx_word' id='word_1_531' title='bbox 1045 4752 1332 4810; x_wconf 86' lang='lat' dir='ltr'>occasione</span> <span class='ocrx_word' id='word_1_532' title='bbox 1394 4760 1603 4809; x_wconf 87' lang='lat' dir='ltr'>remota</span> <span class='ocrx_word' id='word_1_533' title='bbox 1661 4754 1894 4810; x_wconf 86' lang='lat' dir='ltr'>reddere</span> <span class='ocrx_word' id='word_1_534' title='bbox 1959 4753 2185 4814; x_wconf 85' lang='lat' dir='ltr'>faciatis.</span> 
     </span>
    </p>
   </div>
   <div class='ocr_carea' id='block_1_86' title="bbox 592 4840 1042 4917">
    <p class='ocr_par' dir='ltr' id='par_1_86' title="bbox 592 4840 1042 4917">
     <span class='ocr_line' id='line_1_86' title="bbox 592 4840 1042 4917; baseline 0.011 -22"><span class='ocrx_word' id='word_1_535' title='bbox 592 4840 729 4897; x_wconf 89' lang='lat' dir='ltr'>Data</span> <span class='ocrx_word' id='word_1_536' title='bbox 758 4846 824 4898; x_wconf 87' lang='lat' dir='ltr'>ut</span> <span class='ocrx_word' id='word_1_537' title='bbox 850 4859 1042 4917; x_wconf 90' lang='lat' dir='ltr'>supra.</span> 
     </span>
    </p>
   </div>
   <div class='ocr_carea' id='block_1_87' title="bbox 1256 4952 1516 5008">
    <p class='ocr_par' dir='ltr' id='par_1_87' title="bbox 1256 4952 1516 5008">
     <span class='ocr_line' id='line_1_87' title="bbox 1256 4952 1516 5008; baseline 0.004 -1"><span class='ocrx_word' id='word_1_538' title='bbox 1256 4952 1516 5008; x_wconf 81' lang='lat' dir='ltr'>CLXXV.</span> 
     </span>
    </p>
   </div>
   <div class='ocr_carea' id='block_1_88' title="bbox 1128 5054 1641 5097">
    <p class='ocr_par' dir='ltr' id='par_1_88' title="bbox 1128 5054 1641 5097">
     <span class='ocr_line' id='line_1_88' title="bbox 1128 5054 1641 5097; baseline 0.006 -3"><span class='ocrx_word' id='word_1_539' title='bbox 1128 5054 1219 5094; x_wconf 71' lang='lat' dir='ltr'><strong>AD</strong></span> <span class='ocrx_word' id='word_1_540' title='bbox 1268 5055 1641 5097; x_wconf 67' lang='lat' dir='ltr'>HUGONEH.</span> 
     </span>
    </p>
   </div>
   <div class='ocr_carea' id='block_1_89' title="bbox 1209 5129 1570 5202">
    <p class='ocr_par' dir='ltr' id='par_1_89' title="bbox 1209 5129 1570 5202">
     <span class='ocr_line' id='line_1_89' title="bbox 1209 5129 1570 5202; baseline 0.008 -18"><span class='ocrx_word' id='word_1_541' title='bbox 1209 5130 1390 5197; x_wconf 83' lang='lat' dir='ltr'>(Anno</span> <span class='ocrx_word' id='word_1_542' title='bbox 1418 5129 1570 5202; x_wconf 88' lang='lat'>878.)</span> 
     </span>
    </p>
   </div>
   <div class='ocr_carea' id='block_1_90' title="bbox 661 5217 2112 5284">
    <p class='ocr_par' dir='ltr' id='par_1_90' title="bbox 661 5217 2112 5284">
     <span class='ocr_line' id='line_1_90' title="bbox 661 5217 2112 5284; baseline 0.002 -11"><span class='ocrx_word' id='word_1_543' title='bbox 661 5218 841 5284; x_wconf 74' lang='lat' dir='ltr'>Monet</span> <span class='ocrx_word' id='word_1_544' title='bbox 868 5224 933 5276; x_wconf 87' lang='lat' dir='ltr'>ut</span> <span class='ocrx_word' id='word_1_545' title='bbox 962 5217 1371 5277; x_wconf 79' lang='lat' dir='ltr'>dissensionem</span> <span class='ocrx_word' id='word_1_546' title='bbox 1399 5220 1555 5276; x_wconf 86' lang='lat' dir='ltr'>inter</span> <span class='ocrx_word' id='word_1_547' title='bbox 1581 5220 1853 5277; x_wconf 77' lang='lat' dir='ltr'>Abbonem</span> <span class='ocrx_word' id='word_1_548' title='bbox 1881 5224 1937 5276; x_wconf 88' lang='lat' dir='ltr'>et</span> <span class='ocrx_word' id='word_1_549' title='bbox 1969 5220 2112 5276; x_wconf 82' lang='lat' dir='ltr'>alios</span> 
     </span>
    </p>
   </div>
   <div class='ocr_carea' id='block_1_91' title="bbox 1188 5309 1574 5366">
    <p class='ocr_par' dir='ltr' id='par_1_91' title="bbox 1188 5309 1574 5366">
     <span class='ocr_line' id='line_1_91' title="bbox 1188 5309 1574 5366; baseline 0 -3"><span class='ocrx_word' id='word_1_550' title='bbox 1188 5313 1373 5365; x_wconf 85' lang='lat' dir='ltr'>ortam</span> <span class='ocrx_word' id='word_1_551' title='bbox 1401 5309 1574 5366; x_wconf 81' lang='lat' dir='ltr'>sedet.</span> 
     </span>
    </p>
   </div>
   <div class='ocr_carea' id='block_1_92' title="bbox 608 5408 2130 5488">
    <p class='ocr_par' dir='ltr' id='par_1_92' title="bbox 608 5408 2130 5488">
     <span class='ocr_line' id='line_1_92' title="bbox 608 5408 2130 5488; baseline 0.001 -20"><span class='ocrx_word' id='word_1_552' title='bbox 608 5422 617 5429; x_wconf 90' lang='lat'>&#39;</span> <span class='ocrx_word' id='word_1_553' title='bbox 656 5408 877 5468; x_wconf 68' lang='lat' dir='ltr'>llrooxt</span> <span class='ocrx_word' id='word_1_554' title='bbox 907 5414 1083 5468; x_wconf 56' lang='lat' dir='ltr'>abitat?</span> <span class='ocrx_word' id='word_1_555' title='bbox 1116 5414 1299 5473; x_wconf 72' lang='lat' dir='ltr'>illlltill,</span> <span class='ocrx_word' id='word_1_556' title='bbox 1333 5416 1612 5488; x_wconf 56' lang='lat' dir='ltr'>spectabili</span> <span class='ocrx_word' id='word_1_557' title='bbox 1645 5414 1895 5488; x_wconf 64' lang='lat' dir='ltr'>prosapia</span> <span class='ocrx_word' id='word_1_558' title='bbox 1927 5415 2130 5487; x_wconf 65' lang='lat' dir='ltr'>genito.</span> 
     </span>
    </p>
   </div>
   <div class='ocr_carea' id='block_1_93' title="bbox 653 5502 2171 5577">
    <p class='ocr_par' dir='ltr' id='par_1_93' title="bbox 653 5502 2171 5577">
     <span class='ocr_line' id='line_1_93' title="bbox 653 5502 2171 5577; baseline 0.001 -21"><span class='ocrx_word' id='word_1_559' title='bbox 653 5504 789 5571; x_wconf 72' lang='lat' dir='ltr'>Quia</span> <span class='ocrx_word' id='word_1_560' title='bbox 818 5505 1036 5557; x_wconf 83' lang='lat' dir='ltr'>multum</span> <span class='ocrx_word' id='word_1_561' title='bbox 1069 5521 1165 5556; x_wconf 66' lang='lat' dir='ltr'>tus</span> <span class='ocrx_word' id='word_1_562' title='bbox 1196 5502 1490 5569; x_wconf 62' lang='lat' dir='ltr'>diligimus.</span> <span class='ocrx_word' id='word_1_563' title='bbox 1526 5505 1755 5577; x_wconf 68' lang='grc' dir='ltr'>ἱιῐοῡιιιοι</span> <span class='ocrx_word' id='word_1_564' title='bbox 1804 5507 2171 5575; x_wconf 64' lang='lat' dir='ltr'>mngrut&#39;tlnt‘,</span> 
     </span>
    </p>
   </div>
   <div class='ocr_carea' id='block_1_94' title="bbox 2306 3129 3909 3210">
    <p class='ocr_par' dir='ltr' id='par_1_94' title="bbox 2306 3129 3909 3210">
     <span class='ocr_line' id='line_1_94' title="bbox 2306 3129 3909 3210; baseline 0.006 -27"><span class='ocrx_word' id='word_1_565' title='bbox 2306 3129 2450 3184; x_wconf 89' lang='lat' dir='ltr'>niam</span> <span class='ocrx_word' id='word_1_566' title='bbox 2502 3129 2869 3188; x_wconf 88' lang='lat' dir='ltr'>Simoniacum</span> <span class='ocrx_word' id='word_1_567' title='bbox 2924 3140 3040 3197; x_wconf 88' lang='lat' dir='ltr'>est,</span> <span class='ocrx_word' id='word_1_568' title='bbox 3101 3142 3153 3188; x_wconf 89' lang='lat' dir='ltr'>et</span> <span class='ocrx_word' id='word_1_569' title='bbox 3207 3133 3313 3191; x_wconf 88' lang='lat' dir='ltr'>hoc</span> <span class='ocrx_word' id='word_1_570' title='bbox 3361 3134 3518 3190; x_wconf 88' lang='lat' dir='ltr'>nobis</span> <span class='ocrx_word' id='word_1_571' title='bbox 3566 3151 3909 3210; x_wconf 86' lang='lat' dir='ltr'>nequaquam</span> 
     </span>
    </p>
   </div>
   <div class='ocr_carea' id='block_1_95' title="bbox 2305 3217 3905 3293">
    <p class='ocr_par' dir='ltr' id='par_1_95' title="bbox 2305 3217 3905 3293">
     <span class='ocr_line' id='line_1_95' title="bbox 2305 3217 3905 3293; baseline 0.007 -21"><span class='ocrx_word' id='word_1_572' title='bbox 2305 3217 2594 3285; x_wconf 89' lang='lat' dir='ltr'>celabitur;</span> <span class='ocrx_word' id='word_1_573' title='bbox 2627 3220 2774 3291; x_wconf 91' lang='lat' dir='ltr'>quod</span> <span class='ocrx_word' id='word_1_574' title='bbox 2801 3220 2847 3275; x_wconf 90' lang='lat' dir='ltr'>si</span> <span class='ocrx_word' id='word_1_575' title='bbox 2877 3218 3093 3287; x_wconf 88' lang='lat' dir='ltr'>feceris,</span> <span class='ocrx_word' id='word_1_576' title='bbox 3124 3237 3226 3293; x_wconf 91' lang='lat' dir='ltr'>per</span> <span class='ocrx_word' id='word_1_577' title='bbox 3252 3223 3532 3293; x_wconf 88' lang='lat' dir='ltr'>apostolos</span> <span class='ocrx_word' id='word_1_578' title='bbox 3550 3224 3905 3291; x_wconf 79' lang='lat' dir='ltr'>obtestantes,</span> 
     </span>
    </p>
   </div>
   <div class='ocr_carea' id='block_1_96' title="bbox 2304 3306 3907 3370">
    <p class='ocr_par' dir='ltr' id='par_1_96' title="bbox 2304 3306 3907 3370">
     <span class='ocr_line' id='line_1_96' title="bbox 2304 3306 3907 3370; baseline 0.006 -10"><span class='ocrx_word' id='word_1_579' title='bbox 2304 3314 2357 3361; x_wconf 90' lang='lat' dir='ltr'>te</span> <span class='ocrx_word' id='word_1_580' title='bbox 2392 3306 2614 3362; x_wconf 86' lang='lat' dir='ltr'>minime</span> <span class='ocrx_word' id='word_1_581' title='bbox 2644 3308 3048 3365; x_wconf 90' lang='lat' dir='ltr'>benedicemus.</span> <span class='ocrx_word' id='word_1_582' title='bbox 3082 3311 3228 3366; x_wconf 86' lang='lat' dir='ltr'>inter</span> <span class='ocrx_word' id='word_1_583' title='bbox 3256 3311 3374 3368; x_wconf 60' lang='lat' dir='ltr'>haec</span> <span class='ocrx_word' id='word_1_584' title='bbox 3404 3312 3653 3369; x_wconf 89' lang='lat' dir='ltr'>volumus</span> <span class='ocrx_word' id='word_1_585' title='bbox 3672 3322 3732 3369; x_wconf 91' lang='lat' dir='ltr'>ut</span> <span class='ocrx_word' id='word_1_586' title='bbox 3749 3313 3907 3370; x_wconf 87' lang='lat' dir='ltr'>istam</span> 
     </span>
    </p>
   </div>
   <div class='ocr_carea' id='block_1_97' title="bbox 2303 3395 3905 3475">
    <p class='ocr_par' dir='ltr' id='par_1_97' title="bbox 2303 3395 3905 3475">
     <span class='ocr_line' id='line_1_97' title="bbox 2303 3395 3905 3475; baseline 0.006 -25"><span class='ocrx_word' id='word_1_587' title='bbox 2303 3395 2588 3466; x_wconf 87' lang='lat' dir='ltr'>epistolam</span> <span class='ocrx_word' id='word_1_588' title='bbox 2636 3396 2801 3452; x_wconf 89' lang='lat' dir='ltr'>Leoni</span> <span class='ocrx_word' id='word_1_589' title='bbox 2842 3398 3138 3454; x_wconf 85' lang='lat' dir='ltr'>venerabili</span> <span class='ocrx_word' id='word_1_590' title='bbox 3182 3401 3354 3456; x_wconf 90' lang='lat' dir='ltr'>misso</span> <span class='ocrx_word' id='word_1_591' title='bbox 3401 3399 3660 3473; x_wconf 88' lang='lat' dir='ltr'>episcopo</span> <span class='ocrx_word' id='word_1_592' title='bbox 3687 3411 3739 3461; x_wconf 87' lang='lat' dir='ltr'>et</span> <span class='ocrx_word' id='word_1_593' title='bbox 3766 3418 3905 3475; x_wconf 90' lang='lat' dir='ltr'>apo-</span> 
     </span>
    </p>
   </div>
   <div class='ocr_carea' id='block_1_98' title="bbox 2302 3484 3905 3564">
    <p class='ocr_par' dir='ltr' id='par_1_98' title="bbox 2302 3484 3905 3564">
     <span class='ocr_line' id='line_1_98' title="bbox 2302 3484 3905 3564; baseline 0.005 -24"><span class='ocrx_word' id='word_1_594' title='bbox 2302 3484 2570 3552; x_wconf 89' lang='lat' dir='ltr'>crisiario,</span> <span class='ocrx_word' id='word_1_595' title='bbox 2603 3484 2818 3542; x_wconf 71' lang='lat' dir='ltr'>caeteris</span> <span class='ocrx_word' id='word_1_596' title='bbox 2866 3486 3127 3543; x_wconf 88' lang='lat' dir='ltr'>Romanis</span> <span class='ocrx_word' id='word_1_597' title='bbox 3174 3489 3566 3556; x_wconf 88' lang='lat' dir='ltr'>transmissam,</span> <span class='ocrx_word' id='word_1_598' title='bbox 3598 3490 3734 3562; x_wconf 86' lang='lat' dir='ltr'>ipsis</span> <span class='ocrx_word' id='word_1_599' title='bbox 3761 3507 3905 3564; x_wconf 67' lang='lat' dir='ltr'>prm-</span> 
     </span>
    </p>
   </div>
   <div class='ocr_carea' id='block_1_99' title="bbox 2302 3572 3904 3650">
    <p class='ocr_par' dir='ltr' id='par_1_99' title="bbox 2302 3572 3904 3650">
     <span class='ocr_line' id='line_1_99' title="bbox 2302 3572 3904 3650; baseline 0.007 -24"><span class='ocrx_word' id='word_1_600' title='bbox 2302 3572 2602 3629; x_wconf 88' lang='lat' dir='ltr'>sentialiter</span> <span class='ocrx_word' id='word_1_601' title='bbox 2627 3591 2728 3644; x_wconf 90' lang='lat' dir='ltr'>per</span> <span class='ocrx_word' id='word_1_602' title='bbox 2756 3584 2999 3630; x_wconf 87' lang='lat' dir='ltr'>vestrum</span> <span class='ocrx_word' id='word_1_603' title='bbox 3039 3577 3279 3650; x_wconf 89' lang='lat' dir='ltr'>legatum</span> <span class='ocrx_word' id='word_1_604' title='bbox 3306 3578 3715 3647; x_wconf 85' lang='lat' dir='ltr'>transmittatis;</span> <span class='ocrx_word' id='word_1_605' title='bbox 3746 3597 3904 3636; x_wconf 88' lang='lat' dir='ltr'>eum-</span> 
     </span>
    </p>
   </div>
   <div class='ocr_carea' id='block_1_100' title="bbox 2300 3660 3905 3737">
    <p class='ocr_par' dir='ltr' id='par_1_100' title="bbox 2300 3660 3905 3737">
     <span class='ocr_line' id='line_1_100' title="bbox 2300 3660 3905 3737; baseline 0.006 -21"><span class='ocrx_word' id='word_1_606' title='bbox 2300 3660 2534 3733; x_wconf 90' lang='lat' dir='ltr'>demque</span> <span class='ocrx_word' id='word_1_607' title='bbox 2562 3670 2947 3733; x_wconf 84' lang='lat' dir='ltr'>revertentem,</span> <span class='ocrx_word' id='word_1_608' title='bbox 2974 3664 3020 3719; x_wconf 90' lang='lat' dir='ltr'>si</span> <span class='ocrx_word' id='word_1_609' title='bbox 3044 3674 3200 3737; x_wconf 86' lang='lat' dir='ltr'>potes</span> <span class='ocrx_word' id='word_1_610' title='bbox 3230 3665 3440 3735; x_wconf 88' lang='lat' dir='ltr'>saltem,</span> <span class='ocrx_word' id='word_1_611' title='bbox 3463 3675 3555 3723; x_wconf 87' lang='lat' dir='ltr'>aut</span> <span class='ocrx_word' id='word_1_612' title='bbox 3585 3668 3751 3724; x_wconf 88' lang='lat' dir='ltr'>alium</span> <span class='ocrx_word' id='word_1_613' title='bbox 3778 3685 3905 3727; x_wconf 88' lang='lat' dir='ltr'>cum</span> 
     </span>
    </p>
   </div>
   <div class='ocr_carea' id='block_1_101' title="bbox 2299 3748 3900 3830">
    <p class='ocr_par' dir='ltr' id='par_1_101' title="bbox 2299 3748 3900 3830">
     <span class='ocr_line' id='line_1_101' title="bbox 2299 3748 3900 3830; baseline 0.007 -27"><span class='ocrx_word' id='word_1_614' title='bbox 2299 3748 2518 3804; x_wconf 92' lang='lat' dir='ltr'>illorum</span> <span class='ocrx_word' id='word_1_615' title='bbox 2545 3750 2786 3822; x_wconf 89' lang='lat' dir='ltr'>epistolis</span> <span class='ocrx_word' id='word_1_616' title='bbox 2814 3751 2885 3807; x_wconf 90' lang='lat' dir='ltr'>ad</span> <span class='ocrx_word' id='word_1_617' title='bbox 2915 3768 3034 3822; x_wconf 91' lang='lat' dir='ltr'>nos,</span> <span class='ocrx_word' id='word_1_618' title='bbox 3065 3753 3262 3810; x_wconf 89' lang='lat' dir='ltr'>dilecte</span> <span class='ocrx_word' id='word_1_619' title='bbox 3284 3754 3348 3827; x_wconf 67' lang='grc' dir='ltr'>[Γ.</span> <span class='ocrx_word' id='word_1_620' title='bbox 3373 3754 3638 3830; x_wconf 90' lang='lat' dir='ltr'>directis],</span> <span class='ocrx_word' id='word_1_621' title='bbox 3667 3758 3900 3824; x_wconf 88' lang='lat' dir='ltr'>remitte,</span> 
     </span>
    </p>
   </div>
   <div class='ocr_carea' id='block_1_102' title="bbox 2299 3837 3898 3912">
    <p class='ocr_par' dir='ltr' id='par_1_102' title="bbox 2299 3837 3898 3912">
     <span class='ocr_line' id='line_1_102' title="bbox 2299 3837 3898 3912; baseline 0.006 -21"><span class='ocrx_word' id='word_1_622' title='bbox 2299 3837 2390 3908; x_wconf 83' lang='lat' dir='ltr'>qui</span> <span class='ocrx_word' id='word_1_623' title='bbox 2417 3846 2661 3894; x_wconf 90' lang='lat' dir='ltr'>nostrum</span> <span class='ocrx_word' id='word_1_624' title='bbox 2692 3840 2985 3895; x_wconf 86' lang='lat' dir='ltr'>adventum</span> <span class='ocrx_word' id='word_1_625' title='bbox 3015 3849 3221 3898; x_wconf 88' lang='lat' dir='ltr'>certum</span> <span class='ocrx_word' id='word_1_626' title='bbox 3242 3842 3357 3912; x_wconf 88' lang='lat' dir='ltr'>jam</span> <span class='ocrx_word' id='word_1_627' title='bbox 3392 3843 3547 3899; x_wconf 88' lang='lat' dir='ltr'>vobis</span> <span class='ocrx_word' id='word_1_628' title='bbox 3586 3846 3898 3901; x_wconf 85' lang='lat' dir='ltr'>renuntiare</span> 
     </span>
    </p>
   </div>
   <div class='ocr_carea' id='block_1_103' title="bbox 2298 3927 3897 4004">
    <p class='ocr_par' dir='ltr' id='par_1_103' title="bbox 2298 3927 3897 4004">
     <span class='ocr_line' id='line_1_103' title="bbox 2298 3927 3897 4004; baseline 0.008 -24"><span class='ocrx_word' id='word_1_629' title='bbox 2298 3927 2513 3996; x_wconf 88' lang='lat' dir='ltr'>poterit.</span> <span class='ocrx_word' id='word_1_630' title='bbox 2566 3927 2738 4001; x_wconf 87' lang='lat' dir='ltr'>Igitur</span> <span class='ocrx_word' id='word_1_631' title='bbox 2783 3929 2945 3984; x_wconf 89' lang='lat' dir='ltr'>etiam</span> <span class='ocrx_word' id='word_1_632' title='bbox 2992 3930 3240 4003; x_wconf 88' lang='lat' dir='ltr'>cupimus</span> <span class='ocrx_word' id='word_1_633' title='bbox 3267 3939 3324 3986; x_wconf 91' lang='lat' dir='ltr'>ut</span> <span class='ocrx_word' id='word_1_634' title='bbox 3355 3948 3453 4004; x_wconf 91' lang='lat' dir='ltr'>pro</span> <span class='ocrx_word' id='word_1_635' title='bbox 3480 3949 3664 3990; x_wconf 92' lang='lat' dir='ltr'>amore</span> <span class='ocrx_word' id='word_1_636' title='bbox 3704 3934 3897 3992; x_wconf 88' lang='lat' dir='ltr'>horum</span> 
     </span>
    </p>
   </div>
   <div class='ocr_carea' id='block_1_104' title="bbox 2299 4014 3897 4093">
    <p class='ocr_par' dir='ltr' id='par_1_104' title="bbox 2299 4014 3897 4093">
     <span class='ocr_line' id='line_1_104' title="bbox 2299 4014 3897 4093; baseline 0.008 -26"><span class='ocrx_word' id='word_1_637' title='bbox 2299 4022 2611 4071; x_wconf 90' lang='lat' dir='ltr'>nostrorum</span> <span class='ocrx_word' id='word_1_638' title='bbox 2662 4014 2901 4073; x_wconf 85' lang='lat' dir='ltr'>ﬁdelium</span> <span class='ocrx_word' id='word_1_639' title='bbox 2957 4026 3377 4093; x_wconf 89' lang='lat' dir='ltr'>nostrorumque</span> <span class='ocrx_word' id='word_1_640' title='bbox 3434 4022 3860 4080; x_wconf 89' lang='lat' dir='ltr'>consiliariorum</span> <span class='ocrx_word' id='word_1_641' title='bbox 3883 4067 3897 4088; x_wconf 88' lang='lat'>.</span> 
     </span>
    </p>
   </div>
   <div class='ocr_carea' id='block_1_105' title="bbox 2299 4103 3897 4182">
    <p class='ocr_par' dir='ltr' id='par_1_105' title="bbox 2299 4103 3897 4182">
     <span class='ocr_line' id='line_1_105' title="bbox 2299 4103 3897 4182; baseline 0.008 -25"><span class='ocrx_word' id='word_1_642' title='bbox 2299 4103 2597 4158; x_wconf 90' lang='lat' dir='ltr'>Deusdedit</span> <span class='ocrx_word' id='word_1_643' title='bbox 2643 4105 2895 4162; x_wconf 88' lang='lat' dir='ltr'>videlicet</span> <span class='ocrx_word' id='word_1_644' title='bbox 2923 4116 2977 4162; x_wconf 90' lang='lat' dir='ltr'>et</span> <span class='ocrx_word' id='word_1_645' title='bbox 3015 4107 3240 4164; x_wconf 82' lang='lat' dir='ltr'>Joannis</span> <span class='ocrx_word' id='word_1_646' title='bbox 3284 4109 3651 4182; x_wconf 90' lang='lat' dir='ltr'>gloriosorum</span> <span class='ocrx_word' id='word_1_647' title='bbox 3695 4111 3897 4169; x_wconf 88' lang='lat' dir='ltr'>ducum</span> 
     </span>
    </p>
   </div>
   <div class='ocr_carea' id='block_1_106' title="bbox 2298 4195 3895 4267">
    <p class='ocr_par' dir='ltr' id='par_1_106' title="bbox 2298 4195 3895 4267">
     <span class='ocr_line' id='line_1_106' title="bbox 2298 4195 3895 4267; baseline 0.006 -21"><span class='ocrx_word' id='word_1_648' title='bbox 2298 4208 2389 4246; x_wconf 84' lang='lat' dir='ltr'>res</span> <span class='ocrx_word' id='word_1_649' title='bbox 2435 4209 2532 4263; x_wconf 91' lang='lat' dir='ltr'>pro</span> <span class='ocrx_word' id='word_1_650' title='bbox 2577 4209 2741 4264; x_wconf 89' lang='lat' dir='ltr'>posse</span> <span class='ocrx_word' id='word_1_651' title='bbox 2786 4203 2836 4250; x_wconf 89' lang='lat' dir='ltr'>et</span> <span class='ocrx_word' id='word_1_652' title='bbox 2883 4195 3132 4252; x_wconf 89' lang='lat' dir='ltr'>homines</span> <span class='ocrx_word' id='word_1_653' title='bbox 3191 4197 3412 4254; x_wconf 89' lang='lat' dir='ltr'>salvetis</span> <span class='ocrx_word' id='word_1_654' title='bbox 3459 4207 3511 4254; x_wconf 88' lang='lat' dir='ltr'>et</span> <span class='ocrx_word' id='word_1_655' title='bbox 3556 4198 3895 4267; x_wconf 87' lang='lat' dir='ltr'>defendatis,</span> 
     </span>
    </p>
   </div>
   <div class='ocr_carea' id='block_1_107' title="bbox 2296 4283 3898 4361">
    <p class='ocr_par' dir='ltr' id='par_1_107' title="bbox 2296 4283 3898 4361">
     <span class='ocr_line' id='line_1_107' title="bbox 2296 4283 3898 4361; baseline 0.008 -26"><span class='ocrx_word' id='word_1_656' title='bbox 2296 4291 2586 4353; x_wconf 88' lang='lat' dir='ltr'>occupatas</span> <span class='ocrx_word' id='word_1_657' title='bbox 2616 4283 2876 4339; x_wconf 86' lang='lat' dir='ltr'>hactenus</span> <span class='ocrx_word' id='word_1_658' title='bbox 2903 4283 3190 4358; x_wconf 84' lang='lat' dir='ltr'>integriter</span> <span class='ocrx_word' id='word_1_659' title='bbox 3219 4287 3476 4351; x_wconf 87' lang='lat' dir='ltr'>reddatis,</span> <span class='ocrx_word' id='word_1_660' title='bbox 3508 4297 3773 4361; x_wconf 90' lang='lat' dir='ltr'>quatenus</span> <span class='ocrx_word' id='word_1_661' title='bbox 3801 4306 3898 4348; x_wconf 86' lang='lat' dir='ltr'>cu-</span> 
     </span>
    </p>
   </div>
   <div class='ocr_carea' id='block_1_108' title="bbox 2287 4369 3892 4439">
    <p class='ocr_par' dir='ltr' id='par_1_108' title="bbox 2287 4369 3892 4439">
     <span class='ocr_line' id='line_1_108' title="bbox 2287 4369 3892 4439; baseline 0.007 -15"><span class='ocrx_word' id='word_1_662' title='bbox 2287 4369 2380 4439; x_wconf 86' lang='lat' dir='ltr'>jus</span> <span class='ocrx_word' id='word_1_663' title='bbox 2426 4378 2646 4426; x_wconf 91' lang='lat' dir='ltr'>utuntur</span> <span class='ocrx_word' id='word_1_664' title='bbox 2691 4372 2934 4439; x_wconf 88' lang='lat' dir='ltr'>servitio,</span> <span class='ocrx_word' id='word_1_665' title='bbox 2968 4373 3015 4428; x_wconf 90' lang='lat' dir='ltr'>ei</span> <span class='ocrx_word' id='word_1_666' title='bbox 3047 4375 3300 4430; x_wconf 86' lang='lat' dir='ltr'>convenit</span> <span class='ocrx_word' id='word_1_667' title='bbox 3328 4382 3386 4432; x_wconf 91' lang='lat' dir='ltr'>ut</span> <span class='ocrx_word' id='word_1_668' title='bbox 3414 4375 3655 4433; x_wconf 85' lang='lat' dir='ltr'>fruantur</span> <span class='ocrx_word' id='word_1_669' title='bbox 3697 4376 3892 4435; x_wconf 82' lang='lat' dir='ltr'>defen-</span> 
     </span>
    </p>
   </div>
   <div class='ocr_carea' id='block_1_109' title="bbox 2294 4457 3200 4536">
    <p class='ocr_par' dir='ltr' id='par_1_109' title="bbox 2294 4457 3200 4536">
     <span class='ocr_line' id='line_1_109' title="bbox 2294 4457 3200 4536; baseline 0.008 -24"><span class='ocrx_word' id='word_1_670' title='bbox 2294 4457 2464 4514; x_wconf 90' lang='lat' dir='ltr'>sionis</span> <span class='ocrx_word' id='word_1_671' title='bbox 2493 4458 2714 4515; x_wconf 86' lang='lat' dir='ltr'>auxilio.</span> <span class='ocrx_word' id='word_1_672' title='bbox 2748 4461 2884 4517; x_wconf 89' lang='lat' dir='ltr'>Data</span> <span class='ocrx_word' id='word_1_673' title='bbox 2914 4465 2980 4519; x_wconf 91' lang='lat' dir='ltr'>ut</span> <span class='ocrx_word' id='word_1_674' title='bbox 3007 4479 3200 4536; x_wconf 85' lang='lat' dir='ltr'>supra.</span> 
     </span>
    </p>
   </div>
   <div class='ocr_carea' id='block_1_110' title="bbox 2931 4586 3242 4645">
    <p class='ocr_par' dir='ltr' id='par_1_110' title="bbox 2931 4586 3242 4645">
     <span class='ocr_line' id='line_1_110' title="bbox 2931 4586 3242 4645; baseline 0.006 -3"><span class='ocrx_word' id='word_1_675' title='bbox 2931 4586 3242 4645; x_wconf 79' lang='lat' dir='ltr'>CLXXVII.</span> 
     </span>
    </p>
   </div>
   <div class='ocr_carea' id='block_1_111' title="bbox 2776 4689 3395 4736">
    <p class='ocr_par' dir='ltr' id='par_1_111' title="bbox 2776 4689 3395 4736">
     <span class='ocr_line' id='line_1_111' title="bbox 2776 4689 3395 4736; baseline 0.011 -9"><span class='ocrx_word' id='word_1_676' title='bbox 2776 4689 2856 4728; x_wconf 75' lang='lat' dir='ltr'><strong>AD</strong></span> <span class='ocrx_word' id='word_1_677' title='bbox 2914 4689 3395 4736; x_wconf 74' lang='lat' dir='ltr'>RAVKNNATES.</span> 
     </span>
    </p>
   </div>
   <div class='ocr_carea' id='block_1_112' title="bbox 2904 4765 3274 4838">
    <p class='ocr_par' dir='ltr' id='par_1_112' title="bbox 2904 4765 3274 4838">
     <span class='ocr_line' id='line_1_112' title="bbox 2904 4765 3274 4838; baseline 0.005 -16"><span class='ocrx_word' id='word_1_678' title='bbox 2904 4765 3086 4835; x_wconf 79' lang='lat' dir='ltr'>(Anno</span> <span class='ocrx_word' id='word_1_679' title='bbox 3123 4765 3274 4838; x_wconf 82' lang='lat'><strong>878.)</strong></span> 
     </span>
    </p>
   </div>
   <div class='ocr_carea' id='block_1_113' title="bbox 2286 4849 3884 4928">
    <p class='ocr_par' dir='ltr' id='par_1_113' title="bbox 2286 4849 3884 4928">
     <span class='ocr_line' id='line_1_113' title="bbox 2286 4849 3884 4928; baseline 0.008 -24"><span class='ocrx_word' id='word_1_680' title='bbox 2286 4849 2447 4928; x_wconf 82' lang='lat' dir='ltr'>Dolet</span> <span class='ocrx_word' id='word_1_681' title='bbox 2477 4866 2685 4928; x_wconf 77' lang='lat' dir='ltr'>eorum</span> <span class='ocrx_word' id='word_1_682' title='bbox 2711 4854 2997 4928; x_wconf 72' lang='lat' dir='ltr'>antistitis</span> <span class='ocrx_word' id='word_1_683' title='bbox 3024 4859 3205 4912; x_wconf 89' lang='lat' dir='ltr'>morte</span> <span class='ocrx_word' id='word_1_684' title='bbox 3235 4877 3255 4912; x_wconf 92' lang='lat'><strong><em>:</em></strong></span> <span class='ocrx_word' id='word_1_685' title='bbox 3291 4863 3504 4928; x_wconf 86' lang='lat' dir='ltr'>monet,</span> <span class='ocrx_word' id='word_1_686' title='bbox 3537 4863 3602 4915; x_wconf 88' lang='lat' dir='ltr'>ut</span> <span class='ocrx_word' id='word_1_687' title='bbox 3638 4861 3884 4917; x_wconf 64' lang='lat' dir='ltr'>electam</span> 
     </span>
    </p>
   </div>
   <div class='ocr_carea' id='block_1_114' title="bbox 2356 4922 3882 5002">
    <p class='ocr_par' dir='ltr' id='par_1_114' title="bbox 2356 4922 3882 5002">
     <span class='ocr_line' id='line_1_114' title="bbox 2356 4922 3882 5002; baseline 0.008 -26"><span class='ocrx_word' id='word_1_688' title='bbox 2356 4922 2424 4976; x_wconf 87' lang='lat' dir='ltr'>ab</span> <span class='ocrx_word' id='word_1_689' title='bbox 2452 4923 2533 4978; x_wconf 84' lang='lat' dir='ltr'>eis</span> <span class='ocrx_word' id='word_1_690' title='bbox 2563 4923 3047 5002; x_wconf 76' lang='lat' dir='ltr'>a_rch_iepisc0p_um</span> <span class='ocrx_word' id='word_1_691' title='bbox 3075 4943 3318 4999; x_wconf 88' lang='lat' dir='ltr'>congruo</span> <span class='ocrx_word' id='word_1_692' title='bbox 3347 4922 3762 5002; x_wconf 76' lang='lat' dir='ltr'>prosequantur</span> <span class='ocrx_word' id='word_1_693' title='bbox 3781 4932 3882 4988; x_wconf 81' lang='lat' dir='ltr'>Ito-</span> 
     </span>
    </p>
   </div>
   <div class='ocr_carea' id='block_1_115' title="bbox 2356 4995 3882 5065">
    <p class='ocr_par' dir='ltr' id='par_1_115' title="bbox 2356 4995 3882 5065">
     <span class='ocr_line' id='line_1_115' title="bbox 2356 4995 3882 5065; baseline 0.007 -18"><span class='ocrx_word' id='word_1_694' title='bbox 2356 5007 2522 5065; x_wconf 81' lang='lat' dir='ltr'>nore;</span> <span class='ocrx_word' id='word_1_695' title='bbox 2576 4995 2886 5051; x_wconf 79' lang='lat' dir='ltr'>Ecclesium</span> <span class='ocrx_word' id='word_1_696' title='bbox 2910 4995 3434 5065; x_wconf 48' lang='lat' dir='ltr'>’Rauenna&#39;temjet</span> <span class='ocrx_word' id='word_1_697' title='bbox 3489 4995 3793 5058; x_wconf 83' lang='lat' dir='ltr'>Deusdedit</span> <span class='ocrx_word' id='word_1_698' title='bbox 3825 5006 3882 5058; x_wconf 82' lang='lat' dir='ltr'>et</span> 
     </span>
    </p>
   </div>
   <div class='ocr_carea' id='block_1_116' title="bbox 2354 5063 3363 5140">
    <p class='ocr_par' dir='ltr' id='par_1_116' title="bbox 2354 5063 3363 5140">
     <span class='ocr_line' id='line_1_116' title="bbox 2354 5063 3363 5140; baseline 0.006 -22"><span class='ocrx_word' id='word_1_699' title='bbox 2354 5063 2590 5120; x_wconf 86' lang='lat' dir='ltr'>Joannis</span> <span class='ocrx_word' id='word_1_700' title='bbox 2626 5066 2834 5122; x_wconf 85' lang='lat' dir='ltr'>ducum</span> <span class='ocrx_word' id='word_1_701' title='bbox 2864 5067 3006 5123; x_wconf 89' lang='lat' dir='ltr'>bona</span> <span class='ocrx_word' id='word_1_702' title='bbox 3033 5063 3363 5140; x_wconf 80' lang='lat' dir='ltr'>defendant.</span> 
     </span>
    </p>
   </div>
   <div class='ocr_carea' id='block_1_117' title="bbox 2353 5150 3882 5230">
    <p class='ocr_par' dir='ltr' id='par_1_117' title="bbox 2353 5150 3882 5230">
     <span class='ocr_line' id='line_1_117' title="bbox 2353 5150 3882 5230; baseline 0.008 -26"><span class='ocrx_word' id='word_1_703' title='bbox 2353 5150 2734 5208; x_wconf 86' lang='lat' dir='ltr'>Sacerdotibus</span> <span class='ocrx_word' id='word_1_704' title='bbox 2764 5163 2818 5210; x_wconf 91' lang='lat' dir='ltr'>et</span> <span class='ocrx_word' id='word_1_705' title='bbox 2846 5156 3056 5211; x_wconf 90' lang='lat' dir='ltr'>senatui</span> <span class='ocrx_word' id='word_1_706' title='bbox 3084 5157 3394 5230; x_wconf 90' lang='lat' dir='ltr'>populoque</span> <span class='ocrx_word' id='word_1_707' title='bbox 3424 5160 3725 5216; x_wconf 87' lang='lat' dir='ltr'>Ravennati</span> <span class='ocrx_word' id='word_1_708' title='bbox 3754 5160 3882 5218; x_wconf 86' lang='lat' dir='ltr'>ﬁde-</span> 
     </span>
    </p>
   </div>
   <div class='ocr_carea' id='block_1_118' title="bbox 2280 5237 2673 5298">
    <p class='ocr_par' dir='ltr' id='par_1_118' title="bbox 2280 5237 2673 5298">
     <span class='ocr_line' id='line_1_118' title="bbox 2280 5237 2673 5298; baseline 0.013 -5"><span class='ocrx_word' id='word_1_709' title='bbox 2280 5237 2422 5294; x_wconf 90' lang='lat' dir='ltr'>libus</span> <span class='ocrx_word' id='word_1_710' title='bbox 2451 5241 2673 5298; x_wconf 88' lang='lat' dir='ltr'>nostris.</span> 
     </span>
    </p>
   </div>
   <div class='ocr_carea' id='block_1_119' title="bbox 2352 5328 3874 5400">
    <p class='ocr_par' dir='ltr' id='par_1_119' title="bbox 2352 5328 3874 5400">
     <span class='ocr_line' id='line_1_119' title="bbox 2352 5328 3874 5400; baseline 0.005 -14"><span class='ocrx_word' id='word_1_711' title='bbox 2352 5328 2682 5388; x_wconf 79' lang='lat' dir='ltr'>Ravennatis</span> <span class='ocrx_word' id='word_1_712' title='bbox 2728 5333 3000 5400; x_wconf 64' lang='lat' dir='ltr'>antistitis,</span> <span class='ocrx_word' id='word_1_713' title='bbox 3035 5337 3197 5391; x_wconf 88' lang='lat' dir='ltr'>vestri</span> <span class='ocrx_word' id='word_1_714' title='bbox 3236 5336 3490 5396; x_wconf 82' lang='lat' dir='ltr'>videlicet</span> <span class='ocrx_word' id='word_1_715' title='bbox 3535 5338 3725 5399; x_wconf 83' lang='lat' dir='ltr'>Patris.</span> <span class='ocrx_word' id='word_1_716' title='bbox 3756 5339 3874 5395; x_wconf 84' lang='lat' dir='ltr'>obi-</span> 
     </span>
    </p>
   </div>
   <div class='ocr_carea' id='block_1_120' title="bbox 2281 5420 3872 5499">
    <p class='ocr_par' dir='ltr' id='par_1_120' title="bbox 2281 5420 3872 5499">
     <span class='ocr_line' id='line_1_120' title="bbox 2281 5420 3872 5499; baseline 0.006 -27"><span class='ocrx_word' id='word_1_717' title='bbox 2281 5426 2388 5473; x_wconf 85' lang='lat' dir='ltr'>tum</span> <span class='ocrx_word' id='word_1_718' title='bbox 2438 5420 2740 5485; x_wconf 75' lang='lat' dir='ltr'>audieutos,</span> <span class='ocrx_word' id='word_1_719' title='bbox 2774 5424 2933 5479; x_wconf 84' lang='lat' dir='ltr'>valde</span> <span class='ocrx_word' id='word_1_720' title='bbox 2981 5424 3262 5487; x_wconf 83' lang='lat' dir='ltr'>dolemus;</span> <span class='ocrx_word' id='word_1_721' title='bbox 3312 5443 3413 5496; x_wconf 82' lang='lat' dir='ltr'>pro</span> <span class='ocrx_word' id='word_1_722' title='bbox 3462 5444 3570 5499; x_wconf 87' lang='lat' dir='ltr'>quo</span> <span class='ocrx_word' id='word_1_723' title='bbox 3614 5437 3669 5483; x_wconf 90' lang='lat' dir='ltr'>ut</span> <span class='ocrx_word' id='word_1_724' title='bbox 3713 5427 3872 5484; x_wconf 54' lang='lat' dir='ltr'>oretis</span> 
     </span>
    </p>
   </div>
   <div class='ocr_carea' id='block_1_121' title="bbox 2277 5509 3868 5586">
    <p class='ocr_par' dir='ltr' id='par_1_121' title="bbox 2277 5509 3868 5586">
     <span class='ocr_line' id='line_1_121' title="bbox 2277 5509 3868 5586; baseline 0.006 -24"><span class='ocrx_word' id='word_1_725' title='bbox 2277 5509 2601 5563; x_wconf 81' lang='lat' dir='ltr'>hortamur:</span> <span class='ocrx_word' id='word_1_726' title='bbox 2637 5511 2852 5567; x_wconf 72' lang='lat' dir='ltr'>solitam</span> <span class='ocrx_word' id='word_1_727' title='bbox 2900 5529 3030 5566; x_wconf 77' lang='lat' dir='ltr'>vero</span> <span class='ocrx_word' id='word_1_728' title='bbox 3079 5522 3380 5586; x_wconf 77' lang='lat' dir='ltr'>tantamque</span> <span class='ocrx_word' id='word_1_729' title='bbox 3426 5515 3733 5573; x_wconf 73' lang='lat' dir='ltr'>ﬁdelitatem</span> <span class='ocrx_word' id='word_1_730' title='bbox 3777 5533 3868 5572; x_wconf 88' lang='lat' dir='ltr'>vc-</span> 
     </span>
    </p>
   </div>
  </div>
