4160 6308
343 272 446 320 813

1530 284 1881 340 EPISTOLJS
1914 286 2002 340 ΕΤ
2040 289 2400 348 .ὒΕΟῙὶΕΤᾹ.

3528 324 3627 375 814

345 400 511 445 stram
542 407 673 464 erga
698 411 797 449 nos
828 398 1031 453 unitate
1064 401 1248 472 tigere
1270 414 1574 472 cernentes,
1607 408 1717 463 imo
1738 409 1935 479 gaude-
1965 412 2015 469 A
2040 420 2095 466 ut
2126 424 2311 471 nostra
2340 421 2634 488 apostolica
2662 426 2979 483 auctoritate
3018 429 3140 486 illos
3187 438 3630 495 excommunica-

347 495 487 544 mus,
539 488 593 536 et
637 491 692 536 ut
739 484 1085 555 omnipotens
1132 489 1520 549 intercessione
1562 497 1936 566 apostolorum

342 566 644 639 principum
705 586 802 626 vos
854 574 1011 630 Patre
1059 577 1365 636 desiderato
1414 592 1719 653 recuperet,
1752 594 1932 641 vestro

342 670 442 724 pro
475 657 610 712 velle
641 658 1061 718 decertabimus.
1108 666 1375 723 Caeterum
1424 679 1708 727 monentes
1746 674 1935 729 horta-

342 758 479 808 mur,
512 753 565 800 et
594 762 853 818 expresse
875 750 1147 819 jubemus,
1183 763 1239 810 ut
1268 757 1371 825 iam
1397 775 1555 829 quem
1586 762 1931 828 unanimiter,

343 834 618 903 quomodo
646 837 957 908 scripsistis,
990 840 1250 913 elegistis,
1286 846 1612 902 unanimiter
1654 866 1776 904 eum
1818 852 1934 906 ele-

340 928 487 975 ctum
520 925 768 993 teneatis,
801 927 1042 999 diligatis
1071 938 1124 985 et
1154 942 1335 988 vestro
1363 935 1433 989 de
1453 952 1604 992 more
1624 937 1931 995 honoretis:

340 1017 394 1062 et
422 1026 723 1084 usquequo,
756 1014 873 1070 Deo
897 1026 1184 1085 annuente,
1225 1023 1513 1091 praesentia
1540 1024 1801 1095 pontiﬁcii
1830 1044 1932 1083 no-

337 1098 434 1151 stri
464 1099 735 1157 desiderio
764 1112 947 1159 vestro
976 1106 1231 1175 illuxerit,
1252 1109 1616 1168 Ravennatem
1647 1115 1931 1172 ecclesiam

334 1186 405 1239 ab
435 1188 687 1243 omnibus
716 1191 962 1248 hostibus
991 1195 1283 1263 defendite,
1308 1199 1804 1270 deprzedationibus
1831 1220 1932 1275 pro

336 1289 499 1343 posse
529 1277 722 1347 levate,
756 1296 825 1335 ne
853 1281 970 1352 ipsa
998 1284 1233 1340 ecclesia
1277 1287 1513 1359 aliquam
1561 1290 1929 1362 depraedatio-

338 1378 462 1420 nem
491 1366 769 1434 sustineat,
799 1372 1050 1441 quoniam
1097 1389 1197 1429 nos
1227 1375 1329 1430 hoc
1376 1376 1601 1432 inultum
1650 1396 1929 1452 nunquam

334 1451 683 1525 dimittemus,
715 1465 767 1511 et
796 1460 1134 1528 praedatores
1164 1465 1632 1538 praedatorumque
1672 1451 1927 1539 recepto-

332 1556 424 1595 res
454 1541 617 1614 legali
665 1545 855 1616 vigore
907 1550 1085 1604 modis
1142 1553 1394 1627 omnibus
1438 1553 1708 1611 feriemus.
1760 1558 1928 1615 Porro

332 1630 675 1701 praecipimus
704 1643 761 1688 ut
790 1652 880 1690 res
910 1638 1139 1693 mobiles
1156 1648 1207 1694 et
1227 1641 1532 1697 immobiles
1551 1661 1783 1716 seseque
1811 1662 1930 1702 mo-

337 1727 524 1773 ventes
565 1720 865 1778 Deusdedit
919 1734 971 1780 et
1024 1727 1265 1794 Joannis,
1317 1730 1682 1802 gloriosorum
1724 1735 1921 1790 ducum
1950 1761 2004 1819 Β

333 1816 640 1863 nostrorum
667 1812 1122 1883 consiliariorum,
1157 1817 1388 1886 salvare,
1424 1828 1473 1874 et
1514 1820 1566 1874 in
1615 1821 1754 1890 illas,
1790 1840 1925 1895 quas

331 1894 592 1953 hactenus
620 1897 840 1954 invasas
870 1902 1191 1970 habuerunt,
1243 1905 1444 1960 nullam
1475 1907 1809 1965 invasionem
1839 1910 1924 1965 fa-

331 1982 556 2051 cientes,
589 1985 805 2043 illorum
837 1989 1147 2047 hominibus
1174 1992 1448 2050 defendite
1483 2013 1494 2050 :
1519 1997 1634 2066 jam
1664 1998 1790 2069 quia
1820 2016 1924 2054 no-

332 2080 447 2127 stro
478 2080 698 2129 utuntur
726 2077 970 2143 servitio,
1004 2089 1188 2134 nostra
1219 2083 1395 2137 modis
1441 2085 1692 2140 omnibus
1725 2087 1926 2143 debent

331 2160 537 2230 perfrui
588 2162 925 2233 defensione,
990 2170 1253 2224 servatori
1300 2172 1459 2240 hujus
1495 2173 1698 2242 jussus,
1750 2176 1925 2248 gratia

328 2252 665 2321 corruptoris
732 2270 830 2324 pro
900 2255 1059 2323 jussu
1133 2258 1231 2314 erit
1314 2259 1663 2316 nihilominus
1729 2279 1925 2335 compo

327 2337 481 2393 sitori
511 2347 552 2392 ³.

953 2452 1290 2511 CLXXVIII.

576 2552 648 2591 AD
685 2553 908 2594 JUDICES
947 2556 1017 2595 ET
1052 2557 1228 2598 DUCES
1268 2559 1660 2602 RAVENNA'I'ES.

946 2633 1128 2698 (Anno
1160 2633 1310 2703 878.)

362 2715 521 2769 Iubet
542 2719 605 2769 ut
646 2717 936 2772 civitatem
964 2724 1165 2775 contra
1194 2722 1555 2778 Lambertum
1583 2726 1831 2781 viriliter

1028 2807 1360 2879 defendant.

399 2907 664 2963 Omnibus
683 2909 959 2978 judicibus
986 2921 1040 2967 et
1069 2913 1300 2970 ducibus
1332 2933 1429 2971 seu
1459 2918 1674 2988 populis
1703 2920 1922 2975 Raven-

326 3007 412 3046 na
439 2993 901 3049 commorantibus
930 2994 1181 3052 ﬁdelibus
1210 2999 1430 3054 nostris.

2041 501 2127 565 tis,
2160 520 2268 574 quo
2298 505 2501 562 relictis
2541 509 2740 566 talibus
2786 513 3282 583 depradationibns
3318 524 3386 578 ad
3421 535 3630 596 patrem

2038 598 2091 644 et
2139 592 2411 647 seniorem
2461 597 2687 652 redeant
2736 609 2789 653 et
2840 602 3062 671 paciﬁce
3122 608 3320 665 vivant.
3376 592 3515 669 Data
3564 622 3629 672 ut

2037 694 2227 749 supra.

2701 786 2968 841 CLXXX.

2480 885 2553 923 AD
2590 887 2864 928 HUGONBM
2902 891 3168 935 ΟΟΠΙΤΕΙ.

2654 962 2833 1028 (Anno
2863 965 3013 1035 879.)

2237 1044 2415 1099 Monet
2446 1051 2510 1101 ut
2529 1049 2796 1119 quosdam
2823 1054 3171 1121 facinorosos
3194 1060 3419 1128 puniat.

2108 1155 2327 1211 Hunos!
2355 1158 2595 1230 glorioso
2621 1163 2821 1218 comiti.

2102 1241 2391 1301 Referente
2419 1248 2669 1306 videlicet
2698 1252 2800 1308 hoc
2831 1253 2949 1309 viro
2978 1257 3196 1313 nomine
3236 1301 3249 1313 .
3296 1302 3308 1315 .
3352 1303 3364 1315 .
3411 1303 3424 1316 .
3467 1266 3625 1321 audi-

2032 1330 2207 1386 vimus
2234 1335 2380 1404 quod
2413 1338 2580 1391 vestri
2610 1339 2877 1406 homines,
2911 1343 3143 1401 maxime
3174 1347 3458 1406 Conterius
3497 1369 3624 1411 suos

2031 1432 2202 1489 equos
2231 1421 2484 1479 tollentes
2513 1441 2637 1480 suas
2666 1430 2980 1486 mansiones
3008 1434 3363 1502 praedassent.
3383 1437 3627 1512 Quapro-

2029 1514 2152 1576 pter
2178 1510 2456 1566 hortantes
2486 1529 2769 1571 monemus
2798 1526 2856 1571 ut
2874 1534 2976 1589 pro
2992 1523 3356 1591 apostolorum
3377 1510 3622 1586 reveren-

2030 1594 2100 1648 tia
2127 1604 2180 1650 et
2206 1607 2395 1655 nostro
2424 1617 2628 1668 amore,
2663 1621 2823 1675 quam
2852 1607 3005 1676 petiit
3027 1609 3308 1680 justitiam,
3340 1614 3426 1669 illi
3437 1616 3621 1673 facere

2031 1687 2308 1757 satagatis.
2344 1689 2417 1741 Ita
2446 1699 2572 1761 agat
2590 1692 2645 1745 in
2673 1693 2776 1748 hoc
2806 1703 2987 1750 vestra
3018 1698 3266 1754 nobilitas
3296 1708 3355 1756 ut
3380 1711 3618 1760 acturam

2025 1773 2318 1841 credimus,
2353 1784 2483 1831 utet
2512 1779 2615 1849 ipsi
2662 1781 3045 1839 malefactores
3088 1789 3253 1841 nostri
3301 1805 3617 1848 excommu-

2024 1859 2292 1929 nicentur,
2354 1865 2479 1934 quia
2535 1882 2643 1921 non
2693 1869 2798 1924 tale
2853 1870 3022 1941 nefas,
3070 1881 3127 1928 ut
3155 1891 3263 1931 non
3309 1877 3612 1949 ulciscatur,

2023 1947 2305 2005 demittere
2341 1953 2645 2024 nequimus.
2680 1957 2814 2012 Data
2844 1963 2911 2014 ut
2930 1977 3121 2033 supra.

2675 2088 2968 2145 CLXXXI.

2019 2178 2088 2217 AD
2128 2181 2400 2223 HUGONEM
2435 2184 2830 2228 TIIEODEMCUM
2867 2190 2937 2229 ET
2975 2192 3315 2237 BERNARDUI
3353 2199 3606 2241 COMITES.

2664 2262 2820 2316 Anno
2859 2264 2999 2318 879.7

2664 2262 2820 2316 Anno
2859 2264 2999 2318 8’79.‘
3596 2270 3599 2273 ’

2027 2343 2090 2398 Ut
2121 2345 2395 2399 amicitia:
2425 2262 2838 2421 charittftisque
2860 2278 3041 2421 [hedris
3062 2372 3191 2411 cum
3211 2360 3418 2416 Bosone
3438 2361 3618 2418 ictum

2636 2438 2639 2443 '
2699 2443 2942 2493 servent.

2096 2538 2336 2605 Hueom,
2370 2540 2729 2597 Tuaonnncro
2761 2552 2812 2598 et
2832 2545 3120 2615 Banmno,
3144 2550 3521 2609 illustrissimis
3542 2572 3624 2612 re-

2022 2624 2119 2696 gni
2149 2625 2500 2682 Francorum.

2094 2711 2288 2768 Fretus
2318 2724 2498 2771 vestra
2519 2717 2921 2790 ingenuissima
2949 2723 3249 2793 nobilitate,
3299 2737 3462 2800 atque
3492 2732 3624 2795 obe-

2024 2801 2245 2867 dientia,
2280 2820 2438 2874 quam
2469 2813 2690 2877 propter
2721 2808 2896 2863 Deum
2917 2811 3075 2866 nobis
3095 2814 3369 2887 condigne
3390 2817 3622 2889 debetis,

2025 2889 2441 2947 dilectissimum
2497 2892 2667 2949 ﬁlium
2742 2906 2987 2953 nostrum
3038 2901 3305 2959 Bosonem
3330 2947 3345 2974 ,
3388 2915 3628 2964 vestrum

2024 2979 2336 3036 unanimem
2395 2980 2616 3037 fratrem
2676 2993 2727 3038 et
2781 2986 3193 3057 amicissimum,
3235 3000 3293 3049 ut
3338 2994 3626 3052 insolubile

398 3080 715 3135 Industriam
749 3098 843 3136 seu
872 3084 1113 3139 omnium
1134 3084 1449 3143 ﬁdelitatem
1464 3106 1629 3145 nosse
1647 3090 1916 3167 volumus,
1951 3117 2000 3178 C
2667 3071 2955 3178 ξξξεάυειιυθ
2972 3077 3244 3178 ωηίξῧίίίεὲν
3265 3082 3624 3178 (ἰυοίῘ-ξιοιςδω

325 3172 583 3239 quoniam
610 3170 782 3224 relatu
823 3173 1176 3242 quorumdam
1218 3174 1632 3243 audivimus,‘ut
1679 3180 1919 3234 Joannes

323 3256 582 3312 diaconus
631 3259 991 3315 chartularius
1039 3262 1236 3333 deviet,
1284 3273 1337 3318 et
1385 3264 1601 3322 francos
1646 3268 1921 3323 Lamberti

321 3354 508 3400 contra
553 3346 871 3403 electionem
918 3358 1154 3405 nostram
1203 3353 1471 3410 conducat
1512 3355 1702 3411 :unde
1749 3355 1917 3411 mitti-

321 3450 444 3488 mus
489 3436 896 3507 apostolicaque
943 3440 1264 3495 auctoritate
1315 3442 1570 3510 jubemus
1616 3452 1674 3498 ut
1728 3460 1919 3500 omnes

322 3523 604 3579 unanimes
638 3541 849 3597 unaque
877 3524 1192 3583 ﬁdelitatem
1222 3538 1365 3585 stare
1386 3531 1627 3586 debeatis
1656 3541 1707 3587 et
1736 3533 1919 3589 defen-

319 3611 450 3667 dere
494 3612 671 3684 ipsam
717 3614 1008 3681 civitatem,
1060 3617 1131 3670 ita
1178 3626 1237 3673 ut
1278 3619 1458 3674 nullus
1504 3620 1597 3691 qui
1635 3621 1917 3677 vobiscum

321 3714 431 3755 non
461 3708 585 3769 stat,
620 3701 836 3758 francos
884 3704 959 3758 ibi
1006 3707 1237 3762 conduci
1284 3708 1555 3764 Lamberti
1598 3708 1663 3781 [f.
1696 3709 1918 3767 francos

320 3787 395 3842 ibi
438 3804 559 3845 cum
601 3790 741 3846 duce
782 3792 1090 3863 Lamberto,
1139 3794 1267 3867 etc.]
1314 3795 1458 3851 intus
1503 3797 1781 3867 permittat
1826 3798 1915 3853 in-

320 3876 496 3947 gredi,
526 3893 628 3934 nec
656 3878 774 3950 ipse
809 3880 1128 3936 {.ambertus
1157 3882 1231 3937 ibi
1252 3886 1640 3955 quoquomodo
1659 3901 1916 3942 accessus

318 3965 533 4031 habeat,
567 3983 671 4023 nec
700 3984 831 4023 suus
860 3970 1023 4024 homo
1054 3970 1128 4025 ibi
1165 3970 1370 4027 intrare
1400 3973 1572 4044 possit
1605 3991 1617 4029 :
1653 3974 1726 4029 ita
1754 3975 1809 4030 in
1832 3975 1915 4030 his

317 4054 482 4128 agite,
515 4055 653 4111 sicut
678 4055 777 4111 Dei
810 4065 863 4112 et
890 4069 1132 4113 nostram
1162 4060 1399 4131 gratiam
1446 4062 1652 4117 habere
1695 4063 1911 4134 cupitis,

316 4143 572 4215 quoniam
602 4144 693 4216 qui
724 4145 881 4201 aliter
910 4145 1121 4215 fecerit,
1156 4156 1207 4202 et
1235 4157 1474 4204 nostram
1505 4149 1641 4204 iram
1671 4151 1909 4217 habebit,

317 4241 369 4288 et
394 4232 543 4288 mille
572 4233 868 4305 byzanteos
894 4235 1096 4306 palatio
1125 4244 1315 4292 nostro
1345 4247 1653 4310 componet.
1680 4240 1820 4295 Data
1848 4245 1913 4295 ut

315 4338 508 4394 supra.

967 4433 1239 4490 CLXXIX
1249 4478 1259 4488 .

529 4535 600 4575 AD
636 4537 1032 4578 TBEODORICUM
1069 4539 1139 4577 ΕΤ
1178 4537 1334 4578 ῙΒΑΑΟ
1374 4539 1690 4579 EPISCOPOS.

930 4611 1112 4682 (Anno
1143 4612 1293 4683 879.)

318 4699 581 4775 Prgeipit
607 4702 1190 4775 atexcommunicent
1213 4717 1303 4757 eos
1325 4705 1419 4775 qui
1456 4703 1692 4775 Wiperto
1713 4705 1910 4775 comiti

384 4770 572 4845 ﬁlium
599 4772 945 4842 eripuerant,
976 4775 1032 4826 et
1054 4770 1347 4843 regionem'
1364 4770 1909 4845 illam'populaban-

384 4844 499 4896 tur.

382 4954 869 5009 Reverendissimis
899 4964 951 5009 et
972 4956 1330 5011 sanctissimis
1347 4958 1709 5013 Tnaonomco
1731 4960 1908 5014 archi-

314 5041 591 5113 episcopo,
624 5050 677 5097 et
708 5044 867 5097 [suo
897 5043 1176 5114 episcopo.

381 5130 607 5186 Noverit
633 5140 813 5187 vestra
856 5132 1186 5204 religiositas
1232 5134 1361 5205 quia
1407 5135 1690 5206 Wipertus
1720 5151 1905 5191 comes

312 5218 618 5275 reclamans
648 5218 923 5291 pontiﬁcio
951 5230 1139 5277 nostro
1170 5222 1372 5288 retulit,
1405 5223 1551 5295 quod
1582 5224 1799 5294 quidam
1821 5224 1905 5280 sui

314 5308 561 5363 homines
607 5308 986 5366 malefactores
1043 5326 1201 5366 suum
1259 5308 1426 5366 ﬁlium
1483 5313 1797 5368 sustulerint
1852 5320 1905 5370 et

311 5414 433 5452 cum
465 5414 529 5452 eo
560 5407 754 5457 terram
786 5399 1164 5469 praedaverint.
1215 5398 1559 5472 Quapropter
1594 5401 1899 5474 dirigimus,

384 5554 407 5577 ³
442 5551 597 5600 Locus
623 5555 895 5615 corruptus.

1941 4470 1993 4531 D

2025 3155 2140 3209 Deo
2170 3156 2409 3211 vicissim
2457 3158 2780 3231 colligastis,
2822 3177 3036 3229 monco,
3088 3166 3290 3235 hortor,
3340 3169 3491 3225 nulla
3520 3172 3624 3227 ho-

2019 3242 2227 3297 minum
2287 3245 2426 3299 male
2474 3246 2808 3317 loquentium
2860 3249 3077 3323 lingua,
3128 3253 3277 3309 nullo
3338 3258 3626 3326 cujuslibet

2020 3329 2228 3386 fraudis
2259 3332 2500 3405 ingenio,
2535 3336 2621 3389 vel
2664 3336 2717 3389 in
2756 3338 2973 3395 modico
3021 3345 3406 3413 quoquomodo
3452 3347 3625 3417 possit

2021 3420 2181 3474 avelli
2215 3438 2228 3473 :
2263 3422 2361 3476 sed
2390 3423 2624 3478 Domino
2654 3425 2964 3493 auxiliante,
2999 3429 3182 3485 dilecti
3208 3431 3302 3486 lilii
3332 3435 3503 3489 nostri
3526 3434 3623 3490 Lu-

2021 3508 2199 3564 dovici
2232 3509 2380 3581 regis
2410 3511 2649 3566 animum
2681 3529 2818 3586 erga
2847 3531 2972 3577 eum
3006 3516 3337 3575 immobilem
3371 3530 3423 3575 et
3467 3531 3616 3578 tran-

2021 3596 2246 3666 quillum
2276 3615 2494 3669 semper
2523 3601 2774 3668 servetis,
2808 3610 2861 3657 et
2907 3605 3087 3660 omnia
3131 3622 3232 3661 sua
3260 3608 3409 3665 salva
3455 3619 3617 3684 atque

2018 3683 2247 3754 paciﬁca
2278 3696 2629 3753 conservate;
2671 3690 2927 3760 quoniam
2975 3708 3074 3767 pro
3120 3694 3204 3749 his
3242 3697 3312 3750 ab
3360 3683 3616 3770 omnipo-

2018 3780 2164 3829 tente
2196 3775 2311 3829 Deo
2342 3783 2394 3829 et
2424 3776 2583 3831 beato
2615 3779 2775 3833 Petro
2821 3781 3067 3850 apostolo
3097 3781 3289 3839 futura
3317 3785 3437 3841 vitae
3468 3804 3614 3843 mer-

2017 3861 2229 3931 cedem,
2256 3871 2310 3918 et
2339 3879 2371 3919 a
2399 3865 2558 3919 nobis
2587 3873 2640 3920 et
2669 3865 2738 3921 ab
2766 3865 2858 3922 illo
2889 3866 3232 3925 ﬁdelissimas
3254 3873 3615 3932 amicitiarum

2018 3950 2290 4021 recipietis
2320 3951 2436 4006 sine
2465 3953 2630 4008 dubio
2659 3954 3062 4012 retributiones.
3101 3959 3235 4014 Data
3263 3964 3329 4016 ut
3348 3979 3540 4035 supra.
3590 3974 3600 3985 ’

2632 4101 2953 4157 CLXXXII.

2407 4200 2478 4238 AD
2518 4201 2840 4244 νυιαΑιιιυιῐ
2874 4204 3185 4247 ῊΟΝΑΟΗὉΠ
3193 4231 3205 4245 .

2628 4275 2809 4346 (Anno
2851 4278 3001 4349 879.)

2020 4362 2085 4416 Ut
2117 4361 2350 4432 Wiperto
2371 4363 2619 4435 episcopo
2651 4364 2887 4431 obediat,
2920 4368 3019 4438 qui
3047 4383 3177 4424 eum
3212 4385 3316 4440 per
3344 4359 3608 4430 dimisso-

2560 4453 2710 4508 riam
2737 4454 3056 4525 acquisivit.
3580 4496 3587 4507 κ

2085 4537 2369 4592 νυιαΑιιιο
2405 4541 2693 4596 monacho.

2083 4626 2330 4698 Denique
2376 4627 2561 4684 Trecis
2609 4630 2771 4700 positi
2815 4646 2917 4702 per
2956 4632 3319 4704 nosmetipsos
3347 4637 3608 4707 cognovi-

2011 4730 2132 4769 mus
2183 4714 2414 4786 qualiter
2460 4717 2745 4788 Wipertus
2799 4719 3116 4790 episcopus,
3178 4721 3407 4777 devotus
3463 4723 3605 4781 ﬁlius

2008 4811 2212 4870 noster,
2244 4812 2296 4859 te
2325 4819 2359 4859 a
2388 4805 2611 4875 proprio
2640 4806 2898 4878 episcopo
2938 4815 3101 4879 atque
3146 4809 3343 4865 abbate
3382 4827 3482 4882 per
3511 4814 3601 4869 di-

2008 4891 2318 4947 missoriam
2363 4894 2670 4965 acquisivit,
2703 4903 2791 4948 tua
2832 4896 3013 4965 potius
3059 4897 3450 4956 interveniente
3496 4918 3601 4973 pe-

2006 4980 2217 5035 titione.
2243 4972 2601 5053 ’Quapr0pter
2627 4983 2881 5037 convenit
2909 4984 3004 5038 tibi
3031 5000 3098 5040 ex
3123 4985 3357 5053 dieillo,
3380 4996 3435 5055 et
3453 4972 3602 5045 dein-

2005 5084 2155 5140 ceps,
2199 5078 2452 5141 tanquam
2496 5071 2717 5141 proprio
2769 5071 3023 5139 obedire,
3084 5089 3317 5146 eumque
3359 5084 3417 5131 ut
3462 5094 3598 5148 pro-

2005 5157 2185 5228 prium
2212 5166 2485 5229 pastorem
2516 5159 2670 5231 sequi
2701 5174 2811 5214 non
2838 5162 3239 5231 praetermittas,
3273 5165 3418 5242 quia,
3451 5168 3599 5238 quod

2005 5262 2116 5302 non
2141 5255 2407 5317 optamus,
2442 5246 2488 5301 si
2534 5247 2687 5302 aliter
2728 5246 2942 5316 feceris,
2975 5250 3595 5314 vinculumexcommu-

2004 5334 2288 5392 nicationis
2317 5352 2480 5404 super
2527 5344 2576 5390 te
2621 5335 3008 5393 rationabiliter
3050 5340 3424 5397 extendamus.
3457 5344 3597 5399 Data

2003 5429 2066 5479 ut
2097 5439 2284 5496 supra.
