4160 6316
573 259 676 314 815

1193 374 1538 435 CLXXXIII.

944 493 1017 536 AD
1053 493 1272 536 οιιιιυιί
1307 492 1802 535 ωιοιΑΝκΝεειι.

1187 579 1368 654 (Anno
1407 580 1556 649 8'79.)

579 692 846 764 Praecipit
875 694 942 747 ut
970 690 1184 764 quoties
1205 690 1491 764 episcopus
1519 685 1826 764 Ticinensis
1861 699 1950 740 eos
1979 682 2050 738 ad
2085 697 2172 754 sy-

888 806 900 812 -
948 757 1159 816 n'odum
1181 757 1474 822 vocaverit,
1503 757 1794 812 accedant.

650 867 918 925 Omnibus
961 864 1319 922 sanctissimis
1363 869 1417 918 et
1461 860 1935 918 reverendissimis
1963 859 2175 915 confra-

579 957 757 1014 tribus
798 963 852 1010 et
896 952 1256 1025 coepiscopis,
1303 959 1412 1006 tam
1464 949 1851 1005 Mediolanensi
1909 947 2176 1017 archiepi-

580 1060 750 1117 sc0po
777 1057 902 1100 cum
929 1042 1048 1098 suis
1075 1039 1454 1112 suﬂraganeis,
1478 1053 1643 1111 quam
1671 1036 1972 1093 Ravennati
1988 1035 2174 1091 nihilo-

584 1134 762 1190 minus
790 1148 915 1190 cum
944 1127 1304 1202 suifraganeis
1338 1127 1473 1183 suis.

649 1221 922 1292 Scriptum
951 1217 1148 1274 etenim
1177 1223 1259 1272 est
1281 1233 1293 1271 :
1314 1217 1462 1272 Deus
1481 1217 1577 1288 qui
1596 1215 1954 1286 gloriﬁcatur
1967 1215 2033 1270 in
2051 1229 2178 1270 con-

575 1312 712 1369 sitio
739 1312 1068 1368 sanctorum
1087 1306 1262 1377 (Paul.
1290 1304 1573 1374 Lxxxvm)
1592 1323 1606 1369 ;
1625 1312 1678 1358 et
1697 1303 1750 1357 in
1765 1301 2020 1375 evanglio
2043 1319 2058 1356 :
2082 1301 2176 1358 Ubi

581 1400 690 1456 duo
707 1398 792 1456 uel
803 1399 919 1452 tres
929 1394 1252 1466 congregati
1269 1393 1492 1464 fuerint
1512 1393 1572 1448 in
1589 1393 1820 1448 nomine
1831 1407 1970 1456 meo,
1989 1392 2048 1446 in
2064 1405 2178 1446 mc-

584 1487 676 1546 dio
703 1501 898 1544 eorum
925 1500 1058 1540 sum
1105 1482 1324 1553 (Matth.
1347 1481 1468 1552 x1);
1500 1489 1554 1536 et
1578 1479 1706 1536 item
1738 1497 1753 1534 :
1777 1480 1836 1536 Si
1853 1483 2037 1551 frater
2056 1481 2176 1550 [ναι-

581 1580 729 1632 trcm
759 1573 1062 1646 adiuuerit,
1095 1571 1257 1628 ambo
1285 1569 1728 1629 consolabuntur
1772 1568 1956 1639 (Prov.
1989 1567 2172 1637 xvm).

581 1663 680 1722 His
731 1660 1142 1719 auctoritatibus
1199 1657 1336 1724 fulti,
1413 1665 1608 1715 vestrm
1679 1657 1918 1714 omnium
1984 1655 2176 1712 sancti-

1917 243 2212 302 JOANNIS
2268 244 2461 300 ΡΛΡᾸΞ
2521 247 2657 302 VIII.

2193 368 2252 427 Α

3761 249 3862 299 816

2907 370 3222 426 CLXXXV.

2771 455 2843 495 AD
2881 453 3067 497 OMNES
3103 455 3355 496 FIDELRS.

2883 512 3062 580 (Auno
3103 511 3251 582 879.)

2275 599 2534 672 Praecipit
2576 617 2648 655 ne
2677 601 2956 673 quispiam
2994 601 3336 657 monasterio
3373 599 3561 657 sancti
3595 599 3867 671 Augentii

2607 690 2910 762 quidquam
2938 684 3269 745 detrimenti
3295 689 3518 760 aﬂerat.

2345 769 2608 826 Omnibus
2638 769 2888 826 ﬁdelibus
2917 771 3198 828 Ecclesiae.

2345 859 2774 916 Sollicitudinem
2822 861 3062 916 omnium
3104 860 3474 916 Ecclesiarum
3514 875 3616 916 uos
3658 859 3866 915 habere

2274 956 2508 1020 oportet,
2541 957 2593 1003 et
2623 949 2964 1022 singulorum
2993 965 3186 1006 causas
3213 947 3695 1022 arquitatisjudicio
3723 945 3865 1003 alle-

2275 1055 2441 1104 vare;
2474 1046 2821 1109 quaprOpter,
2853 1055 2972 1094 cum
3005 1039 3072 1094 de
3110 1039 3363 1094 omnibus
3401 1045 3564 1112 agere
3609 1037 3723 1094 haec
3773 1053 3864 1092 ea-

2274 1128 2398 1183 dem
2443 1127 2710 1194 conveuit,
2760 1125 3102 1200 praecipimus
3143 1135 3302 1200 atque
3343 1125 3598 1198 praesenti
3643 1126 3866 1184 decreto

2276 1216 2552 1272 sancimus
2583 1224 2640 1270 ut
2667 1216 2735 1270 de
2765 1216 2982 1271 abbatia
3013 1215 3184 1270 sancti
3225 1215 3498 1290 Augentii,
3531 1231 3693 1287 quam
3723 1214 3867 1270 divae

2275 1305 2552 1360 memoriae
2591 1303 2816 1360 Carolus
2857 1305 3150 1376 imperator
3195 1303 3340 1360 fideli
3371 1320 3467 1360 suo
3515 1313 3568 1358 et
3613 1301 3723 1359 ﬁlio
3760 1305 3868 1361 Ec-

2275 1393 2456 1450 clesia:
2494 1402 2690 1448 nostrae
2719 1401 2841 1448 ante
2882 1393 3004 1462 jure
3051 1391 3397 1449 beneﬁciario
3443 1392 3643 1458 tribuit,
3687 1393 3868 1448 nullus

2277 1478 2343 1537 de
2374 1481 2504 1554 ipsis
2536 1483 2700 1536 rebus
2729 1481 2936 1555 aliquid
2956 1481 3150 1550 injuste
3177 1480 3390 1537 auferre
3410 1490 3742 1553 praesumat;
3764 1497 3866 1538 uec

2275 1570 2536 1642 praedicto
2567 1570 2844 1642 episcopo,
2876 1579 2931 1626 et
2974 1570 3255 1626 monachis
3296 1571 3468 1642 ipsius
3488 1569 3594 1626 loci
3630 1569 3864 1642 aliquam

2277 1657 2331 1714 in
2377 1660 2730 1715 distrahendo
2775 1659 2957 1714 illicite
3000 1659 3204 1716 inferre
3246 1659 3569 1715 molestiam.
3617 1658 3772 1728 Quod
3821 1659 3868 1714 si

481 1755 486 1760 ’
581 1721 678 1808 tati
727 1750 1076 1819 mandamus,
1116 1756 1168 1803 et
1211 1721 1514 1818 apostolica
1558 1746 1872 1802 auctoritate
1899 1745 2175 1814 iubemus,
2204 1721 2256 1786 Β
2280 1749 2400 1822 quis
2431 1748 2628 1804 abhinc
2657 1765 2820 1819 agere
2849 1748 3276 1820 praesumpserit,
3309 1757 3590 1818 separetur
3626 1721 3666 1803 2
3713 1763 3868 1804 com-

583 1847 646 1896 ut
699 1837 918 1912 quoties
971 1851 1070 1893 vos
1142 1833 1412 1893 conti-ater
1463 1843 1516 1890 et
1581 1834 1940 1905 coepiscopus
1993 1841 2181 1888 noster

583 1929 823 1984 Joannes
877 1923 1200 1994 Ticinensis,
1261 1932 1316 1978 et
1384 1931 1508 1994 post
1577 1938 1700 1979 eum
1755 1921 1837 1977 sui
1889 1937 2179 1977 successo~

585 2031 698 2085 res,
727 2023 1048 2086 vestrosque
1076 2011 1412 2082 vocaverint,
1444 2027 1546 2084 pro
1593 2009 1999 2084 emergentibus
2025 2026 2178 2081 quae-

585 2103 850 2160 stionibus
905 2101 1240 2167 eximendis,
1300 2101 1556 2156 continuo
1611 2099 1769 2155 beato
1823 2099 1985 2154 Petro
2041 2113 2180 2169 apo-

587 2189 733 2248 'stoto
762 2189 1127 2246 obedientiam
1156 2187 1494 2255 exhibentes,
1543 2185 1702 2243 simul
1748 2187 2042 2244 convenire
2070 2203 2179 2242 non

593 2279 852 2336 diﬂ'eratis
915 2296 928 2332 :
983 2286 1284 2352 quatenus,
1341 2276 1719 2348 Redemptoris
1780 2275 1954 2331 nostri
2009 2276 2180 2348 gratia

587 2367 853 2426 discussis
879 2365 1332 2438 animositatibus,
1363 2365 1614 2437 vitiisque
1633 2365 1899 2438 purgatis,
1932 2363 1988 2418 in
2035 2373 2180 2419 tran-

583 2457 843 2530 quillitate
871 2454 1023 2528 pacis
1051 2454 1300 2511 Ecclesia
1329 2454 1634 2520 constituta,
1670 2451 2003 2526 glorificetur
2034 2453 2180 2508 Deus

582 2541 682 2619 per
708 2545 892 2602 Jesum
919 2543 1192 2599 Christum
1221 2543 1510 2599 Dominum
1539 2549 1804 2598 nostrum.
1821 2540 2179 2596 Sacerdotum

585 2633 1002 2704 Levitarumque
1024 2631 1250 2702 judicia,
1283 2631 1716 2704 quandocunque
1746 2643 1974 2685 necesse
1996 2628 2174 2694 fuerit,

581 2733 707 2780 cum
734 2719 994 2793 praedicto
1013 2720 1292 2792 episcopo,
1316 2727 1572 2792 tanquam
1589 2717 1800 2790 proprii
1820 2717 2061 2790 episc0pi
2083 2719 2180 2774 de-

579 2809 803 2874 cernite,
836 2820 901 2864 ac
927 2805 1172 2874 diiiinite,
1201 2806 1328 2863 freti
1369 2815 1556 2862 nostra
1593 2805 1921 2862 omnimodis
1952 2814 2177 2876 aposto-

571 2896 678 2954 IiCa
696 2894 1036 2965 auctoritate,
1061 2895 1189 2968 quia
1207 2907 1378 2952 onera
1407 2904 1593 2950 nostra
1615 2893 1896 2950 vobiscum
1928 2893 2170 2964 partien-

569 2987 644 3044 do
672 2985 882 3058 reliqua
906 2983 1241 3042 tolerabilius
1287 2979 1515 3040 sufferre
1537 2983 1857 3040 valebimus.
1905 2979 2171 3054 Optamus

2278 1837 2534 1892 munione
2595 1836 2835 1893 ﬁdelium
2890 1837 3151 1894 Ecclesiae
3192 1837 3384 1909 :quod
3427 1837 3473 1892 si
3530 1835 3870 1908 pertinaciter

2279 1925 2596 1996 perstiterit,
2631 1933 2683 1982 et
2712 1926 3005 1982 emendare
3038 1925 3288 1992 noluerit,
3315 1925 3522 1995 judicio
3548 1925 3718 1981 sancti
3747 1924 3868 1997 Spi-

2280 2013 2413 2069 ritus
2443 2013 2796 2070 anathematis
2827 2013 3041 2070 vinculo
3071 2013 3314 2070 feriatur.
3345 2014 3485 2069 Data
3519 2017 3584 2070 ut
3603 2030 3795 2086 supra.

2899 2121 3240 2177 CLXXXVI.

2341 2208 2413 2248 AD
2452 2207 2750 2248 EPISCOPOS
2787 2207 2846 2247 IN
2887 2207 3073 2248 κερ-ΝΟ
3111 2207 3370 2248 LUDOVICI
3409 2207 3806 2248 CONSTITUTOS.

2897 2265 3078 2332 (Anno
3108 2265 3258 2333 8‘79.)

2279 2353 2549 2409 Rescribit
2567 2352 2635 2408 de
2653 2352 3016 2425 indulgentia
3040 2369 3233 2408 eorum
3259 2354 3354 2424 qui
3383 2355 3587 2408 contra
3622 2367 3872 2425 paganos

2700 2444 3022 2514 pugnantes
3049 2441 3444 2497 occubuerant.

2351 2529 2616 2586 Omnibus
2645 2529 3116 2585 reverendissimis
3163 2537 3216 2585 et
3257 2529 3615 2585 sanctissimis
3641 2545 3873 2585 venera-

2277 2613 2478 2668 bilibus
2505 2615 2844 2685 coepiscopis
2873 2629 2975 2685 per
3003 2621 3171 2670 totum
3200 2630 3430 2688 regnum
3450 2613 3760 2670 charissimi
3780 2612 3874 2668 filii

2278 2704 2384 2758 mei
2415 2703 2694 2759 Ludovici.

2348 2791 2488 2861 Quia
2519 2793 2832 2848 veneranda
2859 2792 3164 2848 fraternitas
3191 2800 3374 2848 vestra
3419 2792 3671 2848 modesta
3701 2791 3872 2847 inter-

2277 2881 2560 2954 rogatione
2589 2881 2876 2937 sciscitans
2904 2881 3154 2954 quiesivit
3180 2893 3361 2937 utrum
3389 2881 3445 2936 hi
3464 2881 3560 2954 qui
3574 2895 3676 2951 pro
3690 2880 3875 2937 defen-

2277 2969 2428 3024 sione
2463 2978 2665 3026 sanctae
2695 2970 2794 3025 Dei
2820 2969 3083 3026 Ecclesia
3119 2978 3174 3025 et
3222 2985 3320 3040 pro
3365 2978 3508 3026 statu
3555 2969 3876 3025 Christiane

579 3057 913 3132 smmum
941 3081 1178 3129 vestram
1203 3071 1261 3128 in
1287 3069 1508 3129 Christo
1535 3071 1676 3128 bene
1703 3070 1907 3127 γαιειιε,
1947 3071 2086 3128 nam
2108 3076 2174 3128 αι
2203 3079 2252 3144 C
2275 3057 2560 3130 religionis
2587 3074 2652 3114 ac
2669 3058 2981 3130 reipublicae
3001 3059 3054 3112 in
3073 3057 3216 3114 bello
3231 3075 3406 3129 nuper
3419 3058 3758 3123 ceciderunt,
3777 3065 3873 3112 aut

577 3175 769 3238 supra.

1195 3277 1537 3342 CLXXXIV.

813 3400 890 3446 AD
925 3401 1188 3448 30le
1223 3404 1536 3446 EPISCOPUI
1572 3399 1938 3445 ‘I‘ICINBNSEI.

1196 3496 1377 3567 (Anno
1415 3495 1566 3566 8'79.)

593 3606 862 3690 Baptores
911 3611 1112 3669 uxoris
1145 3609 1443 3684 cujusdam
1446 3607 1766 3751 uiiagiberti
1796 3610 2192 3667 excommani-

1225 3697 1348 3751 cari
1423 3697 1444 3751 1'
1518 3699 1594 3751 et.

1225 3697 1348 3752 cari
1413 3697 1594 3768 jubet.

649 3807 1126 3874 Bcverendissimo
1174 3819 1230 3868 et
1288 3810 1636 3868 sanctissimo
1691 3811 1952 3868 confratri
1997 3819 2185 3867 nostro

583 3904 792 3962 ,πολιαι
820 3899 1122 3959 venerabili
1154 3899 1412 3972 episcopo
1443 3899 1738 3957 Ticinensi.

646 3981 897 4064 Denique
942 3988 1274 4061 Ragibertus
1320 3987 1538 4061 quidam
1583 3987 1822 4056 nomine,
1862 3989 2034 4044 Judex
2083 4004 2186 4044 co-

580 4087 896 4154 gnomento,
925 4093 1114 4134 coram
1150 4077 1308 4133 nobis
1357 4079 1582 4134 veniens
1632 4085 1856 4151 questus
1907 4085 1991 4133 est
2022 4093 2186 4148 super

584 4167 924 4233 Gotfredum,
956 4164 1128 4222 ﬁlium
1154 4165 1378 4222 Joannis
1403 4167 1616 4222 comitis
1635 4166 1840 4238 palatii,
1867 4174 1920 4221 et
1941 4167 2185 4221 iserber-

584 4267 700 4314 tum
746 4256 1152 4324 subdiaconem,
1181 4264 1344 4328 atque
1393 4255 1746 4311 Heribaldum
1783 4255 2074 4318 notarium,
2115 4253 2184 4307 ﬁ-

582 4347 720 4404 liuni
743 4344 1046 4411 Garibaldi,
1081 4361 1149 4400 eo
1177 4344 1326 4416 quod
1354 4343 1608 4415 lcgaliter
1626 4343 1730 4398 sibi
1750 4342 1846 4398 ﬁlii
1865 4343 1946 4398 sui
1963 4351 2186 4414 nuptam

589 4432 911 4490 Gausildam
938 4432 1159 4488 nomine
1187 4441 1374 4487 contra
1399 4447 1676 4486 canonum
1707 4441 1760 4487 et
1786 4432 1967 4502 legum
1997 4439 2183 4487 aucto-
2211 4439 2266 4502 D

593 4521 830 4586 ritatem,
860 4535 961 4591 per
989 4519 1097 4576 vim
1127 4527 1181 4574 et
1207 4535 1306 4590 per
1335 4518 1554 4574 forciam
1583 4519 1942 4584 abstulerunt,
1971 4519 2183 4574 calcato

580 4608 688 4666 illo
715 4616 991 4680 pracepto
1003 4621 1112 4680 quo
1125 4607 1389 4663 Dominus
1408 4607 1480 4662 ait
1494 4623 1508 4662 :
1529 4607 1682 4675 Quod
1698 4609 1844 4663 Deus
1854 4609 2180 4679 conjunxit,

590 4697 758 4754 bona
783 4709 902 4754 non
929 4699 1154 4769 separet
1182 4695 1402 4766 (Matth.
1435 4698 1579 4766 xu).
1599 4694 1943 4766 Quapropter
1969 4705 2186 4766 aposto-

586 4783 705 4842 lica
731 4784 1106 4841 adhortatione
1135 4783 1310 4839 zelum
1337 4782 1415 4839 tui
1457 4784 1745 4840 sacerdotii
1790 4785 1862 4840 ad
1903 4783 2190 4840 hortamen

593 4872 839 4929 abaritia
862 4873 968 4930 Dei
993 4871 1280 4941 accendat,
1311 4879 1364 4926 et
1408 4871 1565 4944 quasi
1608 4871 1740 4928 tuba
1775 4872 1956 4928 exaltu
1998 4887 2192 4930 vocem

601 4963 858 5029 πωροι
897 4961 1098 5035 iniquis
1137 4959 1478 5032 iniquitatem
1515 4975 1671 5016 suam
1717 4959 2036 5019 annuutiare
2081 4975 2193 5018 non

593 5063 818 5118 casses,
843 5066 912 5107 ne
938 5049 1166 5124 sanguis
1187 5063 1377 5105 eorum
1405 5049 1477 5104 de
1519 5050 1775 5106 manibus
1809 5051 1918 5106 tuis
1946 5051 2192 5123 requira-

603 5148 714 5195 tur.
765 5139 1169 5212 Pi-mdictosqua
1213 5145 1649 5210 transgressores
1694 5139 1842 5196 omni
1897 5140 2197 5196 Christiana

598 5227 989 5286 communione
1025 5227 1245 5301 privare
1286 5241 1395 5283 non
1449 5227 1690 5298 differas,
1721 5230 1897 5287 donec
1950 5229 2198 5302 legatiter

601 5315 898 5374 suadent
925 5317 1073 5390 quod
1101 5315 1356 5390 nequiter
1379 5325 1696 5393 perpetrare
1717 5319 1838 5379 ausi
1867 5327 2011 5378 sunt.
2037 5317 2200 5390 Quod

605 5406 653 5462 si
679 5414 731 5462 te
743 5460 748 5465 .
762 5403 953 5466 audire
981 5405 1340 5480 neglexerint,
1369 5415 1636 5481 perpetuo
1655 5425 1752 5466 eos
1771 5410 2057 5468 anathema
2074 5421 2202 5464 sua

606 5501 973 5561 decernimus.
1015 5503 1149 5560 Data
1180 5505 1244 5560 ut
1272 5521 1468 5578 supra.

2283 3147 2354 3203 de
2385 3146 2596 3218 reliquo
2625 3163 2724 3218 pro
2755 3163 2822 3202 ea
2849 3161 2907 3202 re
2936 3147 3116 3204 casuri
3147 3155 3291 3208 sunt.
3326 3147 3716 3219 indulgentiam
3743 3161 3879 3217 pos-

2285 3235 2390 3292 sint
2417 3236 2679 3309 consequi
2708 3235 3056 3301 delictorum,
3085 3237 3348 3292 audenter
3373 3235 3568 3291 Christi
3589 3234 3690 3290 Dei
3709 3235 3882 3290 nostri

2283 3324 2482 3396 pietate
2531 3325 2928 3395 respondemus
2975 3325 3234 3397 quoniam
3280 3323 3356 3379 illi
3403 3323 3648 3396 quicum
3679 3323 3882 3394 pietate

2281 3413 2565 3471 catholicae
2595 3413 2877 3488 religionis
2906 3413 2964 3468 in
3003 3413 3135 3469 belli
3179 3413 3478 3470 certamine
3524 3413 3746 3481 cadunt,
3783 3426 3879 3468 rc-

2283 3502 2442 3575 quies
2472 3518 2568 3558 eos
2593 3511 2810 3559 aiternaz
2840 3503 2964 3560 vita
2993 3503 3268 3574 suscipiet,
3297 3510 3487 3558 contra
3517 3512 3765 3573 paganos
3792 3509 3880 3556 at-

2281 3607 2391 3663 que
2417 3588 2670 3648 inﬁdeles
2699 3599 2914 3648 strenue
2944 3591 3282 3660 dimicantes,
3327 3607 3394 3647 eo
3439 3591 3586 3663 quod
3618 3590 3882 3647 Dominus
3941 3586 3954 3592 ’

2281 3695 2381 3751 per
2409 3681 2729 3752 prophetam
2754 3680 3010 3752 dignatus
3056 3689 3140 3738 est
3180 3680 3362 3738 dicere
3395 3697 3408 3734 :
3440 3681 3721 3737 Peccatof
3738 3696 3880 3752 qua-

2281 3785 2503 3842 cunque
2533 3770 2673 3826 hora
2702 3782 3006 3826 conversus
3023 3771 3222 3840 fuerit,
3237 3769 3884 3842 omniuminiquitatum

2281 3859 2446 3914 illius
2462 3875 2579 3914 non
2591 3858 2921 3916 recordabar
2935 3859 3414 3932 amplias(Ezcch.
3443 3857 3554 3928 18).
3569 3866 3626 3912 et
3647 3871 3883 3913 venero-

2282 3946 2408 4002 bilis
2427 3947 2516 4002 ille
2539 3947 2676 4004 latro
2701 3947 2756 4002 in
2787 3963 2896 4002 una
2923 3947 3284 4003 confessionis
3304 3962 3438 4003 voce
3461 3945 3534 4002 dc
3567 3959 3732 4002 cruce
3760 3960 3882 4001 man

2284 4035 2388 4090 ruit
2417 4035 2730 4106 paradisum
2761 4037 3428 4107 (Luc.xxvn).Manasses
3447 4047 3685 4107 quoque,
3707 4035 3884 4106 impu-

2285 4123 2532 4179 rissimus
2559 4125 2830 4196 quondam
2859 4141 2975 4194 rex,
3007 4134 3200 4196 captus
3227 4124 3544 4196 carcerique
3571 4123 3884 4180 antissimo

2283 4211 2562 4284 religatus,
2613 4213 2689 4268 ibi
2733 4213 3105 4284 paenitentiam
3148 4230 3338 4286 agens,
3385 4227 3511 4268 cum
3549 4212 3885 4284 perfectione

2286 4300 2652 4372 indulgentiae,
2703 4303 2866 4358 etiam
2912 4302 3065 4374 regni
3111 4303 3344 4374 pristini,
3395 4310 3616 4373 prepter
3671 4300 3886 4358 Domini

2287 4390 2735 4454 misericordiam,
2765 4391 2888 4463 quia
2914 4391 3181 4446 immensa
3211 4400 3293 4447 est
3319 4390 3464 4446 circa
3492 4406 3666 4462 genus
3705 4391 3887 4445 huma-

2289 4495 2456 4544 mum,
2482 4481 2712 4550 adeptus
2729 4488 2808 4534 est
2823 4480 3016 4536 solium
3036 4481 3108 4548 (ll
3127 4483 3258 4536 Par.
3282 4479 3728 4552 xxxut).Nostra
3744 4495 3887 4550 prte-

2284 4566 2424 4623 frtos
2459 4569 2858 4635 mediocritate,
2891 4569 3282 4624 intercessione
3310 4569 3450 4623 beati
3470 4567 3610 4622 Petri
3629 4567 3879 4638 apostoli,

2289 4657 2444 4726 cujus
2472 4665 2712 4728 potestas
2741 4657 2950 4731 ligandi
2979 4667 3137 4730 atque
3171 4657 3418 4713 solvendi
3451 4664 3532 4712 est
3571 4656 3628 4710 in
3661 4655 3800 4712 caelo
3827 4656 3886 4712 et

2273 4742 2342 4800 iu
2373 4754 2540 4814 terra,
2567 4753 2829 4818 quantum
2876 4746 2960 4802 fas
2985 4755 3086 4812 est,
3135 4746 3472 4802 absolvimus
3519 4743 3885 4816 precibusque

2288 4833 2412 4889 illos
2440 4835 2671 4890 Domino
2699 4835 3166 4891 commendamus.
3201 4835 3464 4906 Optamus
3495 4833 3888 4890 fraternitatem

2293 4931 2523 4980 vestram
2551 4924 2608 4982 in
2640 4925 2853 4982 Christo
2882 4925 3022 4981 bene
3049 4924 3252 4982 valere.
3285 4925 3423 4980 Data
3457 4927 3526 4980 ut
3551 4939 3744 4999 supra.

2906 5032 3152 5088 CLXXX
3161 5033 3273 5087 VII.

2500 5116 2580 5157 AD
2615 5117 2934 5228 WIFEEDUH(
2942 5117 3278 5247 insurgat?)
3299 5117 3676 5168 V’ENCIENSKU,

2989 5191 3098 5230 DDO
3238 5217 3250 5229 .

2989 5191 3098 5230 ΠΠΟ
3129 5191 3250 5230 δέν.

2299 5263 2634 5336 Episcopum
2689 5265 2786 5338 qui
2829 5280 2960 5320 cum
3007 5264 3884 5338 “communicatiscommunb

2442 5335 2620 5402 carat,
2656 5335 2966 5395 missarum
2997 5337 3374 5396 celebratione
3387 5335 3667 5412 prohibet.
3721 5401 3734 5408 _

2303 5419 2651 5566 E(,Zii’tt'atmo
2678 5423 2976 5481 venerabili
3025 5423 3282 5496 episcopo
3332 5433 3528 5482 sancte
3575 5421 3892 5481 Vancisnsis

2431 5526 2584 5566 eam.

2431 5526 2584 5568 68W.
