4160 6306
329 293 431 347 817

1417 300 1771 356 EPISTULA-3
1826 301 1916 354 ET
1965 303 2306 362 DECRETA.

3521 321 3624 374 818

400 415 738 514 Auctoritatis
766 417 998 514 Domini
1017 422 1192 514 nostri
1215 422 1346 478 Iesu
1381 423 1602 514 Christi,
1651 433 1706 481 et
1749 426 1925 514 sancti
1954 425 2011 487 Α
2103 429 2455 488 Prasentium
2481 435 2714 505 portitor
2738 437 3053 507 litterarum,
3079 441 3334 514 Alpet-tus
3371 442 3614 512 nomine,

328 502 477 560 Petri
513 504 888 574 apostolorum
917 507 1198 580 principis,
1231 511 1511 584 nostrique
1561 513 1920 585 apostolatus,

328 592 460 663 quia.
486 609 612 650 cum
641 597 1120 653 excommunicatis
1149 601 1580 670 commnnieasti,
1632 610 1692 657 ut
1737 603 1930 659 littera

328 688 438 736 tum
497 681 854 751 manifestam,
905 687 1054 742 omni
1099 695 1154 742 te
1205 689 1494 744 missarum
1560 691 1928 747 celebratione

329 769 630 839 privamus,
662 771 838 828 donec
861 773 922 828 in
949 784 1193 831 nostram
1224 794 1349 833 cum
1381 777 1590 834 eisdem
1618 780 1929 835 hominibus

329 872 586 917 occums
634 863 1028 930 pmsentiam:
1085 873 1136 920 et
1191 867 1258 930 si,
1318 868 1461 938 quod
1519 883 1629 924 non
1659 877 1924 940 optamus,

331 947 564 1018 amplius
583 961 946 1022 praesumptor
973 954 1265 1024 exstiteris,
1291 956 1674 1012 denuntiamus
1693 967 1746 1013 te
1782 958 1931 1015 omni

333 1036 636 1094 sacerdotio
664 1038 782 1096 fore
813 1041 1144 1097 nudandam.
1181 1045 1324 1099 Data
1357 1049 1428 1101 ut
1451 1062 1642 1118 supra.

925 1175 1315 1232 CLXXXVIII.

508 1283 578 1322 AD
612 1280 845 1321 ODONEM
885 1279 1197 1320 EPISCOPUM
1257 1281 1748 1322 BELLOVACENSEM.

816 1349 826 1354 ’
939 1351 1120 1424 (Anno
1177 1353 1328 1424 879.)

333 1443 618 1507 Decernit,
669 1443 1008 1518 impuberes,
1057 1443 1150 1518 qui
1185 1444 1370 1518 alium
1386 1439 1757 1518 occiderant,
1805 1449 1933 1518 post

502 1517 793 1588 peractam
833 1515 1221 1584 paenitentiam
1270 1515 1530 1570 ordinari
1577 1530 1758 1586 posse.

401 1602 590 1659 000m
613 1600 912 1657 venerabili
941 1600 1196 1672 episcopo
1256 1601 1645 1657 Bellovacensi.

403 1690 594 1746 Relatu
625 1689 912 1745 didicimus
943 1690 1304 1761 quorumdam
1330 1692 1723 1746 monachorum
1764 1691 1936 1745 sancti

331 1779 577 1851 Dionysii
605 1777 838 1834 coenobii
869 1777 1014 1848 quod
1045 1779 1367 1848 quibusdam
1417 1779 1598 1850 pueris
1661 1778 1930 1850 impuberi
1958 1785 2012 1847 Β

2027 516 2452 590 lacrymabiliter
2480 537 2664 580 coram
2695 525 2853 582 nobis
2878 527 3104 585 veniens
3131 539 3357 604 questus
3385 539 3469 588 est
3509 532 3616 590 de-

2027 616 2338 677 sponsatam
2370 627 2548 676 suam,
2579 613 2796 670 nomine
2817 616 3310 683 Walatam,adhuc
3329 621 3384 676 in
3418 637 3621 693 paren-

2028 703 2142 749 tum
2168 697 2332 752 domo
2362 709 2674 756 manentem
2704 703 3012 760 adulterino
3043 707 3328 762 concubitu
3349 723 3382 764 a
3400 709 3624 781 presby-

2029 791 2148 838 tero
2177 785 2416 856 quodam
2445 799 2822 862 prmgnantem
2852 801 3143 864 repertam.
3188 792 3323 864 Quae
3369 797 3622 853 confessa

2027 873 2097 927 de
2125 873 2370 940 crimine,
2406 875 2640 934 libenter
2667 879 2738 934 ab
2766 896 2834 936 eo
2853 897 2914 936 se
2930 882 3044 937 vult
3063 883 3364 940 dissociare
3383 901 3396 940 :
3417 886 3514 941 sed
3529 893 3624 942 tua

2027 960 2340 1018 fraternitas
2365 979 2466 1036 pro
2495 967 2727 1038 quadam
2763 970 3059 1042 parentelae
3106 969 3383 1038 aﬂ‘initate.
3435 981 3622 1032 coacta

2029 1066 2154 1105 eum
2181 1051 2325 1122 cogit
2353 1054 2602 1110 eamdem
2631 1072 2850 1112 sumere
2878 1057 2933 1113 in
2963 1059 3296 1132 conjugium,
3319 1069 3510 1121 contra
3540 1077 3623 1119 re-

2029 1137 2186 1209 gulas
2218 1139 2431 1196 Patrum
2461 1151 2623 1215 atque
2653 1144 3065 1202 institutionem.
3091 1145 3458 1220 QuaprOpter,
3483 1148 3528 1204 si
3549 1147 3620 1204 ita

2031 1234 2132 1292 est,
2157 1228 2432 1300 requisitis
2463 1247 2628 1302 super
2649 1233 2732 1288 his
2759 1233 2944 1306 legum
2975 1243 3029 1290 et
3056 1251 3325 1292 canonum
3341 1237 3619 1302 institutis,

2031 1315 2162 1387 quid
2190 1316 2258 1372 de
2288 1317 2485 1373 talibus
2514 1320 2827 1391 praecipiant
2846 1324 3190 1398 promulgate
3205 1325 3416 1399 absque
3430 1341 3621 1398 perso-

2030 1418 2224 1459 narum
2251 1407 2586 1477 acceptione.
2621 1409 2758 1464 Data
2777 1415 3050 1486 utsupra.

2735 1558 2920 1614 CXCI.

2665 1660 2974 1703 Βιηςοοιηηι
3023 1663 3382 1705 τιαιπιςκεευ.

2634 1742 2816 1811 (Anno
2871 1744 3024 1814 879.)

2247 1657 2318 1698 AD
2347 1658 2610 1700 ιοΑΝΝιςκ

332 1845 512 1924 adhuc
541 1875 694 1923 aetate
725 1867 864 1920 inter
890 1845 966 1920 se
1018 1845 1338 1931 riitantibus,
1388 1867 1667 1922 hominum
1711 1867 1926 1922 illorum

2035 1845 2100 1901 Ut
2141 1861 2272 1900 cum
2321 1847 2575 1918 quodam,
2639 1851 2735 1922 qui
2791 1851 3193 1922 paenitentiam
3239 1853 3624 1932 quinquennio

326 1955 679 2028 instigatione
709 1972 850 2009 unus
880 1971 945 2009 ex
963 1954 1068 2009 illis
1090 1963 1172 2012 est
1191 1955 1564 2026 interemptus.
1587 1955 1928 2026 Quapropter

326 2043 656 2099 mandamus
685 2051 742 2097 ut
770 2043 815 2096 si
846 2043 1199 2113 inculpabiles
1228 2053 1348 2114 post
1365 2053 1634 2114 peractam
1656 2043 1927 2115 paeniten-

331 2132 463 2187 tiam
491 2131 718 2202 legitimi
749 2131 957 2203 vigoris
987 2132 1283 2186 secundum
1313 2147 1552 2187 canones
1584 2133 1781 2204 reperti
1811 2132 1927 2186 fue-

330 2222 458 2283 rint,
491 2220 764 2292 gradatim
792 2221 860 2274 ad
892 2220 1292 2276 ecclesiasticos
1323 2221 1545 2276 ordines
1587 2237 1684 2277 eos
1726 2237 1926 2292 prove-

330 2311 464 2365 here
495 2325 601 2366 non
631 2307 868 2374 differas,
894 2309 1122 2364 servatis
1153 2309 1208 2363 in
1237 2310 1488 2364 omnibus
1518 2311 1737 2365 Patrum
1767 2326 1926 2381 regu-

325 2397 394 2452 lis
425 2405 478 2453 et
505 2413 774 2454 canonum
803 2397 1078 2453 institutis.
1111 2399 1247 2452 Data
1279 2402 1345 2454 ut
1373 2415 1547 2471 supra

947 2522 1292 2577 CLXXXIX.

570 2629 643 2669 AD
669 2629 922 2670 AIIARUM
951 2625 1020 2666 ΕΤ
1050 2625 1318 2666 WIDONEI
1360 2626 1676 2667 EPISCOPOS.

947 2704 1129 2770 (Anno
1161 2700 1310 2770 879.)

337 2801 406 2857 Ut
426 2796 686 2868 Rostagni
704 2791 1030 2874 amoremad
1049 2803 1115 2873 se.
1143 2789 1330 2874 venire
1365 2789 1624 2872 jubeant,
1661 2791 1927 2874 illiusque

365 2861 673 2941 adjutores,
709 2865 822 2922 nisi
842 2861 1207 2933 resipuerint,
1241 2861 1886 2932 communioneprivent.

421 2960 640 3016 AtuAao
669 2961 724 3009 et
761 2951 997 3006 thom
1028 2947 1496 3004 reverendissimis
1528 2947 1820 3018 episcopis.

403 3047 690 3102 Hortamur
730 3039 1025 3098 sanctitatis
1063 3045 1261 3094 vestrae
1291 3035 1698 3100 fraternitatem,
1743 3053 1927 3092 sacer-

2475 1940 2682 2008 egerat,
2707 1940 3002 1996 remissius
3031 1945 3182 2014 agat.

2099 2037 2308 2094 JOANNI
2337 2041 2637 2098 venerabili
2667 2045 2926 2118 episcopo
2953 2045 3246 2102 Ticinensi.

2099 2127 2262 2183 Lator
2288 2131 2638 2202 praesentium
2668 2147 2848 2188 coram
2879 2131 3038 2190 nobis
3065 2134 3293 2193 veniens
3320 2135 3450 2192 dicit
3481 2153 3540 2194 se
3588 2128 3623 2194 a

2027 2217 2435 2286 praedecessore
2455 2227 2638 2275 vestro
2654 2219 2986 2279 Liuttet‘redo
3002 2223 3300 2278 venerabili
3337 2221 3620 2298 episcopo,

2027 2305 2400 2378 quinquennio
2438 2317 2627 2365 exacto
2674 2309 2788 2378 jam
2847 2326 3010 2378 anno,
3068 2311 3402 2384 poenitentia
3456 2309 3624 2372 fuisse

2029 2393 2375 2460 submissum,
2408 2411 2505 2466 pro
2534 2395 2788 2470 quodam,
2825 2413 2892 2456 eo
2921 2399 3067 2471 quod
3097 2399 3354 2467 interfuit,
3415 2399 3536 2457 fure
3589 2417 3624 2460 ε

2027 2480 2230 2537 femina
2257 2481 2582 2554 interempto
2613 2503 2626 2539 :
2663 2502 2767 2558 qua
2797 2485 2864 2542 de
2889 2503 2950 2543 re
2979 2495 3159 2544 vestra
3187 2486 3496 2547 fraternitas
3527 2503 3622 2546 so-

2027 2569 2191 2649 lerter
2219 2571 2527 2642 prospiciat.
2563 2573 2646 2640 Et,
2681 2573 2727 2630 si
2749 2574 2818 2630 ita
2846 2583 2928 2631 est
2948 2584 3005 2630 ut
3026 2575 3114 2632 hic
3155 2576 3369 2642 asserit,
3401 2585 3626 2649 propter

2025 2645 2242 2714 Domini
2273 2659 2726 2729 misericordiam,
2757 2663 3013 2736 quoniam
3042 2679 3240 2737 magna
3265 2673 3368 2729 est,
3391 2645 3521 2722 cum
3535 2681 3630 2722 eo-

2027 2746 2153 2800 dem
2183 2749 2478 2804 consultius
2507 2759 2650 2820 agat,
2684 2758 2738 2806 et
2765 2759 2925 2822 prout
2951 2751 3090 2808 ordo
3115 2768 3299 2810 causa
3319 2752 3619 2818 dictaverit,

2025 2833 2236 2890 frenum
2267 2836 2513 2893 canonici
2542 2837 2749 2909 vigoris
2779 2840 3051 2896 remittite.
3085 2841 3185 2898 Vel
3217 2841 3264 2898 si
3305 2829 3622 2914 quidquam,
3667 2909 3677 2916 ί

2027 2925 2168 2998 quod
2202 2941 2310 2980 non
2337 2933 2609 2996 optamus,
2645 2927 2982 2999 impossibile
3011 2945 3341 3002 perpensum
3365 2929 3542 2994 fuerit,
3569 2929 3626 2988 id

2028 3022 2212 3069 nostro
2234 3013 2442 3085 judicio
2470 3025 2652 3072 vestra
2681 3015 2990 3072 fraternitas
3019 3018 3234 3074 studeat
3260 3018 3482 3076 lenitate
3509 3018 3624 3090 spi-

329 3134 676 3204 dotalemque
705 3130 882 3187 zelum
912 3126 1076 3183 vestri
1105 3126 1311 3198 vigoris
1349 3126 1645 3196 apostolica
1685 3125 1927 3182 auctori-

2031 3102 2160 3158 ritus
2189 3118 2494 3159 reservare.
2528 3105 2663 3158 Data
2694 3109 2758 3162 ut
2785 3122 2959 3179 supra

327 3233 437 3285 tote
465 3222 752 3280 incitemus
799 3217 1038 3284 Bertildi,
1079 3215 1339 3287 Rostagni
1383 3215 1605 3272 illustris
1651 3213 1753 3269 viri
1798 3230 1930 3270 con—

323 3313 466 3387 iugi,
490 3327 628 3384 quae,
649 3317 836 3380 spreto
867 3305 964 3362 Dei
994 3304 1189 3360 timore
1217 3319 1281 3358 ac
1313 3303 1441 3375 lege
1470 3303 1597 3370 tori,
1616 3302 1930 3376 fugabunda

327 3418 431 3474 per
457 3409 669 3460 vestras
699 3395 984 3468 parochias
1014 3393 1292 3458 incedens,
1318 3392 1590 3448 multoties
1613 3392 1682 3448 ab
1716 3391 1929 3462 episco-

329 3491 418 3564 pis
447 3497 501 3548 et
528 3487 740 3561 synodo
767 3493 980 3549 vocata,
1015 3483 1179 3538 surda
1207 3496 1343 3536 aure
1362 3481 1550 3538 venire
1569 3479 1792 3549 distulit,
1818 3497 1931 3538 om-

330 3595 458 3639 nem
486 3576 868 3636 necessitatem
916 3571 1178 3643 imponite
1217 3571 1470 3626 veniendi
1505 3585 1692 3626 coram
1740 3577 1930 3626 nostra

328 3667 638 3742 presentia,
681 3673 737 3721 ut
785 3664 902 3732 ejus
940 3677 1102 3718 causa
1149 3659 1398 3731 tegaliter
1465 3657 1628 3714 ﬁnem
1677 3659 1924 3730 accipiat.

321 3758 578 3830 llliusque
607 3755 661 3809 in
693 3763 798 3808 tam
829 3766 1090 3822 perverso
1119 3765 1288 3820 opere
1343 3748 1678 3817 adjutoribus
1721 3749 1929 3804 aditum

331 3855 494 3917 atque
523 3841 954 3900 communionem
989 3839 1148 3895 totius
1179 3845 1382 3893 sanctae
1432 3837 1697 3892 Ecclesia}
1739 3838 1926 3891 tandiu

327 3933 682 3991 intercludite.
733 3931 908 3986 donec
958 3929 1027 3982 ab
1075 3927 1222 3982 omni
1269 3934 1612 3998 sequestrent
1655 3927 1928 3997 praedictm

327 4022 580 4078 Bertildis
611 4019 880 4076 consortio
909 4026 952 4072 ³.
990 4019 1135 4071 Inter
1155 4032 1292 4088 quos
1316 4016 1601 4070 Achctium
1629 4016 1922 4084 moechum,

331 4127 506 4184 eoque
544 4109 816 4166 consortio
863 4105 1090 4178 private,
1136 4112 1425 4175 vestroque
1477 4103 1592 4158 zelo
1641 4103 1920 4173 percutite.

2757 3260 2924 3315 XCII.

2716 3259 2924 3315 CXCI}.

2208 3361 2280 3402 an
2311 3361 2632 3404 AGINULFUM
2665 3363 2972 3405 EPISCOPUM
3031 3363 3443 3406 GABALITANUH.

2635 3437 2816 3509 (Anno
2873 3437 3023 3510 s79.)

2106 3549 2172 3605 Ut
2191 3549 2562 3620 praesentium
2584 3547 2856 3606 latoribus
2866 3549 3058 3608 ablata
3074 3550 3430 3608 restituenda
3440 3553 3628 3627 curet:

2097 3655 2355 3709 Joannes
2383 3656 2676 3714 Aemunro
2707 3655 3008 3716 venerabili
3037 3655 3298 3728 episcopo
3343 3656 3623 3716 Gebdda-

2027 3743 2202 3799 nensi.

2045 3866 2066 3882 .
2099 3832 2451 3906 Praesentium
2479 3833 2684 3893 latores
2713 3834 2892 3906 questi
2913 3842 3036 3890 sunt
3053 3835 3124 3892 ab
3142 3836 3246 3892 hac
3265 3835 3398 3892 sede
3407 3835 3634 3906 plebem

2028 3938 2178 3980 suam
2201 3921 2409 3978 eisdem
2437 3923 2725 3980 sublatam.
2749 3921 3098 3995 Quapropter
3117 3923 3417 3996 apostolica
3435 3932 3628 3984 aucto.—

2027 4011 2179 4066 ritate
2208 4019 2313 4066 tua:
2360 4011 2681 4066 fraternitati
2720 4013 3068 4082 praecipimus
3115 4025 3192 4077 ut,
3242 4011 3500 4084 inquisita
3543 4013 3624 4068 rei

2026 4100 2268 4164 veritate,
2304 4101 2448 4171 quod
2471 4100 2672 4167 justum
2705 4109 2786 4154 est
2816 4100 3106 4172 unicuique
3155 4101 3390 4156 reddere
3429 4117 3626 4159 sacer-

331 4199 550 4270 Quaeso,
585 4213 800 4262 moneo,
833 4197 1041 4259 hortor,
1073 4191 1274 4247 fratres
1305 4192 1627 4255 charissimi,
1664 4192 1924 4247 citissime
2023 4188 2190 4244 dotali
2221 4187 2584 4243 sollicitudine
2614 4187 2974 4264 pervestiget,
3020 4197 3073 4244 et
3124 4205 3246 4260 quae
3300 4189 3418 4260 ipse
3477 4187 3621 4243 ditii-

329 4287 765 4360 amplectendam
796 4283 1044 4338 exhibete
1057 4280 1404 4354 praesentiam
1428 4299 1442 4346 ;
1473 4281 1668 4336 iterum
1699 4280 1924 4336 iterum-
2021 4278 2139 4332 nire
2155 4293 2262 4332 non
2285 4276 2504 4348 poteris,
2527 4275 2756 4349 [referre
2781 4276 2852 4331 ad
2873 4277 2994 4350 nos]
3017 4277 3194 4334 modis
3214 4277 3469 4333 omnibus
3514 4293 3626 4333 non

329 4395 434 4452 que
457 4377 729 4448 jubemus,
762 4373 910 4429 omni
936 4371 1232 4442 postposita
1262 4369 1542 4424 vocatione
1592 4369 1920 4442 [occasione]
2017 4366 2413 4438 praetermittas.
3181 4373 3184 4376 '

325 4467 397 4524 ad
415 4482 519 4524 nos
532 4465 846 4521 festinanter
867 4461 1044 4518 venite
1069 4478 1081 4514 :
1106 4467 1392 4532 quatenus,
1431 4459 1642 4513 Christo
1689 4459 1920 4515 Domino

326 4557 641 4620 miserante,
673 4554 728 4608 in
758 4553 858 4608 hoc
887 4559 940 4606 et
967 4550 1087 4605 aliis
1115 4547 1350 4621 negotiis
1381 4547 1652 4604 communi
1699 4547 1928 4604 consilio

300 4644 616 4710 ,terminum
666 4641 956 4698 salubriter
995 4639 1276 4710 imponere
1318 4636 1616 4702 valeamus,
1671 4637 1809 4691 Data
1863 4641 1930 4693 ut

332 4750 524 4801 supra.

1040 4835 1200 4891 CXC.

607 4943 682 4986 AD
718 4941 922 4982 WALAH
960 4938 1268 4980 EPISCOPUM
1305 4937 1626 4978 MBTENSBH.

945 5015 1125 5086 (Anno
1155 5012 1304 5082 879.)

425 5110 502 5168 Ne
530 5111 762 5178 cogatur
789 5119 1028 5177 sponsus
1058 5117 1296 5158 uxorem
1325 5101 1531 5156 ducere
1560 5101 1626 5156 ab
1657 5103 1770 5158 alio

952 5179 1299 5246 corruptam.

396 5265 869 5324 Reverendissimo
901 5273 950 5320 et
974 5261 1320 5320 sanctissimo
1345 5260 1608 5316 WALENO
1631 5263 1930 5333 venerabili

329 5357 586 5430 episcopo
619 5355 864 5412 Metensi.

1953 4503 2012 4568 D

2705 4505 2942 4562 CXCIII.

2280 4617 2352 4658 AD
2393 4617 2848 4660 BISUNTINENSEM
2876 4617 3372 4662 ARCHIEPISCOPUH.

2653 4691 2834 4765 (Anno
2865 4693 3014 4768 879.)

2077 4803 2376 4872 Signiﬁcat
2407 4817 2464 4856 se
2498 4800 2841 4856 Fulcardam
2877 4803 3106 4875 eiusque
3161 4802 3453 4877 conjugem
3483 4804 3552 4860 ab

2317 4891 2906 4962 eat-communicatione
2943 4890 3258 4946 absolvisse.

2095 4998 2422 5052 Tnnononto
2491 4995 2791 5052 venerabili
2845 4994 3106 5068 episcopo
3164 4997 3556 5057 Bisuntinensi.

2095 5086 2297 5140 Notum
2341 5085 2409 5140 sit
2463 5083 2733 5140 sanctitati
2783 5092 3001 5152 vestrm,
3062 5085 3191 5160 quia
3225 5086 3536 5146 Fucardum
3565 5098 3621 5148 et

2027 5175 2391 5242 Bcrelindam,
2425 5189 2651 5230 uxorem
2668 5173 2930 5244 ejusdem,
2959 5174 3028 5229 ab
3047 5178 3626 5237 excommunicationi:

2027 5263 2246 5320 vinculo
2275 5261 2626 5328 absolvimus,
2659 5263 2836 5318 donec
2879 5264 3148 5322 canonica
3195 5267 3385 5338 regula
3433 5275 3620 5324 exacte

2031 5351 2366 5424 reperiamus
2380 5351 2661 5421 judicium.
2682 5351 2839 5408 Unde
2861 5368 2893 5407 a
2923 5353 3080 5410 vobis
3109 5353 3166 5410 in
3185 5357 3624 5414 communionem

395 5557 420 5584 α
441 5537 751 5600 Haecwerba,
777 5535 1295 5594 Bertildisconsortio,
1321 5546 1418 5584 non
1443 5534 1594 5584 habet
1638 5535 1786 5586 editio
1830 5537 2069 5599 Romana,
2093 5535 2179 5586 sed
2220 5535 2355 5598 ponit
2405 5535 2533 5586 nullo
2581 5547 2746 5594 sensu,
2764 5536 2959 5600 juravtt
2977 5537 3197 5598 spiritali
3222 5556 3234 5586 :
3273 5541 3378 5588 tum
3401 5537 3621 5600 soqultur

327 5609 381 5656 ut
403 5606 485 5656 hic
506 5620 521 5668 ;
547 5605 678 5656 inter
698 5607 836 5668 quos,
858 5606 956 5653 etc.
999 5603 1176 5652 MANSI.
