4160 6312
557 269 658 320 819

1829 254 2124 313 ,1οᾹΝΝΙΒ
2170 254 2253 308 ΡΑ
2262 254 2362 309 Prii
2407 254 2542 310 Vill.

3732 260 3843 313 ηε)

557 387 835 460 eosrecipi
851 386 1197 445 mandamus.
1215 384 1485 457 Optamus
1504 382 1896 439 fraternitatem
1908 387 2143 438 vestram
2171 378 2229 440 Α
2247 377 2409 434 nobis
2434 385 2621 435 vestra
2648 375 2924 435 sitibunde
2947 385 3106 451 atque
3125 377 3383 434 ardenter
3398 379 3621 452 requirit
3645 379 3842 436 frater-

556 476 695 533 bene
721 475 929 535 valere.
963 475 1100 531 Data
1130 477 1198 531 ut
1236 489 1430 546 supra.

726 739 798 779 AD
828 737 1099 781 GAIDEBIH
1126 735 1427 779 PRINCIPEI
1486 731 1961 775 BENEV‘ENTANUII.

1152 810 1333 882 (Anno
1389 809 1540 879 879.)

550 901 886 958 Consolatur
905 914 1036 957 eum
1049 898 1115 954 de
1135 898 1360 954 damnis
1379 897 1446 953 ab
1456 895 1730 966 Agarenis
1745 895 1956 958 illatis,
1970 894 2142 949 auxi-

625 971 769 1026 lium
782 971 1104 1045 pollicetur,
1126 984 1290 1042 seque
1310 969 1373 1024 in
1388 968 1510 1038 ejus
1521 969 1717 1039 partes
1738 968 2066 1021 venturum.

621 1076 830 1134 Dilecto
861 1074 971 1132 lilio
999 1074 1237 1131 ϐΑιοειιι
1265 1072 1508 1147 glorioso
1536 1070 1769 1144 principi
1814 1071 2143 1126 Beneventa-

551 1181 762 1220 norum.

614 1252 886 1325 Epistolas
917 1268 1047 1308 sane
1075 1268 1104 1306 a
1137 1258 1318 1309 vestra
1346 1250 1636 1307 dilectione
1651 1249 1999 1330 trapsmissas
2013 1263 2137 1305 cum

543 1349 698 1412 parte
725 1339 1116 1414 gratulationis,
1148 1339 1340 1406 fateor,
1374 1339 1535 1395 etiam
1548 1346 1601 1394 et
1631 1337 1886 1394 maeroris
1914 1337 2138 1408 accepi;

545 1437 854 1502 quantoque
877 1427 933 1483 in
962 1427 1043 1484 eis
1070 1427 1322 1501 gaudens
1351 1425 1616 1482 exsultavi
1636 1434 1875 1482 vestram
1895 1425 2142 1481 devotio-

543 1533 669 1573 nem
699 1516 887 1572 intimo
915 1516 1112 1572 mentis
1142 1514 1340 1572 aﬁ‘ectu
1375 1515 1520 1572 circa
1565 1514 1886 1587 obsequium
1933 1521 2142 1570 sancto-

545 1621 669 1660 rum
715 1603 1086 1676 apostolorum
1142 1603 1305 1671 Petri,
1345 1603 1495 1659 Pauli
1565 1611 1922 1674 compertam,
1994 1609 2141 1658 tanto

544 1692 894 1748 nihilominus
924 1692 1074 1749 triste
1115 1691 1376 1765 pastorali
1419 1690 1778 1749 sollicitudine
1818 1690 1935 1760 tuli,
1983 1706 2141 1763 pres-

547 1781 690 1837 suris
738 1788 903 1853 atque
949 1781 1329 1853 Agarenorum
1364 1778 2035 1852 depraedationibusterrat
2055 1795 2142 1834 ve-

546 1878 675 1926 strm
703 1868 918 1924 auditis.
953 1867 1299 1941 Quapropter
1322 1883 1447 1925 cum
1476 1883 1610 1923 vase
1639 1866 1925 1924 electionis
1981 1883 2138 1923 com-

546 1957 723 2029 pellor
749 1957 938 2013 dicere
951 1965 1006 2014 et
1022 1956 1451 2028 lacrymabiliter
1465 1955 1772 2013 exclamare
1788 1971 1802 2010 :
1833 1956 1966 2025 Quis
1982 1955 2144 2026 inﬁr-

549 2049 766 2111 matur,
798 2051 857 2102 et
869 2060 965 2117 ego
981 2062 1100 2102 non
1117 2045 1418 2115 inﬁrmor?
1447 2047 1570 2119 quis
1604 2044 2054 2112 scandalizatur,
2087 2049 2144 2100 et

551 2144 648 2207 ego
666 2149 785 2190 non
799 2137 974 2191 uror?
1009 2132 1342 2205 (IlCor.x1.)
1372 2132 1476 2188 Sed
1516 2132 1660 2188 inter
1676 2132 1796 2189 haec
1827 2131 2145 2188 meminisse

547 2221 813 2277 debemus
825 2219 966 2277 illius
979 2220 1071 2294 qui
1089 2221 1164 2275 ait
1179 2239 1193 2276 :
1206 2222 1271 2278 In
1284 2222 1492 2278 mundo
1505 2237 1833 2295 pressuram
1852 2220 2141 2288 habebitis,

549 2305 647 2362 sed
665 2302 949 2376 conﬁdite,
964 2307 1230 2379 quoniam
1251 2321 1345 2378 ego
1365 2306 1476 2362 vici
1493 2304 1772 2362 mundum
1785 2306 1968 2374 (Joan.
1983 2305 2107 2377 XVI)
2126 2324 2141 2372 ;

551 2402 605 2449 et
632 2393 915 2465 apostolus
939 2411 954 2449 :
977 2394 1149 2465 Major
1175 2398 1262 2450 est
1303 2395 1400 2466 qui
1424 2395 1488 2450 in
1504 2393 1662 2451 nobis
1699 2397 1804 2460 est,
1843 2411 2012 2467 quam
2049 2396 2145 2467 qui

548 2486 749 2539 contra
768 2498 871 2539 nos
895 2487 981 2538 est
1010 2482 1073 2553 (Ι
1107 2483 1268 2539 Joan.
1311 2482 1410 2553 Iv).
1447 2480 1740 2551 Quocirca,
1794 2481 2146 2538 dilectissime

551 2570 646 2637 illi,
680 2571 889 2636 hortor,
920 2570 1209 2638 admoneo,
1242 2570 1535 2642 apostolica
1562 2571 1886 2627 auctoritate
1915 2570 2145 2635 suadeo,

549 2658 769 2717 interim
798 2658 1067 2730 patienter
1096 2659 1314 2715 Domini
1340 2659 1772 2715 misericordiam
1801 2659 2148 2731 deprecando

550 2747 823 2802 continuis
851 2744 1317 2802 obsecrationibus
1347 2747 1614 2802 malorum
1661 2744 1895 2802 sufferre
1944 2763 2146 2820 grava-

550 2834 718 2889 mina.
753 2833 1023 2902 Quoniam
1053 2850 1175 2905 nos,
1207 2835 1425 2890 Christo
1452 2835 1778 2906 opitulante,
1834 2835 1904 2890 ad
1959 2836 2146 2909 patriae

553 2930 746 2978 vestrae
772 2918 1146 2978 liberationem
1177 2938 1274 2994 pro
1304 2923 1503 2979 virium
1525 2921 1775 2979 facultate
1803 2931 2010 2979 tantum
2030 2940 2149 2995 pra:

493 3038 499 3047 ο
550 3011 764 3068 caeteris
828 3011 1155 3068 mortalibus
1238 3011 1504 3068 habebitis
1558 3011 1858 3084 adjutorem
1915 3012 2144 3082 enixius,

553 3108 816 3173 quantum
861 3100 1118 3156 attentius
1162 3100 1555 3173 compatimur;
1601 3101 1746 3174 quod
1789 3101 1952 3157 rebus
2016 3101 2150 3173 ipsis

551 3188 966 3260 prmsentialiter
993 3189 1097 3244 sub
1125 3189 1191 3262 [Ῑ.
1224 3189 1467 3261 abundat
1494 3188 1617 3263 sub]
1647 3190 2020 3257 redderemus,
2044 3189 2151 3245 nisi

553 3278 608 3333 in
631 3277 827 3337 itinere
853 3277 1071 3351 penitus
1101 3277 1203 3335 hoc
1228 3286 1477 3350 tempore
1495 3293 1758 3351 equorum
1777 3278 1979 3351 pabula
1997 3278 2149 3335 defe-

553 3365 780 3432 cissent,
813 3365 1009 3439 quibus
1039 3366 1225 3422 statim
1254 3383 1480 3440 gressus
1508 3383 1732 3424 movere
1777 3367 1835 3422 in
1879 3366 2151 3424 veniendo

553 3454 927 3527 prohibemur.
961 3454 1070 3511 Sed
1101 3455 1479 3526 Redemptoris
1535 3455 1710 3513 nostri
1764 3455 1940 3529 gratia
1990 3456 2146 3523 duce,

548 3552 772 3616 peracta
800 3542 1144 3600 solemnitate
1169 3543 1436 3615 paschali,
1470 3543 1658 3600 venire
1687 3545 1758 3600 ad
1786 3551 1969 3600 vestra
2023 3559 2153 3616 par-

551 3640 634 3687 tes
661 3631 1092 3689 accelerabimus
1123 3650 1138 3698 ;
1171 3639 1224 3687 et
1250 3648 1357 3688 una
1384 3632 1666 3690 vobiscum
1683 3631 1863 3704 positi,
1888 3631 2151 3705 quidquid

550 3719 784 3789 consilii,
816 3719 1078 3793 quidquid
1107 3720 1281 3776 solatii
1312 3729 1474 3793 atque
1529 3719 1784 3791 adjutorii
1833 3735 1936 3792 pro
1988 3720 2150 3776 Chri-

551 3807 715 3864 stiani
740 3807 925 3880 populi
951 3807 1266 3864 liberatione
1294 3808 1612 3864 adinvenire
1634 3808 1955 3880 poterimus.
1981 3808 2152 3865 libere

548 3896 756 3953 tissime
812 3897 1247 3968 procumbimus.
1302 3895 1569 3968 Optamus
1615 3896 1845 3970 gloriam
1899 3897 2150 3954 culminis

549 3985 714 4042 vestri
752 3987 808 4041 in
845 3985 1068 4042 Christo
1126 4001 1344 4056 semper
1407 3986 1548 4042 bene
1614 3985 1818 4042 valere.
1889 3987 2025 4042 Data
2081 3991 2149 4043 ut

552 4090 747 4146 supra.

1241 4199 1450 4256 CXCV.

998 4304 1070 4343 AD
1102 4303 1339 4357 AJONBI,
1370 4304 1700 4345 Episcopuu.

1155 4376 1336 4443 (Anno
1392 4373 1542 4444 879.)

2241 465 2404 534 nitas,
2434 465 2670 524 Domiao
2694 467 2952 534 donante,
2986 482 3105 524 eam
3133 475 3286 540 parte
3319 468 3570 541 corporis
3621 468 3838 542 aliqua-

2240 562 2401 611 tenus
2428 555 2633 612 habere
2661 555 2950 623 videmur;
2982 556 3080 612 sed
3106 555 3248 612 inter
3274 563 3354 612 tot
3388 555 3588 614 ﬂuctus
3638 559 3837 615 mundi

2240 649 2531 716 tantasque
2557 643 2823 701 undarum
2847 644 3138 716 procellas,
3170 660 3293 717 qua
3316 643 3466 701 salus
3490 645 3649 702 istius
3702 646 3835 702 vita:

2238 739 2419 803 potest
2444 747 2571 789 esse
2598 732 2794 789 saltem
2823 733 2896 790 ad
2936 741 3272 790 momentum
3309 734 3603 807 tranquilla
3626 735 3658 790 Ἰ
3688 751 3837 806 prm-

2241 818 2430 876 sertim
2457 828 2634 877 morte
2661 821 2829 877 vestri
2857 821 3106 895 germani
3127 821 3332 885 audita,
3353 823 3554 879 vestris
3572 821 3839 880 ﬁliorum-

2239 924 2346 982 que
2373 908 2814 969 cbarissimorum
2844 918 2951 966 tam
2975 910 3192 967 crebris
3218 910 3630 968 tribulationum
3654 927 3838 986 angu-

2239 996 2373 1053 stiis.
2416 997 2524 1054 Sed
2579 999 2718 1054 inter
2767 999 2887 1057 hec
2921 1014 3024 1056 nos
3086 999 3340 1056 convenit
3399 1009 3512 1056 toto
3546 1001 3837 1058 conamine

2237 1087 2434 1143 mentis
2463 1087 2533 1143 ad
2562 1086 2712 1143 illam
2739 1087 2927 1160 patriis
2955 1087 3194 1145 caelestis
3223 1089 3385 1145 vitam
3413 1089 3587 1146 corda
3631 1091 3836 1147 sustol-

2238 1175 2370 1246 lere,
2401 1175 2458 1230 in
2485 1191 2591 1248 qua
2616 1192 2725 1248 pax
2753 1192 2972 1249 semper
3001 1176 3160 1248 inest,
3220 1185 3273 1234 et
3329 1194 3459 1235 vera
3517 1179 3779 1236 securitas
3812 1198 3829 1235 :

2239 1263 2497 1336 quoniam
2513 1265 2768 1338 quandiu
2777 1282 2974 1324 sumus
2991 1267 3056 1324 in
3066 1283 3314 1341 corpore,
3322 1268 3475 1337 juxta
3485 1268 3830 1340 Apostolum,

2233 1353 2670 1426 peregrinantur
2685 1371 2721 1410 a
2736 1355 2992 1421 Domino,
3012 1354 3168 1411 vobis
3198 1364 3506 1429 vestraque
3532 1357 3727 1429 patrie
3738 1373 3831 1414 se-

2239 1439 2477 1504 cundum
2504 1439 2742 1498 ofﬁcium
2769 1459 2803 1498 ιι
2829 1443 2946 1499 Deo
2973 1444 3132 1500 nobis
3159 1443 3343 1501 collati
3370 1445 3678 1513 ministerii,
3726 1463 3831 1518 pro

2238 1528 2437 1584 virium
2482 1527 2919 1601 impossibilitate
2951 1531 3224 1589 inbianter
3271 1533 3519 1604 cupimus

2240 1617 2509 1673 solatium.
2543 1618 2678 1674 Data
2705 1623 2771 1676 ut
2801 1637 2995 1692 supra.

2915 1808 3148 1866 CXCVI.

2701 1948 2774 1987 ΑΙ)
2803 1947 3087 1990 DAPERIUI
3117 1949 3384 1993 eoum.

2846 2041 3026 2112 (Anno
3071 2041 3220 2114 8’79.)

2336 2166 2673 2223 Consolatur
2703 2166 3019 2238 Daferium,
3054 2168 3215 2238 eique
3233 2183 3392 2240 opem
3413 2170 3739 2241 pollicetur.

2318 2296 2527 2354 Dilecto
2554 2295 2666 2353 lilio
2692 2297 2892 2354 illustri
2919 2297 3090 2354 nobili
3117 2298 3236 2355 viro
3280 2299 3529 2357 Darmuo
3558 2303 3760 2359 comiti.

2320 2384 2713 2442 Perfectionem
2753 2386 2938 2444 cordis
2988 2386 3236 2443 Gaideris
3273 2388 3558 2463 principis,
3601 2406 3835 2448 consan-

2244 2473 2430 2546 guinei
2458 2474 2646 2545 vestri,
2678 2483 3025 2549 vestramque
3049 2475 3104 2531 in
3133 2477 3309 2533 Deum
3337 2477 3495 2534 valde
3508 2480 3832 2552 gaudemus,

2244 2563 2599 2620 obsecrantes
2627 2571 2687 2619 ut
2712 2563 2804 2637 qui
2830 2564 2994 2636 coepit
3021 2564 3077 2620 in
3133 2565 3306 2636 vobis,
3366 2577 3622 2638 operetur
3675 2579 3835 2643 atque

2245 2649 2489 2722 perﬁciat
2517 2667 2656 2724 opus
2684 2652 2889 2708 bonum
2917 2669 3089 2726 usque
3104 2653 3161 2709 in
3173 2653 3356 2711 ﬁnem.
3381 2655 3835 2716 Tribulationibus

2243 2747 2405 2812 atque
2432 2740 2698 2814 angustiis
2726 2741 2924 2797 vestris
2964 2741 3021 2796 in
3075 2750 3286 2799 tantum
3339 2745 3719 2817 eompatimur,
3778 2758 3837 2804 ut

2248 2838 2460 2885 vestros
2485 2828 2704 2886 dolores
2729 2845 2895 2885 manu
2919 2831 3265 2904 cogitationis
3310 2833 3368 2888 in
3422 2842 3610 2890 nostro
3662 2829 3833 2893 corde

2244 2925 2574 2992 tangamus;
2605 2920 2704 2974 sed
2732 2917 3057 2975 conﬁdimus
3086 2919 3143 2975 in
3168 2923 3358 2977 teterni
3387 2923 3685 2980 conditoris
3728 2927 3836 2980 mi-

2247 3005 2565 3075 sericordia,
2599 3007 2728 3079 quia
2754 3007 2809 3062 in
2838 3008 3085 3080 proximo
3129 3008 3304 3066 aderit
3359 3011 3478 3080 ejus
3530 3013 3834 3083 auxillium,

2179 3086 2229 3150 C
2248 3095 2340 3167 qui
2370 3111 2468 3167 per
2492 3096 2817 3168 prophetam
2844 3097 3102 3154 admonet
3129 3098 3319 3154 dicens
3352 3117 3367 3154 :
3397 3100 3599 3158 Invoco
3635 3119 3727 3159 me
3769 3106 3836 3160 in

2248 3183 2337 3240 die
2353 3184 2740 3242 tribulationis
2760 3188 2892 3253 tum,
2916 3187 3159 3260 eripiam
3180 3191 3252 3254 te,
3276 3192 3337 3244 et
3349 3190 3735 3261 magniﬁcabis
3747 3207 3838 3248 me

2246 3273 2422 3341 (Psal.
2442 3272 2602 3345 χιιι)
2635 3292 2649 3328 :
2680 3289 2782 3330 nos
2811 3274 3011 3330 etenim
3068 3275 3125 3330 in
3153 3283 3356 3332 tantum
3390 3279 3839 3350 paratoshabetis

2248 3360 2306 3416 in
2331 3369 2573 3418 vestrum
2603 3362 2948 3434 adiutorium,
2980 3372 3037 3420 ut
3067 3381 3190 3421 cum
3219 3375 3584 3438 opportunum
3626 3376 3839 3442 tempus

2249 3448 2430 3517 fuerit,
2459 3466 2561 3522 pro
2588 3450 2848 3507 fratribus
2877 3452 3117 3509 animam
3145 3469 3348 3525 ponere
3362 3471 3472 3512 non
3491 3471 3829 3515 recusemus.

2247 3537 2465 3610 Equum
2493 3555 2658 3612 quem
2684 3539 2938 3596 nobilitas
2984 3550 3165 3598 vestra
3221 3543 3390 3615 petiit,
3447 3560 3573 3600 cum
3626 3555 3841 3605 vestros

2248 3625 2388 3683 lines
2415 3627 2671 3702 attigero,
2705 3628 2842 3684 dare
2870 3646 2956 3684 me
2985 3631 3142 3686 vobis
3162 3630 3395 3688 libenter
3411 3632 3688 3690 denuntio.
3705 3636 3839 3690 Data

2248 3719 2317 3772 ut
2343 3733 2514 3789 supra

2913 3899 3174 3956 CXCVII.

2390 4036 2464 4074 AD
2496 4036 2770 4077 ROIANUM
2802 4037 3283 4081 Αιιοιιιειιιεοοιιιιιι
3339 4041 3737 4085 ιιΑνεΝΝΑτιιιι.

2848 4132 3028 4201 (Anno
3085 4132 3236 4204 879.)

2245 4253 2597 4326 Praecipitat
2633 4256 2862 4311 Romam
2899 4257 2970 4312 ad
3004 4257 3279 4330 synodum
3307 4275 3438 4314 cum
3469 4261 3845 4333 suifragando

2915 4345 3164 4402 accedat.

564 4471 932 4543 Commendat
953 4473 1076 4534 eius
1110 4487 1243 4543 erga
1263 4486 1320 4526 se
1340 4471 1756 4543 observantiam
1790 4491 1808 4538 ;
1853 4474 2154 4530 certiorem
2180 4450 2235 4512 D
2257 4535 2291 4543 _
2329 4448 2802 4543 Βενθτθηάξὲδίηξο
2840 4459 2891 4506 et
2949 4452 3295 4543 δεηθεῖεεῇΠο
3350 4453 3605 4511 contra“
3660 4466 3844 4512 “05W

625 4559 757 4599 eum
776 4542 843 4598 de
871 4558 976 4599 sua
1013 4541 1410 4599 incolumitate
1441 4541 1646 4607 reddit,
1679 4547 1803 4598 tum
1825 4546 2158 4600 consolatur

625 4613 692 4669 tle
729 4614 882 4670 obitu
908 4615 1134 4685 fratris.

626 4719 1090 4795 Reverentissimo.
1147 4727 1201 4774 et
1244 4719 1593 4774 sanctissimo
1659 4717 1919 4775 confratri
1967 4729 2152 4777 nostro

555 4811 726 4862 AJONI
757 4804 1057 4887 venerabili
1090 4808 1370 4880 episcopo.

629 4894 786 4967 Quod
813 4896 1122 4953 veneranda
1151 4895 1466 4967 fraternitas
1496 4905 1588 4952 tua
1608 4913 1708 4969 pro
1729 4906 2034 4954 sanctarum
2053 4899 2155 4956 Dei

556 4984 927 5041 Ecclesiarum
949 4982 1323 5057 sublévatione
1349 4984 1515 5059 longe
1546 4987 1618 5041 ab
1648 4985 1796 5043 Urbe
1840 4986 2152 5060 aliquandiu

553 5081 793 5129 nostram
821 5070 1123 5130 absentiam
1156 5070 1392 5145 benigna
1421 5074 1588 5130 animi
1615 5075 1994 5146 compassione
2015 5092 2152 5132 con-

552 5161 749 5231 doluit,
782 5161 996 5218 viscera
1044 5162 1241 5218 mentis
1270 5178 1384 5218 sua:
1412 5163 1620 5235 repleta
1650 5164 1849 5219 Christi
1895 5166 2152 5222 charitate

546 5259 795 5322 patenter
821 5251 1074 5318 ostendit,
1109 5259 1163 5306 et
1191 5250 1450 5320 debitam,
1484 5252 1594 5309 imo
1622 5261 1867 5310 mutuam
1914 5253 2154 5310 dilectio-

545 5355 671 5396 nem
701 5337 900 5394 sanctis
930 5340 1029 5395 Dei
1057 5339 1320 5410 apostolis
1347 5357 1448 5412 per
1475 5357 1576 5397 nos
1619 5342 1893 5414 condigne
1949 5342 2151 5398 studuit

546 5444 893 5494 conservare,
925 5444 954 5483 a
985 5427 1181 5501 quibus
1210 5429 1400 5502 procul
1432 5430 1598 5486 dubio
1627 5430 1943 5488 meritorum
1990 5430 2150 5486 retri-

546 5518 819 5574 butionem
874 5516 928 5572 in
987 5516 1149 5578 ﬁnem
1206 5518 1449 5591 recipiet.
1493 5518 1817 5593 Sospitatem
1873 5534 2036 5594 quam
2093 5520 2148 5575 in

2253 4535 2494 4592 ΒοιωΝο
2519 4538 2933 4612 archiepiscopo
2963 4550 3163 4598 sancta:
3195 4542 3524 4599 Ravennatis
3561 4544 3840 4602 Ecclesia.

2325 4625 2616 4683 Canonicis
2643 4636 2953 4685 sanctorum
2985 4630 3201 4686 Patrum
3211 4631 3523 4702 iubentibus
3534 4634 3740 4708 regulis
3760 4634 3844 4690 bis
3867 4654 3885 4673 -

2255 4729 2354 4783 per
2378 4729 2578 4770 annum
2608 4716 2836 4772 concilia
2865 4718 3249 4790 episcoporum
3277 4737 3402 4777 esse
3421 4721 3842 4779 omnimodisce-

2254 4802 2516 4858 lebranda
2542 4805 2784 4873 (Nicwni
2809 4808 3041 4864 concilii
3066 4824 3189 4880 cap.
3213 4812 3290 4878 ὅ),
3312 4825 3414 4865 nos
3429 4810 3502 4866 ob
3522 4810 3579 4866 id
3597 4826 3694 4882 pro
3714 4812 3848 4867 mul-

2254 4890 2528 4961 tiplicibus
2558 4893 2925 4950 Ecclesiarum
2941 4895 3042 4952 Dei
3056 4896 3373 4953 utilitatibus
3403 4907 3457 4953 et
3500 4900 3844 4956 necessitati-

2253 4978 2355 5034 bus
2384 4981 2653 5053 synodum
2682 4990 2876 5040 octavo
2903 4985 3180 5042 Kalendas
3222 4987 3411 5055 Maias,
3457 4988 3690 5044 Domino
3735 5004 3841 5044 an-

2254 5077 2470 5135 nuente,
2501 5068 2780 5128 celebrare
2807 5073 3076 5145 cupimus.
3119 5075 3250 5131 Ideo
3281 5076 3539 5146 jubemus
3566 5077 3847 5134 dilectioni

2254 5165 2450 5213 vestra:
2477 5167 2556 5225 ut,
2587 5161 2736 5215 omni
2764 5177 2914 5216 mora
2941 5164 3264 5235 postposita,
3300 5181 3399 5222 vos
3427 5181 3551 5222 cum
3590 5167 3843 5223 omnibus

2253 5243 2614 5318 suﬂ‘raganeis
2642 5250 2836 5305 vestris
2865 5251 3139 5324 episcopis
3170 5254 3433 5325 preedicto
3462 5263 3706 5328 tempore
3736 5256 3846 5313 Ro-

2253 5350 2395 5389 mam
2422 5336 2609 5393 venire
2639 5338 2922 5405 studentis,
2955 5350 3223 5414 quatenus
3272 5343 3516 5399 eamdem
3579 5345 3847 5415 synodum

2251 5423 2536 5480 nobiscum
2565 5427 2840 5499 aequaliter
2867 5429 3158 5486 celebretis
3179 5447 3246 5489 ac
3272 5431 3341 5488 de
3369 5433 3641 5488 communi
3672 5434 3843 5489 salute

2251 5513 2627 5579 consideratis,
2664 5516 2797 5576 Data
2834 5532 2892 5572 ιιι
2922 5519 3111 5573 Nonas
3153 5520 3392 5590 Martias,
