4160 6340
1851 203 1882 232 Ι

349 297 441 346 821

1005 423 1283 480 CXCVIII.

493 520 847 564 Ρῑιινιιεθιυυ
887 525 992 566 ΡΙὶο
1031 526 1390 568 ΗΟΝΑΒΤΕΙΗΟ
1427 530 1797 570 ιιιΑεεΝτιΝο.

961 599 1143 667 (Anno
1181 603 1331 672 879.)

341 681 448 753 [Ex
476 684 684 755 Campi,
718 687 850 742 dell'
879 689 1019 744 Hist.
1053 691 1190 746 εδει.
1227 691 1286 746 di
1319 693 1616 758 Piacenza,
1637 707 1767 765 pag.
1794 691 1940 770 464.]

409 789 664 846 Joannes
695 791 1002 864 episcopus,
1039 813 1226 851 servus
1267 813 1549 852 servorum
1580 798 1697 866 Dei,
1730 798 1940 855 dilectae

340 875 466 932 filiae
493 881 890 945 Arzanenam,
923 883 1251 953 imperatrici
1283 888 1558 958 Augustae.

408 967 489 1020 Ex
519 967 770 1040 largitate
798 971 966 1025 nostri
1017 973 1392 1044 Redemptoris
1439 991 1658 1046 semper
1684 985 1807 1031 sunt
1834 992 1936 1031 an-

335 1056 555 1110 nuenda
583 1072 644 1110 ea
672 1075 792 1129 quae
819 1060 888 1113 ad
919 1059 1202 1116 tuitionem
1233 1079 1414 1118 rerum
1444 1065 1935 1120 ecclesiasticarum

334 1151 386 1196 et
413 1143 624 1214 piorum
655 1145 898 1200 locorum
933 1164 1054 1204 esse
1097 1159 1412 1206 noscuntur.
1444 1150 1783 1224 Quapropter
1811 1169 1934 1209 mo-

331 1232 626 1287 nasterium
663 1235 837 1306 Caput
865 1237 1076 1293 Trebiae
1099 1281 1112 1303 ,
1163 1239 1309 1310 quod
1351 1240 1779 1296 Carolomannus
1838 1257 1931 1298 rex

331 1335 430 1390 per
476 1322 730 1392 praecepti
777 1323 1160 1390 donationem,
1195 1335 1246 1381 et
1277 1344 1571 1397 perennem
1621 1327 1931 1384 firmitatem

331 1411 660 1464 monasterio
687 1418 778 1466 tuo
807 1413 954 1483 quod
984 1413 1037 1466 in
1067 1415 1272 1470 honore
1303 1425 1505 1471 sancta:
1553 1417 1930 1473 Resurrectio-

327 1495 412 1550 nis
441 1497 726 1553 Placentiae
755 1502 1123 1565 construxisti,
1157 1520 1278 1557 cum
1311 1504 1564 1559 omnibus
1593 1507 1929 1577 pertinentiis

328 1585 442 1638 suis
469 1601 572 1656 pro
601 1588 844 1644 remedio
875 1589 1071 1646 animm
1101 1608 1212 1646 sua:
1241 1609 1574 1666 suorumque
1612 1597 1925 1666 predeces-

328 1687 507 1727 sorum
537 1675 894 1742 condonavit;
939 1679 1100 1747 petis,
1133 1678 1241 1733 ﬁlia
1269 1681 1639 1748 dilectissime,
1671 1692 1730 1736 ut
1759 1699 1925 1754 super

329 1763 430 1814 hoc
476 1763 788 1832 apostolicae
835 1766 1173 1821 auctoritatis
1230 1770 1570 1824 sanctionem
1632 1769 1934 1834 ﬁrmemus,
1965 1781 2020 1841 Β

331 1850 564 1921 Ideoque
601 1852 762 1920 justis
810 1854 1160 1923 petitionibus
1210 1857 1314 1910 tuis
1364 1866 1590 1912 eotenus
1631 1859 1927 1930 apostolica

321 1939 638 1994 auctoritate
685 1939 935 1996 effectum
980 1943 1285 2008 annuimus,
1319 1953 1440 1999 uta
1468 1947 1631 2001 modo
1673 1957 1725 2002 et
1767 1948 1926 2002 dein-

322 2042 452 2097 ceps
501 2029 798 2098 supradicti
846 2031 970 2096 loci,
1021 2032 1066 2085 si
1114 2034 1236 2104 quis
1281 2050 1472 2106 regum
1514 2036 1601 2090 vel
1641 2036 1928 2105 cujuslibet

317 2117 600 2184 potestatis
647 2118 809 2172 homo
865 2127 1035 2173 ratam
1067 2129 1118 2175 et
1163 2121 1410 2176 stabilem
1457 2123 1805 2180 donationem
1855 2125 1925 2178 ir-

320 2219 604 2274 rumpere,
658 2214 749 2259 aut
791 2207 1064 2274 alienare,
1117 2225 1211 2264 seu
1272 2211 1568 2282 quamlibet
1615 2212 1924 2267 violentiam

317 2293 609 2347 temerario
638 2309 772 2348 ausu
817 2299 1225 2368 praesumpserit
1255 2297 1477 2368 inferre,
1515 2301 1649 2355 sciat
1679 2317 1738 2355 se
1767 2317 1797 2354 a
1827 2317 1925 2355 no-

317 2389 427 2434 stra
487 2382 866 2439 communione
931 2384 1152 2450 divelli,
1204 2395 1256 2441 et
1302 2388 1654 2442 anathematis
1711 2389 1926 2444 vinculo

317 2469 634 2524 innodatum
665 2487 788 2525 curn
818 2473 1048 2532 Anania.
1081 2482 1133 2528 et
1165 2475 1448 2545 Sapphira,
1483 2485 1535 2530 et
1563 2477 1700 2530 Juda
1747 2478 1919 2532 tradi-

317 2565 434 2612 tore
481 2559 785 2628 portionem
835 2561 1182 2616 nihilominus
1225 2563 1546 2618 habiturum.
1601 2567 1666 2619 Et
1713 2565 1758 2618 si
1806 2567 1922 2622 haac

313 2653 494 2700 nostra
535 2647 684 2714 jussa
731 2649 1051 2704 obedienter
1095 2651 1488 2718 observaverit,
1521 2653 1619 2707 Dei
1661 2653 1911 2724 omnipo-

311 2734 472 2788 tentis
492 2735 944 2804 benedictionem,
970 2747 1023 2792 et
1043 2747 1359 2794 sanctorum
1377 2741 1747 2811 apostolorum
1766 2734 1916 2796 Petri

307 2831 359 2876 et
415 2823 567 2877 Pauli
623 2834 896 2880 mereatur
939 2829 1189 2898 accipere
1253 2828 1566 2899 plenissima
1630 2830 1900 2900 largitate.

309 2911 576 2965 Caeterum
597 2915 740 2984 quod
763 2915 830 2968 ad
853 2916 1240 2971 ecclesiasticae
1258 2918 1613 2972 ordinationis
1642 2919 1909 2974 rationem

312 2999 542 3069 pertinet
567 3017 630 3055 ac
659 3003 1038 3073 ministerium,
1073 3005 1128 3058 id
1157 3015 1236 3060 est
1267 3007 1596 3072 chrismatis,
1627 3007 1713 3061 vel
1743 3009 1921 3076 cujus-

1525 303 1874 357 liPISI.()L.I§
1928 302 2019 356 ΕΤ
2065 306 2408 364 DECRETA.

3537 322 3639 372 δὴ

1971 427 2028 487 Α
2047 432 2193 500 quod
2221 447 2372 501 sane,
2407 435 2454 489 si
2481 452 2671 492 verum
2699 447 2800 506 est,
2824 441 2983 496 valde
3013 443 3288 508 miramur,
3312 461 3410 500 vos
3429 460 3460 499 a
3481 461 3640 515 spon-

2042 519 2196 575 sione
2225 536 2391 593 quam
2423 524 2579 578 nobis
2620 525 2844 596 polliciti
2893 530 3043 600 estis,
3077 532 3314 603 quolibet
3356 535 3520 590 modo
3551 532 3637 589 vel

2039 609 2331 666 occasione
2360 611 2500 668 velle
2531 614 2830 672 retrahere.
2866 617 3021 674 Unde
3065 635 3218 676 more
3246 629 3476 692 paterno
3501 621 3638 677 dile-

2039 697 2277 753 ctionem
2325 709 2561 756 vestram
2598 703 2684 758 his
2728 705 2930 760 nostris
2973 708 3284 778 apostolicis
3325 726 3632 776 monemus,

2039 786 2322 842 hortamur
2366 797 2528 861 atque
2567 791 2839 860 jubemus,
2881 794 3144 864 apicibus,
3176 805 3232 852 ut
3261 805 3457 853 vestrae
3501 815 3632 869 pro-
3673 841 3678 850 .

2037 875 2316 932 missionis
2356 893 2630 934 memores
2649 922 2664 944 ,
2699 881 2985 951 prmfatum
3029 884 3306 955 Luponem
3345 886 3633 956 presbyte-

2037 981 2176 1032 rum,
2211 965 2347 1021 sicut
2385 967 2542 1022 vobis
2589 969 2960 1026 commisimus
3007 973 3264 1030 continuo
3294 989 3358 1030 ac
3388 990 3636 1044 presen-

2037 1052 2236 1109 tialiter
2257 1056 2374 1124 jam
2401 1056 2560 1112 dictae
2581 1057 2842 1115 Ecclesiae
2873 1060 3168 1116 antistitem
3198 1062 3462 1117 ordinetis
3488 1063 3636 1134 lnam

2034 1143 2079 1196 si
2111 1143 2270 1198 aliter
2317 1143 2572 1215 feceritis,
2604 1155 2656 1202 et
2685 1155 2795 1201 tam
2839 1148 2966 1214 cito,
3018 1150 3138 1220 ipso
3185 1151 3392 1207 scilicet
3438 1159 3636 1208 vestrae

2033 1231 2390 1288 ordinationis
2417 1233 2462 1306 ⁸]
2493 1234 2646 1289 initio
2676 1251 2773 1292 vos
2803 1253 2832 1290 a
2861 1246 3059 1294 nostra:
3089 1239 3384 1295 voluntatis
3412 1240 3634 1297 decreto

2033 1319 2356 1375 subtrahere
2385 1323 2826 1392 cognoverimus,
2857 1326 3136 1382 canonicis
3175 1328 3630 1392 correctionibus,

2032 1407 2175 1462 velut
2204 1408 2602 1464 inobcdientem
2635 1413 2914 1483 corripere
2955 1414 3262 1470 nullatenus
3295 1416 3598 1484 praetermit

2043 1503 2236 1550 temus.

2785 1627 2890 1682 CC.

2104 1725 2175 1762 AD
2205 1725 2535 1767 ANSPEBTUM
2566 1729 3041 1770 ARCHIEPISCOPUM
3071 1731 3565 1771 MEDIOLANENSEM.

2659 1804 2840 1867 (Anno
2869 1805 3017 1872 879.)

2033 1906 2098 1958 Ut
2132 1907 2357 1982 Romam
2388 1907 2460 1962 ad
2479 1909 2764 1982 synodum
2809 1910 3205 1966 celebrandam
3237 1928 3368 1966 eum
3419 1911 3633 1982 suffra-

2097 1978 2294 2054 ganeis
2325 1979 2572 2054 accedat,
2609 1980 2702 2034 ubi
2730 1980 2794 2034 de
2824 1982 3181 2052 imperatoris
3211 1978 3632 2054 electione—age-

2099 2051 2229 2108 tur;
2255 2047 2418 2124 jubet
2435 2066 2516 2124 ne
2537 2066 2871 2121 quemquam
2904 2047 3108 2124 regem
3157 2052 3431 2124 excipiet,
3465 2047 3633 2107 ante-

2098 2133 2270 2188 quam
2311 2119 2427 2185 ipse
2475 2119 2878 2194 iMperatorem
2906 2119 3175 2190 elegerit:
3205 2119 3323 2178 nisi
3349 2120 3632 2194 paruerit,

2097 2203 2229 2242 eum
2263 2193 2746 2247 arcommunicat.

2095 2293 2572 2350 Reverendissimo
2601 2305 2654 2350 et
2686 2299 3031 2353 sanctissimo
3075 2303 3374 2353 Axsren'ro
3414 2299 3634 2355 archie-

2027 2381 2254 2451 piscOpo
2284 2391 2485 2438 sanctae
2514 2385 2936 2441 Mediolanensis
2965 2386 3246 2442 Ecclesiae.

2095 2468 2324 2537 Quantas
2353 2473 2696 2528 necessitatis
2725 2475 2948 2528 assidue
2979 2475 3398 2530 sustinuerimus
3423 2475 3630 2530 incom-

2022 2557 2205 2624 moda,
2243 2568 2566 2631 quantmquc
2607 2562 3030 2632 perturbationis
3074 2578 3215 2618 nunc
3261 2579 3433 2635 usque
3478 2565 3627 2635 passi

2023 2663 2211 2700 sumus
2241 2656 2293 2702 et
2323 2649 2582 2719 quotidie,
2629 2651 2900 2720 patiamur
2943 2652 3193 2717 adversa,
3236 2651 3626 2707 fraternitatem

2021 2743 2256 2790 vestram
2286 2752 2449 2791 nosse
2481 2737 2602 2793 luce
2629 2739 2826 2794 clarius
2859 2755 2966 2794 non
2999 2743 3318 2811 ignoramus
3343 2759 3354 2794 :
3379 2755 3480 2824 pro
3511 2741 3635 2812 qui-

2021 2823 2122 2878 bus
2152 2823 2406 2878 nimirum
2450 2826 2608 2880 malis
2640 2827 2786 2881 sedis
2817 2827 3130 2897 apostolicae
3159 2828 3230 2882 ab
3263 2823 3496 2883 inimicis
3523 2844 3625 2882 ne-

2020 2911 2197 2990 quiter
2225 2912 2406 2978 illatis,
2427 2931 2522 2984 per
2550 2915 2820 2985 procellas
2843 2923 2896 2970 et
2919 2915 2970 2969 in
2993 2915 3301 2986 periculosa
3330 2916 3500 2970 maris
3533 2915 3626 2972 iti-

2021 3016 2153 3054 nera
2174 3001 2250 3055 ire
2281 3010 2332 3055 et
2363 3001 2698 3058 defensionis
2719 3003 2979 3058 auxilium
3005 3021 3105 3058 nos
3128 3005 3390 3076 quaesisse
3411 3021 3625 3060 mecum

311 3087 438 3142 libet
471 3091 821 3144 sacerdotalis
849 3093 1032 3158 oﬁicii,
1065 3095 1109 3148 si
1141 3095 1430 3166 episcopus
1453 3097 1569 3164 ejus
1597 3097 1702 3152 loci
1734 3096 1916 3168 aliqua

2018 3089 2222 3158 pariter
2251 3089 2420 3144 scitis.
2448 3091 2554 3144 Sed
2578 3091 2701 3162 quia
2726 3093 3023 3146 humanum
3054 3093 3468 3163 praesentialiter
3498 3095 3626 3148 sub-

305 3192 466 3232 causa
515 3179 705 3234 ductus
726 3223 738 3245 ,
771 3189 962 3236 contra
986 3183 1077 3252 jus
1107 3191 1159 3237 et
1192 3184 1573 3239 rectitudinem
1618 3185 1915 3256 quamlibet

298 3267 670 3336 gravationem
716 3277 769 3323 et
811 3271 1214 3342 superpositum
1263 3272 1465 3328 ibidem
1514 3272 1716 3327 inferre
1762 3290 1910 3343 pra:-

300 3356 612 3425 sumpserit,
645 3367 898 3413 cunctum
941 3361 1065 3414 inde
1117 3361 1336 3430 penitus
1367 3361 1720 3416 ordinationis
1741 3361 1831 3429 jus
1859 3368 1911 3416 et

301 3452 619 3514 potestatem
659 3446 884 3516 amittat,
921 3456 973 3502 et
1002 3448 1160 3504 liceat
1191 3449 1240 3504 ei
1271 3449 1362 3520 qui
1393 3448 1668 3520 praefuerit
1716 3465 1909 3531 monaf

299 3532 485 3601 sterio,
511 3549 890 3607 quemcunque
921 3537 1170 3598 voluerit,
1197 3538 1266 3592 ad
1285 3537 1447 3593 totius
1468 3538 1718 3594 ecclesias
1741 3537 1904 3594 ofl‘icil

300 3620 659 3677 ministerium
689 3624 934 3680 invitare.
966 3672 972 3680 ,

371 3710 638 3782 Scriptum
668 3728 767 3784 per
809 3730 1028 3770 manum
1081 3715 1332 3786 Gregorii
1381 3716 1649 3771 scriniarii
1696 3725 1900 3772 sanctae

300 3799 552 3854 Romanae
580 3799 862 3871 Ecclesia,
895 3803 948 3857 in
977 3821 1165 3860 mense
1195 3805 1398 3868 Martio,
1431 3805 1724 3861 indictione
1753 3805 1898 3860 duo-

293 3886 523 3952 decima,
547 3903 603 3941 IV
623 3889 738 3946 Kal.
759 3891 974 3962 Aprilis,
1001 3909 1099 3962 per
1119 3909 1336 3948 manum
1359 3893 1631 3949 Zachariae
1665 3894 1906 3964 episc0pi

301 3985 502 4031 sanctae
532 3979 790 4034 Ecclesiae
822 3983 1145 4052 Anagninae,
1180 3991 1226 4036 et
1259 3982 1650 4037 bibliothecarii
1702 3991 1904 4039 sancte

301 4065 447 4119 sedis
476 4068 822 4136 apostolicae,
865 4086 1024 4133 anno,
1077 4072 1192 4124 Deo
1237 4071 1504 4141 pr0pitio,
1558 4070 1904 4140 pontificatus

294 4151 499 4208 domini
541 4156 710 4209 nostri
751 4158 974 4211 Joannis
1020 4159 1215 4212 summi
1266 4159 1538 4229 pontificis
1581 4166 1634 4212 et
1680 4159 1902 4212 univer-

291 4241 420 4296 salis
451 4258 607 4313 papae
633 4245 749 4298 VIII
788 4246 1018 4316 septimo
1049 4247 1102 4300 in
1132 4263 1317 4302 mense
1353 4247 1559 4304 Martio.
1595 4247 1888 4301 indictione

295 4326 634 4384 duodecima.

970 4439 1206 4494 CXCIX.

627 4541 696 4580 AD
737 4544 1006 4583 ROMANUM
1047 4542 1540 4582 ARCHIEPISCOI’UI.

902 4619 1081 4688 (Anno
1113 4620 1261 4677 879;)

327 4705 391 4760 Ut
423 4706 701 4777 Luponem
733 4707 1118 4778 presbyterum
1141 4709 1204 4762 in
1236 4705 1576 4764 Surccnnati
1611 4706 1894 4760 Ecclesia.-

783 4796 1102 4868 episcopum
1137 4797 1380 4852 ordinet.

355 4899 833 4955 Reverendissimo
855 4910 904 4956 et
928 4903 1271 4956 sanctissimo
1294 4901 1547 4956 confratri
1571 4908 1754 4954 nostro
1778 4901 1884 4954 Ro-

287 5002 441 5042 MANO
471 4989 879 5060 archiepiscopo
909 5000 1112 5046 sancta:
1143 4989 1474 5046 Ravennatis
1502 4989 1784 5044 Ecclesiae.

359 5077 635 5132 Relatione
657 5081 1014 5150 quorumdam
1035 5079 1398 5150 comperimus
1417 5077 1559 5148 quod
1582 5094 1704 5132 eum
1727 5094 1886 5150 quem

286 5164 442 5220 vobis
472 5166 830 5222 ordinandum
862 5169 1177 5238 episcopum
1212 5176 1411 5222 sanctae
1439 5165 1756 5220 Sarcennati
1787 5168 1890 5220 Ec-

281 5253 482 5308 clesize.
543 5256 817 5327 Luponem
877 5257 1124 5312 videlicet
1189 5255 1555 5310 venerabilem
1603 5255 1889 5324 presbyte-

277 5343 414 5396 rium
445 5343 508 5416 [/'.
543 5345 718 5399 deost.
757 5346 1174 5417 mandavimus],
1208 5344 1509 5415 postposito
1547 5351 1752 5397 nostrae
1787 5359 1888 5397 vo-

275 5431 491 5485 luntatis
525 5442 570 5487 et
602 5434 863 5500 jussionis
911 5435 1178 5499 mandato,
1213 5447 1538 5489 consecrare
1586 5439 1889 5500 pmtponﬂ-

277 5520 366 5583 tis,
404 5522 497 5575 sed
531 5523 693 5576 alium
727 5539 823 5594 pro
852 5540 917 5578 eo
947 5524 1175 5596 cupiatis
1206 5521 1550 5576 nihilominus
1583 5519 1840 5572 ordinare
1869 5538 1880 5572 :

343 5720 365 5748 α
400 5681 547 5730 Uncis
571 5681 752 5732 inclusa
778 5683 1017 5747 supplevit
1046 5696 1103 5732 ex
1133 5683 1251 5733 edit.
1281 5685 1421 5736 Rom.

2017 3176 2213 3230 sidium
2247 3193 2352 3232 non
2385 3179 2706 3248 reperimus,
2737 3179 2980 3234 divinum
3012 3189 3068 3235 ut
3096 3181 3276 3250 potius
3316 3196 3624 3252 quaeramus

2017 3265 2400 3337 communique
2448 3275 2572 3323 voto
2618 3277 2676 3322 ut
2722 3283 2755 3322 a
2802 3268 3035 3324 Domino
3079 3269 3408 3341 ﬂagitemus,
3455 3268 3624 3325 frater

2015 3353 2108 3422 mi,
2141 3369 2368 3409 necesse
2399 3364 2500 3410 est.
2535 3356 2764 3427 Propter
2793 3357 2940 3428 quod
2978 3357 3276 3412 fraternum
3321 3357 3621 3412 sanctitatis

2014 3450 2211 3497 vestrm
2241 3443 2534 3510 collegium
2565 3444 2650 3497 his
2679 3445 2882 3500 nostris
2909 3446 3220 3516 apostolicis
3249 3445 3441 3501 litteris
3468 3462 3619 3501 more

2012 3547 2409 3600 praecessorum
2454 3541 2760 3588 nostrorum
2809 3549 3088 3599 vocamus,
3118 3543 3170 3589 et
3201 3535 3254 3588 in
3285 3534 3616 3590 consortium

2012 3629 2215 3674 nostra:
2246 3620 2623 3676 sollicitudinis
2654 3622 2953 3693 apostolica
2995 3623 3254 3678 duntaxat
3301 3621 3616 3678 auctoritate

2011 3709 2360 3775 asciscimus;
2393 3718 2444 3764 et
2473 3710 2628 3781 quasi
2677 3711 2978 3767 membrum
3009 3710 3175 3782 capiti
3205 3728 3304 3766 suo
3333 3712 3615 3767 adhaerens

2008 3796 2076 3851 ad
2107 3797 2382 3853 Kalendas
2413 3798 2576 3853 Maias
2607 3799 2766 3868 hujus
2809 3799 3144 3856 duodecima:
3187 3799 3496 3855 indictionis
3545 3799 3613 3854 ad

2014 3887 2302 3958 synodum,
2330 3887 2620 3943 auxiliante
2652 3888 2904 3951 Domino,
2931 3889 3214 3944 nobiscum
3242 3888 3616 3944 celebratur-os

2007 3991 2129 4030 cum
2159 3976 2440 4041 omnibus;
2473 3975 2830 4050 suﬁ'raganeis
2853 3979 3048 4032 vestris
3076 3978 3349 4048 episcopis
3379 3978 3606 4032 Romam

2008 4065 2192 4118 venire
2216 4065 2490 4132 jubemus,
2515 4073 2570 4118 ut
2598 4065 2835 4134 superba
2864 4067 3038 4136 gratia
3064 4065 3185 4120 freti
3209 4110 3222 4130 ,
3275 4081 3340 4120 ea
3368 4081 3490 4136 quae
3518 4081 3615 4120 ne-

2006 4152 2242 4204 cessario
2263 4161 2386 4204 sunt
2409 4153 2741 4220 amputanda
2761 4152 3130 4208 ecclesiastico
3159 4169 3477 4208 resecemus
3497 4169 3612 4208 mu-

2005 4253 2199 4304 crone;
2255 4247 2305 4293 et
2355 4255 2476 4310 quae
2526 4238 2726 4292 utiliter
2766 4249 2890 4293 sunt
2949 4240 3237 4294 statuenda
3294 4239 3605 4305 communi,

2002 4327 2118 4380 Deo
2150 4326 2402 4396 pr0pitio,
2432 4326 2718 4382 statuimus
2739 4327 2994 4392 decreto;
3027 4344 3095 4383 ne
3126 4345 3225 4398 per
3245 4337 3482 4383 vestram
3513 4327 3610 4382 ab-

2003 4415 2252 4469 stentiam
2283 4424 2444 4487 atque
2475 4415 2743 4472 desidiam
2775 4433 3002 4488 regnum
3024 4417 3127 4472 hoc
3151 4417 3384 4488 amplius
3403 4416 3458 4470 in
3479 4433 3604 4486 per-

1921 4491 2299 4559 Dturbatione
2331 4504 2579 4575 persistat
2619 4515 2668 4560 et
2703 4505 2793 4560 ﬁat
2840 4505 3156 4562 scandalum
3197 4505 3354 4576 pejus
3396 4505 3600 4576 priore.

1997 4592 2065 4645 Et
2108 4592 2234 4663 quia
2263 4593 2710 4658 Carolomannus,
2761 4594 3030 4665 corporis,
3083 4593 3223 4650 sicut
3270 4593 3595 4660 audivimus,

2004 4681 2445 4738 incommoditate
2493 4692 2780 4754 gravatus,
2831 4699 3058 4756 regnum
3102 4683 3336 4738 retinere
3360 4682 3472 4751 jam
3501 4697 3604 4738 ne-

1990 4770 2126 4843 quit,
2156 4780 2213 4825 ut
2243 4772 2312 4826 de
2341 4771 2466 4826 novi
2489 4771 2553 4843 [/2
2574 4774 2729 4829 deest
2748 4771 3202 4859 electioueJ_regis
3228 4787 3420 4826 omnes
3449 4770 3597 4842 pari-

1988 4867 2070 4914 ter
2101 4860 2533 4924 consideremus,
2559 4877 2658 4915 vos
2677 4861 2938 4932 praedicto
2959 4861 3154 4915 adesse
3175 4868 3420 4930 tempore
3439 4860 3596 4916 valde

1991 4957 2206 5018 oportet
2239 4967 2252 5003 :
2286 4957 2339 5002 et
2369 4949 2491 5004 ideo
2535 4962 2696 5004 antea
2739 4949 2946 5004 nullum
2992 4949 3202 5020 absque
3243 4957 3432 5004 nostro
3463 4966 3598 5006 con-

1992 5051 2154 5090 sensu
2187 5053 2370 5109 regem
2403 5037 2612 5092 debetis
2643 5037 2906 5108 recipere.
2939 5038 3080 5092 Nam
3111 5037 3229 5109 ipse
3259 5037 3348 5110 qui
3376 5055 3407 5093 a
3436 5039 3597 5094 nobis

1992 5133 2073 5179 est
2115 5125 2444 5180 ordinandus
2477 5127 2528 5179 in
2559 5126 2866 5196 imperium,
2900 5141 2933 5180 a
2962 5127 3120 5182 nobis
3161 5127 3397 5198 primum
3436 5135 3600 5200 atque

1992 5213 2332 5284 potissimum
2353 5215 2512 5268 debet
2531 5231 2654 5268 esse
2674 5223 2897 5270 vocatus
2919 5224 3082 5286 atque
3099 5215 3324 5282 electus,
3341 5217 3599 5290 quoniam

1993 5313 2041 5356 «ιι
2077 5318 2174 5355 nos
2204 5319 2307 5354 una
2337 5319 2459 5356 cum
2493 5310 2674 5356 vestra
2727 5303 3056 5358 fraternitate
3101 5305 3348 5375 cupimus
3387 5315 3598 5376 pertra-

1993 5399 2140 5444 ctare
2169 5399 2219 5443 et
2249 5391 2317 5443 de
2351 5391 2448 5443 hoe
2481 5399 2532 5444 el
2565 5408 2672 5461 quo
2703 5400 2891 5446 tenore
2941 5393 3025 5445 vel
3059 5395 3245 5448 ordine
3276 5410 3598 5450 communes

1993 5494 2186 5533 causas
2217 5488 2267 5532 et
2297 5479 2549 5532 utilitates
2573 5480 2932 5534 Ecclcsi'trum
2961 5481 3054 5537 Dei
3086 5483 3240 5538 nobis
3271 5481 3592 5538 connuissa-

1998 5584 2116 5622 rum
2150 5566 2466 5622 ordinamus
2497 5576 2548 5620 et
2573 5569 2696 5639 jure
2727 5569 2985 5625 canocico
3030 5579 3326 5627 statuamus
3359 5589 3372 5624 :
3404 5579 3598 5643 quate-
