4160 6308
1055 441 1234 498 CCIV.

838 541 911 584 AD
949 539 1207 586 CAROLUM
1244 541 1451 589 non.

967 623 1147 690 (Anno
1179 621 1330 691 879.)

347 707 624 764 Hortatur
651 713 717 764 ut
740 711 946 782 legatos
967 711 1178 772 mittat,
1203 713 1262 765 et
1279 713 1340 765 in
1361 712 1652 767 auxilium
1682 713 1945 768 Ecclesia:

570 806 576 812 ·
773 809 800 830 ο
889 785 1154 838 Romanae
1177 782 1390 836 veniat.

419 869 646 925 Canono
675 871 814 943 regi.

419 958 642 1030 Regalis
668 961 1003 1016 excellentiae
1031 969 1228 1016 vestrae
1264 959 1476 1015 litteras
1505 961 1828 1032 recipientes
1858 970 1946 1017 at-

346 1046 456 1120 que
484 1048 812 1120 relegentes,
845 1057 901 1104 ut
927 1050 981 1106 in
1006 1065 1072 1105 eo
1088 1049 1232 1121 quod
1250 1059 1409 1106 antea
1428 1058 1618 1105 nostro
1635 1050 1950 1121 praesulatui

258 1183 276 1192 -
347 1136 643 1201 direxistis,
675 1145 860 1193 vestro
891 1138 1141 1194 videlicet
1173 1154 1357 1194 amore
1391 1139 1788 1211 dilectioneque
1826 1155 1948 1194 ma-

349 1239 622 1294 neremus,
657 1242 767 1281 non
796 1227 994 1292 solum,
1029 1235 1086 1281 ut
1108 1227 1220 1295 jam
1249 1227 1380 1282 olim
1420 1229 1724 1292 retulimus,
1761 1245 1950 1283 verum

347 1313 510 1368 etiam
541 1316 720 1385 magis
747 1331 810 1371 ac
839 1316 1014 1387 magis
1045 1325 1250 1370 nostra;
1279 1315 1566 1372 voluntatis
1596 1315 1850 1372 aﬁ‘ectum
1883 1317 1952 1372 ad

349 1412 542 1458 vestire
581 1404 960 1460 exsultationis
1004 1405 1278 1460 cumulum
1323 1406 1584 1476 ampliare
1614 1421 1952 1478 magnopere

345 1492 617 1564 cupimus,
651 1501 812 1565 atque
842 1493 898 1548 in
927 1494 1176 1548 omnibus
1205 1510 1303 1549 ceu
1351 1495 1730 1549 charissimam
1777 1493 1947 1550 filium

347 1596 446 1636 vos
495 1581 727 1636 retinere
781 1583 971 1654 procul
1027 1583 1193 1636 dubio
1237 1591 1573 1654 satagemus.
1625 1583 1852 1638 Tantum
1897 1592 1954 1638 ut

347 1685 458 1741 quo
477 1669 730 1734 celerius,
754 1671 892 1726 sicut
911 1670 1228 1737 mandastis,
1248 1681 1462 1727 vestros
1479 1672 1706 1726 idoneos
1729 1673 1940 1746 legatos

347 1757 416 1812 ad
445 1773 545 1813 nos
588 1758 830 1831 dirigere
877 1760 1133 1830 potestis,
1181 1760 1518 1832 aliquatenus
1561 1775 1668 1815 non
1713 1769 1938 1831 pmter—

348 1846 612 1912 mittatis;
644 1863 766 1902 cum
815 1848 1012 1920 quibus
1061 1864 1194 1903 sane
1238 1857 1291 1904 et
1333 1849 1713 1904 exultationem
1745 1858 1947 1906 sanctae

350 1935 498 1990 sedis
527 1936 858 2006 apostolicae,
892 1945 946 1991 et
974 1937 1132 1992 istius
1147 1946 1303 1992 terrm
1324 1937 1573 2004 salutem,
1599 1947 1950 2010 vestrumque

345 2025 609 2080 hoaorem
639 2025 932 2096 proﬂigare
973 2025 1037 2098 [f.
1081 2026 1439 2099 investigare]
1489 2027 1948 2098 considerareque

346 2111 660 2171 firmissime
708 2113 969 2169 valemus.
1022 2116 1090 2170 Et
1145 2115 1269 2170 ideo
1313 2124 1512 2171 vestra;
1559 2115 1948 2188 magnitudinis

349 2201 581 2274 gloriam
614 2203 964 2258 exhortamur
989 2211 1050 2258 ut
1076 2205 1476 2277 praecingentes
1509 2205 1664 2276 quasi
1697 2203 1779 2259 vir
1802 2204 1950 2259 lum-

353 2291 454 2346 bos
485 2299 624 2357 tuos,
657 2299 710 2346 et
737 2292 992 2362 potentias
1023 2293 1121 2347 Dei
1153 2293 1372 2349 brachio
1410 2294 1670 2348 adversus
1699 2293 1950 2349 inimicos

350 2380 724 2450 potentissime
755 2381 1013 2445 roborati,
1041 2381 1154 2450 jam
1185 2382 1286 2452 ipsi
1318 2383 1502 2436 venire
1531 2398 1638 2436 non
1655 2381 1945 2448 dubitetis;

352 2468 606 2540 quoniam
665 2468 710 2521 si
769 2476 927 2524 tanta:
983 2469 1302 2524 calamitatis
1371 2485 1722 2540 pressuram,
1785 2485 1949 2542 quam

349 2566 540 2613 sancta
570 2558 808 2612 Romana
837 2565 1010 2612 mater
1037 2567 1222 2612 vestra
1249 2559 1493 2614 Ecclesia
1525 2568 1577 2614 et
1603 2558 1774 2630 ipsius
1803 2568 1947 2612 terra

349 2645 586 2718 quotidie
616 2646 686 2700 ab
713 2641 948 2700 inimicis
967 2647 1183 2716 patitur,
1217 2648 1636 2720 cognovissetis,
1660 2647 1948 2702 nobiscum

353 2735 538 2806 utique
566 2735 770 2806 pariter
799 2735 1076 2790 doleretis.
1109 2734 1466 2807 Quapropter,
1501 2735 1576 2790 fili
1608 2735 1944 2797 charissime.

348 2832 639 2895 antequam
697 2823 1040 2880 inimicorum
1097 2812 1308 2879 insidiae
1381 2825 1504 2895 plus
1569 2834 1949 2880 accrescentes

347 2913 702 2984 praevaleant,
734 2921 976 2969 nostram
1008 2913 1352 2969 devotionem
1375 2923 1538 2986 atque
1553 2915 1838 2969 consilium
1857 2915 1948 2985 pio

349 3002 545 3056 intuitu
577 3002 856 3058 attendere
875 3001 1022 3057 nullo
1051 3003 1215 3057 modo
1242 3003 1526 3065 desinatis,
1551 3004 1648 3058 sed
1677 3019 1829 3058 more
1860 3019 1950 3074 pa-

349 3099 567 3146 rentum
595 3099 902 3146 vestrorum
949 3097 1023 3146 ea'
1063 3107 1184 3162 quae
1238 3093 1556 3147 necessaria
1595 3100 1719 3146 sunt
1767 3091 1945 3158 nobis,

349 3179 733 3236 instantissime
761 3181 1058 3254 peragatis,
1093 3181 1217 3252 quia
1247 3181 1419 3236 nostri
1447 3181 1782 3251 apostolatus
1804 3181 1944 3235 ulnis
1973 3173 2022 3236 C

349 3268 578 3324 extentis
607 3268 858 3324 alacriter
885 3269 1139 3340 amplecti
1185 3269 1430 3342 regalem
1479 3269 1824 3341 praesentiam
1854 3285 1947 3324 ve-

351 3367 524 3412 stram
551 3357 940 3414 desideramus.
971 3357 1150 3412 Tertio
1178 3359 1364 3414 Nonas
1389 3358 1605 3430 Aprilis,
1630 3359 1818 3414 indict.
1842 3372 1942 3413 xu.

1071 3465 1223 3520 CCV.

751 3568 823 3609 ΑΙ)
863 3569 1163 3612 \VIBERTUM
1201 3570 1527 3610 EPISCOPUM.

968 3644 1148 3713 (Anno
1177 3647 1324 3715 879.)

352 3735 552 3808 Arguit
568 3750 697 3808 eum
717 3733 858 3808 quod
877 3731 959 3788 bis
976 3739 1204 3808 vocatus
1223 3733 1296 3789 ad
1307 3751 1365 3790 se
1379 3736 1568 3790 venire
1590 3737 1910 3808 neglexerit
1927 3758 1945 3805 ,-

519 3806 777 3878 prcecip‘tt
807 3809 871 3860 ut
902 3806 1094 3860 veniat
1123 3807 1348 3874 objectis
1379 3806 1772 3878 responsurus.

423 3893 903 3951 Reverendissimo
919 3901 970 3948 et
994 3893 1332 3949 sanctissimo
1352 3893 1630 3950 Wwan'ro
1653 3897 1947 3953 venerabili

355 3983 630 4055 episcopo.

425 4073 542 4128 Jam
586 4071 728 4127 enim
778 4071 1045 4126 sanctitati
1093 4079 1198 4126 tuae
1233 4072 1316 4126 bis
1355 4073 1603 4128 misimus
1649 4084 1705 4130 ut
1752 4076 1816 4130 ad
1849 4093 1947 4131 nos

352 4163 586 4228 venires,
621 4161 718 4216 sed
745 4161 1064 4233 ignoramus
1087 4175 1194 4232 qua
1221 4162 1523 4217 temeritate
1546 4179 1651 4218 non
1681 4165 1906 4220 obedias
1930 4186 1943 4231 ;

355 4252 658 4323 iterumque
714 4249 973 4304 mittimus
1028 4258 1104 4314 ut,
1165 4251 1416 4303 omnibus
1465 4252 1570 4304 tuis
1624 4255 1946 4322 posthabitis

353 4341 528 4408 seriis,
588 4340 657 4395 ad
714 4355 813 4394 nos
872 4339 1286 4408 praesentialiter
1341 4341 1634 4407 acceleres,
1697 4343 1946 4413 quoniam

353 4431 508 4486 multi
541 4445 707 4500 supra
735 4438 785 4484 te
817 4423 1137 4493 reclam‘ant,
1171 4428 1403 4483 maxime
1443 4429 1530 4484 hic
1559 4447 1725 4486 senex
1756 4432 1847 4502 qui
1878 4433 1948 4486 ob

356 4521 461 4578 hoc
484 4521 596 4588 jam
624 4520 848 4575 Romam
877 4518 1020 4573 venit
1051 4533 1153 4588 pro
1183 4533 1282 4572 suo
1304 4520 1652 4574 monasterio.
1679 4520 1942 4576 Caeterum
1969 4535 2019 4595 υ

357 4610 555 4680 sapias,
587 4608 633 4662 si
663 4608 846 4662 venire
875 4607 1172 4668 distuleris,
1205 4616 1258 4662 te
1281 4609 1880 4675 excommunicandum,
1908 4613 1953 4666 si

355 4697 729 4771 perseveraris
771 4697 822 4751 in
873 4706 960 4751 tua
1011 4696 1074 4768 [Γ.
1119 4697 1273 4752 deest
1321 4697 1699 4771 obstinatione]
1731 4700 1891 4755 etiam
1921 4718 1953 4756 a

359 4788 738 4845 communione
768 4787 1133 4842 alienandum.
1169 4787 1301 4840 Data
1332 4793 1400 4841 ut
1425 4805 1614 4860 supra.

1059 4901 1236 4956 CCVI.

741 5007 812 5046 AD
852 5006 1249 5046 BERENGARIUM
1289 5007 1555 5046 COMI'I'EM.

973 5082 1153 5151 (Anno
1186 5080 1334 5150 879.)

356 5176 622 5232 Declarat
651 5190 810 5228 suam
843 5172 905 5226 in
937 5187 1064 5224 eum
1095 5171 1558 5234 beneuolentiam,
1593 5173 1953 5228 commendat

429 5248 552 5318 ejus
599 5261 731 5318 erga
778 5245 1086 5318 Romanam
1141 5242 1449 5318 Ecclesiam
1497 5243 1952 5318 obseruantiam;

429 5314 590 5388 rugat
609 5314 675 5371 ut
694 5315 1042 5388 Stephanum
1073 5314 1390 5388 episcopum
1421 5315 1480 5367 in
1516 5316 1742 5369 tuendis
1770 5317 1955 5370 Eccle-

431 5385 531 5445 siae
556 5404 671 5443 suae
689 5385 916 5458 juribus
941 5385 1187 5456 adjuvet.

431 5477 642 5533 Dilecto
669 5474 780 5530 ﬁlio
808 5475 1170 5529 Benexcamo
1199 5472 1439 5546 glorioso
1470 5473 1671 5530 comiti.

1509 321 1862 379 EPISTOLE
1919 319 2008 382 ΕΤ
2061 327 2404 385 DECRETA.

1974 448 2030 514 Α
2059 443 2072 450 ’
2119 448 2256 523 Quia
2285 463 2654 524 precessores
2684 465 2920 523 nostros,
2965 472 3156 520 saeros
3184 461 3436 521 videlicet
3463 465 3646 537 penti-

3547 350 3646 402 826

2043 537 2195 603 ﬁces,
2228 540 2520 608 imitantes,
2573 544 2664 616 qui
2695 543 2966 617 gloriosos
3013 551 3391 624 progenitores
3443 561 3650 610 vestros

2044 628 2228 702 dignis
2258 647 2474 702 semper
2503 633 2797 688 honoribus
2845 635 3308 708 gloriﬁcaverunt.
3341 657 3440 697 vos
3485 644 3644 714 quasi

2045 717 2303 772 dilectum
2334 728 2386 773 et
2417 721 2712 791 spiritalem
2741 722 2910 778 filium
2941 734 3167 796 paterno
3188 729 3434 798 cupimus
3453 729 3648 785 aﬂ'ectu

2047 805 2278 878 diligere
2337 817 2389 863 et
2443 809 2747 882 gloriosum
2803 813 2856 868 in
2913 815 3164 870 omnibus
3207 818 3460 874 retinere.
3509 820 3646 874 Nam

2049 894 2188 950 sicut
2214 911 2318 967 per
2345 898 2608 954 Demeum
2651 901 2907 956 eximium
2954 903 3148 958 ducem
3197 914 3248 960 ct
3279 904 3494 962 ﬁdelem
3543 923 3648 963 no-

2050 992 2222 1039 strum
2252 986 2410 1042 nobis
2426 986 2726 1045 intimando
2745 991 3062 1059 mandastis,
3083 994 3229 1065 quod
3253 1011 3386 1068 erga
3409 1006 3648 1052 sanctam

2052 1073 2236 1128 sedem
2280 1076 2633 1146 apostolicam
2680 1086 2732 1133 et
2780 1089 3020 1135 nostram
3060 1083 3442 1152 paternitatem
3467 1099 3564 1139 vos
3593 1085 3648 1140 in

2050 1159 2303 1217 omnibus
2329 1163 2509 1219 devoti
2531 1174 2582 1219 et
2604 1165 2920 1222 obedientes
2941 1185 3064 1225 esse
3086 1170 3381 1237 deberetis,
3405 1187 3652 1228 omnem-

2053 1265 2158 1320 que
2211 1259 2451 1307 nostram
2505 1254 2831 1311 voluntatem
2889 1258 3042 1330 quasi
3098 1257 3242 1314 filius
3299 1261 3648 1316 charissimus

2053 1338 2447 1409 adimpleretis,
2477 1343 2705 1396 multum
2727 1343 2924 1399 fuimus
2944 1347 3118 1418 gavisi
3153 1366 3166 1402 :
3201 1349 3296 1402 sed
3315 1350 3442 1420 quia
3455 1349 3647 1404 iterum

2051 1441 2152 1495 per
2184 1427 2394 1482 Petrum
2425 1432 2789 1486 venerabilem
2821 1434 3136 1506 episcopum
3173 1445 3227 1491 et
3263 1437 3527 1492 Joannem
3560 1438 3650 1494 in-

2055 1515 2268 1588 signem
2299 1515 2492 1574 ducem
2522 1520 2677 1575 vobis
2706 1523 3101 1590 mandavimus,
3137 1533 3194 1579 ut
3212 1525 3488 1595 adjutores
3517 1526 3648 1582 fuis-

2055 1604 2185 1658 setis
2235 1605 2508 1677 Stephano
2543 1610 2844 1664 venerabili
2905 1613 3190 1684 episcOpo,
3243 1631 3405 1686 quem
3449 1631 3549 1670 nos
3593 1616 3650 1670 in

2055 1693 2331 1750 Comiaclo
2370 1698 2879 1766 prmordinavimus,
2915 1709 3178 1772 quatenus
3222 1712 3406 1759 vestro
3450 1703 3650 1760 auxilio

1976 1812 2030 1872 Β
2055 1781 2271 1850 adjutus
2300 1783 2560 1841 Ecclesiae
2576 1787 2824 1856 sumjura
2837 1799 2889 1844 et
2899 1791 3278 1860 possessiones
3299 1800 3457 1864 atque
3477 1792 3648 1864 ipsius

2051 1885 2240 1925 curam
2271 1872 2500 1928 ducatus
2530 1876 2787 1931 retineret
2817 1895 3066 1944 securus,
3105 1888 3156 1934 et
3201 1889 3380 1936 vestro
3426 1881 3650 1937 minime

2047 1959 2354 2015 audivimus
2411 1962 2650 2032 adjutum
2707 1982 2830 2021 esse
2887 1967 3105 2036 auxilio,
3155 1967 3317 2024 valde
3365 1968 3642 2025 miramur.

2049 2045 2397 2120 Quapropter
2427 2067 2688 2124 rogamus
2736 2055 3071 2112 nobilitatem
3121 2065 3268 2112 tuam
3307 2067 3363 2112 ut
3405 2058 3508 2114 tale
3533 2059 3648 2128 jam

2047 2135 2194 2192 dicto
2223 2139 2480 2210 episcOpo
2511 2151 2700 2198 nostro
2729 2143 3055 2212 adjutorium
3102 2145 3329 2215 faciatis,
3363 2163 3463 2218 per
3503 2147 3646 2219 quod

2047 2241 2202 2280 suam
2262 2228 2564 2284 Ecclesiam
2620 2239 2670 2286 et
2717 2232 3075 2288 ministerium
3138 2233 3241 2289 sibi
3295 2235 3648 2291 commissum

2049 2315 2314 2369 securiter
2344 2318 2578 2374 retinere
2609 2328 2771 2392 atque
2800 2321 3090 2392 disponere
3119 2323 3312 2379 valeat.
3333 2325 3402 2378 Et
3422 2325 3468 2378 si
3489 2323 3643 2389 forte,

2047 2403 2191 2474 quod
2223 2420 2330 2459 non
2378 2409 2670 2475 credimus,
2705 2419 2888 2464 vestra
2936 2419 3018 2465 est
3061 2411 3200 2467 circa
3249 2428 3349 2466 nos
3397 2412 3648 2468 voluntas

2048 2499 2277 2561 mutata,
2309 2502 2365 2547 ut
2397 2497 2584 2551 audire
2613 2513 2714 2552 nos
2743 2499 2812 2553 de
2843 2500 2947 2556 hoc
2985 2515 3094 2554 non
3138 2500 3370 2570 cupiatis
3403 2502 3640 2571 petimus

2048 2587 2106 2633 ut
2135 2596 2230 2650 pro
2260 2597 2449 2638 amore
2479 2585 2581 2640 Dei
2608 2595 2660 2640 et
2692 2595 2876 2642 nostro
2905 2603 3100 2643 omnes
3147 2597 3357 2646 vestros
3399 2587 3649 2652 homines

2045 2669 2381 2736 prohibeatis
2411 2673 2646 2744 aliquam
2677 2675 2750 2730 ibi
2781 2676 2982 2730 nostris
2999 2676 3430 2734 contrarietatem
3445 2675 3646 2744 facere,

2046 2764 2104 2811 ut
2157 2758 2364 2831 absque
2411 2761 2628 2817 illorum
2684 2763 3074 2834 impedimento
3128 2766 3286 2822 nobis
3326 2766 3450 2822 illos
3493 2765 3651 2822 liceat

2049 2847 2352 2903 secundum
2380 2859 2622 2906 nostram
2671 2853 3088 2923 possibilitatem
3139 2854 3432 2927 castigare,
3483 2854 3648 2910 veluti

2047 2933 2280 2990 rebelles
2309 2946 2362 2992 et
2413 2938 2786 2996 inobedienles
2831 2951 3028 2998 nostrae
3069 2943 3382 3013 apostolicae
3417 2941 3651 3013 jussioni

2047 3039 2117 3079 ne
2146 3040 2392 3092 censum,
2425 3046 2584 3100 quem
2618 3031 2699 3083 his
2728 3031 2884 3086 anuis
2914 3032 3201 3088 transactis
3222 3032 3433 3087 duobus
3454 3031 3649 3087 exinde

2053 3115 2411 3183 perdidimus,
2443 3125 2496 3172 et
2524 3118 2682 3173 istius
2709 3119 2836 3174 anni
2865 3121 3180 3190 perdamus.
3207 3121 3345 3176 Data
3365 3123 3433 3176 ut
3449 3136 3642 3194 supra.

2727 3261 2932 3318 CCVII.

2438 3383 2512 3424 AD
2531 3383 2940 3426 PANDENULFUH
2985 3385 3254 3427 CONITEM.

2668 3475 2850 3545 (Anno
2879 3479 3030 3547 879.)

2047 3581 2221 3650 Rogat
2240 3585 2307 3635 ut
2324 3582 2440 3653 lega
2450 3582 2522 3638 tis
2538 3581 2897 3654 imperatoris
2911 3586 3144 3656 perejus
3161 3586 3442 3656 regionem
3456 3589 3645 3640 trans-

2116 3671 2286 3724 ituris
2301 3673 2589 3727 auxilium
2619 3676 2846 3742 praestet
2879 3692 2898 3740 ;
2927 3673 3183 3730 condolet
3213 3675 3278 3730 de
3295 3689 3647 3747 paganorum

2117 3759 2180 3812 in
2210 3775 2340 3814 eum
2365 3763 2691 3817 incursione
2713 3765 2986 3818 :ezcusat
3015 3779 3094 3824 se,
3115 3779 3219 3818 cur
3244 3763 3318 3820 ad
3353 3779 3486 3820 eum
3530 3775 3646 3818 non

2120 3852 2250 3903 eat:
2300 3849 2563 3905 hortatur
2609 3854 2675 3906 ut
2709 3853 2785 3906 sit
2821 3853 3014 3906 animo
3045 3854 3205 3924 forti,
3266 3853 3645 3924 promititque

2119 3937 2452 3994 subsidium.

2118 4044 2330 4098 Dilecto
2359 4044 2476 4100 viro
2509 4047 2877 4101 PANDENULFO
2898 4047 3140 4119 glorioso
3169 4047 3349 4103 comiti
3387 4056 3430 4100 ³.

2120 4131 2439 4201 Multiplices
2459 4133 2721 4187 nobilitati
2752 4143 2945 4190 vestrae
2982 4135 3066 4188 his
3091 4135 3290 4189 nostris
3320 4135 3644 4205 praesulatus

2046 4217 2290 4289 apicibus
2323 4220 2527 4292 gratias
2573 4221 2805 4294 agimus,
2859 4223 2951 4292 qui
3007 4231 3240 4276 vestram
3297 4222 3644 4278 devotionem

2046 4316 2208 4379 atque
2239 4307 2604 4374 dilectionem,
2638 4327 2797 4382 quam
2829 4320 3027 4366 nostra
3067 4309 3355 4366 voluntatis
3401 4325 3647 4382 praecep-

2047 4397 2114 4450 tis
2143 4399 2383 4468 parendo
2404 4397 2658 4454 alacriter
2685 4400 3018 4461 ostendistis.
3053 4401 3108 4454 in
3149 4400 3404 4456 omnibus
3461 4400 3644 4454 since-

2051 4503 2164 4540 ram
2209 4495 2261 4541 et
2307 4487 2651 4542 obedientem
2695 4488 2807 4544 fore
2850 4489 3228 4545 incunctanter
3271 4489 3638 4560 agnoscimus,

2052 4591 2174 4632 cum
2219 4585 2544 4646 praesentem
2603 4579 2743 4634 hunc
2812 4579 3065 4634 Graecum
3126 4577 3422 4649 imperialis
3477 4577 3642 4645 bajuli

2053 4665 2327 4720 hominem
2357 4667 2558 4720 nostris
2577 4666 2850 4722 direxistis
2871 4667 3149 4722 obtutibus
3203 4665 3644 4737 prmsentandum

2052 4755 2398 4810 incolumem.
2433 4755 2540 4810 Sed
2572 4755 2698 4827 quia
2740 4755 3050 4826 imperiales
3080 4755 3368 4820 missi,ceu
3408 4754 3646 4826 inipsius

2054 4844 2219 4912 bajuli
2249 4844 2555 4914 reperimus
2610 4845 2820 4913 litteris,
2869 4861 2971 4915 per
3019 4861 3117 4899 vos
3177 4843 3450 4898 transituri
3498 4850 3642 4909 sunt,

2056 4942 2321 5004 quatenus
2348 4934 2418 4988 ad
2447 4943 2684 4988 nostram
2735 4933 3086 5004 apostolicam
3139 4933 3490 5004 praesentiam
3546 4949 3646 4989 ve-

2054 5023 2224 5087 niant,
2257 5023 2490 5094 petimus
2521 5023 2856 5078 nobilitatem
2913 5031 3150 5078 vestram
3204 5031 3260 5077 ut
3309 5039 3408 5094 pro
3460 5029 3646 5078 nostro

2050 5129 2236 5169 amore
2275 5121 2326 5169 et
2377 5113 2527 5182 ipsos
2573 5121 2780 5166 vestros
2838 5111 3039 5167 auxilio
3088 5113 3321 5168 munitos
3360 5127 3642 5183 prospero,

2051 5211 2322 5257 annuente
2339 5202 2584 5267 Domino,
2603 5201 2762 5256 nobis
2783 5201 2973 5256 itinere
2995 5201 3264 5274 dirigatis.
3285 5200 3442 5270 Quod
3467 5210 3648 5256 autem

2052 5292 2334 5362 multiplici
2357 5307 2699 5363 paganorum
2725 5289 3038 5346 incursione
3069 5307 3166 5346 vos
3186 5299 3444 5362 gravatos
3493 5307 3644 5346 asse-

2052 5381 2171 5436 ritis
2204 5381 2580 5444 cendolemus,
2609 5379 2843 5435 maxime
2873 5380 3000 5452 quia
3041 5381 3209 5436 vestri
3251 5380 3506 5436 concives
3535 5378 3644 5434 cir-

2055 5486 2378 5542 cunquaque
2408 5470 2569 5542 positi
2587 5486 2710 5526 cum
2731 5469 2939 5526 eisdem
2966 5470 3288 5542 perditionis
3315 5467 3439 5524 ﬁliis
3471 5466 3646 5523 fosdus

427 5611 449 5636 ⁸
499 5603 670 5655 Comiti
709 5603 972 5664 Capuam,
1018 5602 1072 5649 ut
1135 5613 1198 5650 ex
1265 5599 1467 5663 epistola
1533 5600 1632 5650 209
1680 5603 1888 5650 constat.
1919 5601 2034 5662 Ejus
2077 5598 2300 5650 meminit
2325 5599 2422 5649 Leo
2466 5598 2517 5648 in
2563 5597 2806 5650 Chronico
2852 5597 3166 5656 Cassinensl,
3209 5595 3294 5644 lib.
3347 5607 3382 5656 ι,
3421 5603 3532 5656 cap.
3555 5594 3640 5642 45.
