4160 6324
565 272 667 325 827

1844 266 2143 322 JOANNIS
2198 267 2390 321 ΡΑΡΔΞ
2454 267 2590 322 VIII.

3765 270 3871 323 838

559 393 697 448 inire
727 402 1011 465 procurant
1048 410 1062 446 :
1095 392 1453 464 quamobrem
1477 399 1716 446 nostram
1759 390 1843 445 his
1874 389 2072 446 vestris
2099 390 2155 445 in
2188 389 2465 456 Adevoti,
2512 399 2566 446 et
2607 406 2674 447 ea
2716 406 2837 464 qum
2889 391 3045 449 vobis
3091 390 3244 447 utilia
3305 390 3392 445 vel
3438 390 3686 461 proﬁcua
3742 406 3870 448 esse

556 481 803 554 partibus
831 481 1149 537 necessario
1187 481 1537 552 praesentiam
1566 478 1958 553 praestolamini
2007 476 2135 535 adfu
2155 509 2169 520 -

558 579 754 627 turam.
789 571 904 627 Nos
961 585 1114 633 vero.
1174 570 1318 626 sicut
1371 568 1703 641 jampridem
1759 566 2165 635 mandavimus,

553 674 654 730 pro
685 659 964 716 communi
1005 659 1265 715 duntaxat
1302 657 1534 714 utilitate
1592 664 1761 728 atque
1806 655 1980 712 salute
2017 644 2168 712 omni

554 747 757 804 annixu
787 747 976 804 venire
1004 762 1346 822 magnopere
1387 746 1654 818 cupimus,
1713 744 1966 817 quamvis
2014 750 2068 800 et
2096 743 2168 803 de

555 836 777 894 assidua
805 837 1058 908 corporis
1086 834 1527 892 incommoditate
1573 841 1627 888 et
1658 833 1728 888 de
1774 840 2000 904 peracto
2049 831 2166 902 jam

552 924 800 981 Francia
829 925 1022 981 itinere
1049 925 1225 981 adhuc
1255 919 1980 979 maneamusdefessi.Nunc
1996 920 2167 993 igitur

553 1022 683 1069 ante
706 1013 1090 1085 praedictorum
1120 1011 1483 1084 imperialium
1515 1009 1807 1065 missorum
1863 1009 2160 1065 adventum

553 1100 682 1157 illuc
712 1117 1010 1173 properare
1040 1100 1325 1172 nequimus
1355 1118 1371 1164 ;
1397 1115 1522 1156 cum
1552 1113 1685 1154 vero
1705 1113 1890 1154 eorum
1919 1097 2157 1171 legatio-

550 1206 678 1247 nem
707 1190 867 1247 nobis
897 1190 1130 1246 delatam
1159 1189 1440 1261 congruis,
1481 1189 1598 1244 Deo
1625 1186 1861 1258 propitio
1892 1227 1907 1254 ,
1933 1201 2158 1258 respon-

552 1278 797 1336 sionibus
825 1287 1034 1334 utentes
1063 1277 1416 1342 audierimus,
1450 1285 1579 1332 tunc
1610 1274 1739 1349 quid
1769 1275 1954 1330 utilius
1990 1291 2160 1349 agen-

551 1367 679 1425 dum
711 1368 781 1422 sit
806 1383 906 1439 pro
935 1367 1140 1422 viribus
1167 1382 1334 1438 agere
1390 1365 1611 1421 omnino
1667 1363 2002 1420 curabimus.
2048 1363 2158 1419 Vos

549 1463 737 1513 tamen
777 1456 832 1511 in
852 1455 1086 1512 Domino
1115 1453 1453 1512 conﬁdentes
1468 1452 1652 1508 animo
1669 1460 1843 1508 estote
1861 1453 2152 1521 constanti,

549 1544 638 1616 qui
672 1560 778 1601 non
808 1543 1017 1601 deserit
1073 1543 1412 1601 conﬁdentes
1440 1542 1495 1598 in
1524 1557 1605 1608 se,
1637 1548 1695 1597 ut
1723 1541 1866 1597 inter
1926 1550 2157 1598 caeteros

552 1641 765 1689 vestros
790 1632 1070 1704 proximos
1106 1642 1277 1707 latque
1315 1631 1523 1688 vicinos
1566 1628 1896 1686 efﬁcaciores
1939 1644 2007 1686 ac
2051 1646 2159 1702 po-

2275 477 2549 545 videntur,
2581 477 2751 536 alacri
2772 479 3029 537 duntaxat
3082 486 3264 535 mente
3308 476 3596 551 perﬁcere.
3640 494 3743 536 nec
3771 496 3876 551 pro

2265 567 2449 640 aliquo
2490 567 2712 625 homine
2752 577 2995 626 vestram
3048 567 3206 625 nobis
3251 567 3501 625 dilectam
3572 567 3872 625 amicitiam

2266 655 2663 729 relinquamus,
2699 657 2799 715 sed
2824 657 2918 729 pio
2943 657 3128 730 potius
3155 655 3349 712 intuitu
3374 656 3432 712 in
3460 656 3714 714 omnibus
3742 673 3872 714 con-

2267 759 2489 800 servare
2535 744 2780 802 illiesam.
2834 745 2919 802 De
2953 753 3107 818 parte
3158 753 3336 801 autem
3391 745 3690 816 spiritualis
3740 745 3869 804 ﬁliae

2263 841 2464 889 nostrae
2492 833 2862 907 Angelbergm
2879 832 3267 902 imperatricis,
3289 833 3632 891 charissima:
3672 836 3870 892 matris

2264 928 2479 988 vestrm,
2527 936 2628 993 pro
2698 929 2851 979 certo
2897 921 3063 979 citote
3122 920 3381 993 quoniam
3434 929 3666 992 paterno
3738 938 3867 981 eam

2261 1007 2461 1066 ati‘ectu
2500 1024 2720 1082 semper
2772 1009 3084 1076 dileximus,
3135 1018 3191 1067 et
3242 1010 3509 1082 quandiu,
3564 1011 3861 1071 auxiliante

2261 1099 2516 1166 Domino,
2565 1098 2884 1167 vixerimus,
2944 1098 3178 1172 diligere
3218 1106 3518 1171 nostroque
3559 1101 3865 1171 apostolico

2262 1186 2509 1245 subsidio
2527 1187 2789 1258 adjuvare
2817 1187 3068 1260 tuerique
3102 1202 3438 1260 magnopere
3461 1187 3865 1256 desideramus.

2261 1291 2473 1333 necnon
2510 1284 2566 1332 et
2592 1275 2753 1349 quasi
2809 1275 3189 1334 charissimam
3235 1283 3291 1333 et
3343 1275 3645 1347 spiritalem
3692 1276 3864 1335 ﬁliam

2256 1363 2556 1437 gloriosius
2586 1365 2846 1421 retinere.
2878 1365 3049 1421 Porro
3084 1364 3154 1421 de
3180 1371 3379 1421 vestrae
3423 1365 3719 1422 voluntatis
3764 1383 3861 1425 ao-

2259 1453 2428 1520 tione,
2472 1468 2636 1525 quam
2668 1453 2876 1510 'dicitis
2928 1453 3208 1518 exhibere,
3268 1468 3369 1509 nos
3418 1452 3538 1509 sine
3584 1454 3752 1512 dubio
3807 1457 3861 1513 in

2258 1549 2447 1598 vestra
2467 1540 2705 1598 amicitia
2738 1549 3050 1599 constantes
3094 1540 3382 1596 habebitis.
3412 1541 3496 1597 De
3515 1551 3670 1612 parte
3719 1561 3859 1616 quo-

2261 1645 2368 1702 que
2423 1629 2707 1687 Adelberti
2762 1629 2993 1702 gloriosi
3064 1629 3415 1696 marchionis,
3485 1644 3584 1686 seu
3626 1631 3859 1691 Rutildie

547 1721 715 1778 tiores
782 1721 838 1776 in
919 1721 1174 1778 omnibus
1235 1719 1562 1793 appareatis,
1637 1717 1892 1790 quoniam
1965 1727 2153 1774 nostro
2175 1748 2228 1809 Β
2258 1712 2552 1809 comitissas
2587 1713 3008 1809 conjugisejus,
3032 1720 3359 1809 cognoscat
3384 1712 3643 1809 nobilitas
3680 1724 3862 1774 vestra

547 1809 848 1880 apostolico
872 1825 972 1866 vos
1014 1810 1291 1882 praesidio,
1335 1817 1492 1880 prout
1539 1813 1904 1878 opportunum
1961 1805 2141 1872 fuerit,

551 1897 707 1970 quasi
725 1898 1078 1955 eharissimos
1106 1897 1247 1955 ﬁlios
1271 1895 1664 1968 adjuvabimus.
1701 1895 1834 1949 Data
1868 1899 1935 1951 ut
1951 1912 2144 1968 supra.

1209 2023 1440 2080 CCVIII.

655 2125 728 2164 AD
755 2126 1240 2179 ABCHIEPISCOPOS,
1272 2128 1572 2176 EORUHQUE
1596 2127 2047 2170 SUFPBAGA‘SEOS.

1163 2203 1345 2272 (Anno
1375 2205 1525 2275 879.)

548 2288 627 2343 Ne
657 2289 1041 2345 Bicbertinum
1074 2294 1208 2346 ante
1249 2307 1437 2347 causa:
1456 2293 1866 2348 discussioncm
1927 2304 2147 2344 excom-

1187 2363 1502 2419 municent.

617 2465 1107 2521 Reverendissimis
1135 2475 1190 2522 et
1217 2468 1574 2522 sanctissimis
1629 2466 1996 2524 conti-utribus
2036 2479 2144 2520 uo-

544 2552 690 2623 stris,
723 2556 1050 2610 Aunnuazvo
1079 2565 1132 2610 et
1164 2555 1536 2622 ONERAHNO,
1570 2571 1782 2613 necnon
1802 2564 1858 2612 et
1884 2557 2139 2610 THaono-

544 2656 690 2709 meo,
726 2649 781 2696 et
811 2641 1081 2698 universis
1109 2644 1455 2716 coepiscopis
1484 2645 1704 2701 vestris.

613 2728 871 2786 Omnium
901 2739 1142 2788 vestrum
1172 2731 1444 2788 sanctitati
1481 2742 1669 2788 notum
1715 2749 1839 2789 esse
1895 2731 2144 2788 volumus

542 2817 758 2872 venisse
786 2817 1172 2885 Bicbertiuum,
1212 2819 1551 2876 deferentem
1610 2821 1955 2891 imperatoris
2002 2835 2143 2891 prea-

542 2913 758 2976 ceptum
780 2914 834 2961 et
863 2907 1301 2964 commutationis
1330 2908 1628 2965 chartulam
1663 2909 1735 2964 de
1787 2908 1952 2965 rebus
2008 2923 2145 2979 quas

541 2993 755 3050 citerius
775 3009 897 3051 eum
928 2997 1122 3052 Amulo
1150 2997 1566 3068 archiepiscopo
1589 2997 1793 3053 dudum
1829 2997 2144 3052 celebrave-

543 3090 684 3138 runt.
722 3084 951 3156 lnsuper
996 3093 1184 3140 nostro
1234 3085 1553 3157 apostolatui
1601 3085 1869 3141 intimavit
1916 3093 1973 3140 ut
2015 3100 2143 3140 cum
2170 3103 2221 3168 Ο

542 3171 660 3228 sine
689 3172 898 3228 ratione
925 3173 1174 3230 discussa
1221 3173 1698 3231 excommunicare
1757 3173 1940 3230 vultis.
1997 3173 2144 3243 Qua-

537 3269 764 3332 propter
799 3262 1097 3333 apostolica
1125 3264 1444 3319 auctoritate
1466 3264 1723 3333 jubemus
1749 3271 1809 3318 ut
1851 3279 2016 3320 nemo
2039 3279 2138 3319 ve-

540 3358 711 3404 strum
728 3365 855 3406 eum
881 3351 1334 3420 excommunicet,
1353 3361 1644 3424 antequam
1665 3352 1735 3407 ad
1750 3351 1892 3425 legis
1908 3367 2138 3408 examen

538 3437 840 3508 proveniat.
875 3438 1097 3507 Scitote,
1131 3440 1590 3512 quemadmodum
1619 3441 1676 3495 in
1701 3441 2000 3497 centesimo
2047 3455 2139 3496 ca-

536 3526 705 3598 pitulo
734 3526 978 3585 Africani
1006 3527 1224 3585 concilii
1256 3528 1477 3602 legitur,
1499 3528 1752 3586 similiter
1777 3529 1835 3584 in
1894 3529 2138 3587 secundo

539 3615 877 3671 novellarum
906 3616 1196 3673 Iustiniani
1225 3617 1399 3685 libro,
1432 3627 1490 3673 ut
1518 3634 1682 3675 nemo
1721 3618 2015 3690 episcopus
2047 3626 2139 3673 aut

536 3703 826 3774 presbyter
851 3704 1087 3776 aliquem
1118 3707 1553 3763 excommunicet
1607 3715 1900 3778 antequam
1967 3721 2139 3763 causa

537 3791 816 3860 probetur.
850 3791 954 3861 Qui
985 3793 1486 3850 excommunicatus
1514 3795 1782 3864 majorem
1796 3795 2138 3863 sacerdotem

534 3878 714 3944 adeat,
737 3888 792 3936 et
822 3880 930 3936 illm
958 3881 1050 3952 qui
1094 3881 1292 3950 injuste
1329 3882 1843 3948 excommunicavit,
1896 3883 1968 3938 ab
2014 3883 2137 3954 ipso

528 3967 674 4037 juste
700 3969 953 4040 patiatur.
990 3970 1058 4026 Et
1085 3985 1248 4026 nemo
1288 3980 1549 4039 vestrum,
1581 3979 1673 4028 aut
1708 3971 1935 4045 quilibet
1962 3971 2136 4027 laico-

537 4073 654 4113 rum
683 4058 914 4130 praefati,
946 4076 1038 4114 res
1074 4067 1199 4115 ante
1280 4060 1424 4135 legis
1474 4061 1813 4118 sanctionem
1871 4061 2135 4118 invadere

531 4146 914 4214 audeat.Nam,
947 4149 1095 4221 quod
1116 4163 1227 4205 non
1265 4150 1556 4215 credimus,
1575 4151 1621 4206 si
1650 4150 1978 4223 quiscontra
1992 4151 2134 4209 hanc

534 4243 778 4291 nostram
833 4237 1190 4308 apostolicam
1248 4238 1624 4294 auctoritatem
1683 4238 1762 4295 ire
1820 4240 2131 4305 tentaverit,

534 4323 669 4379 sciat
708 4341 766 4378 se
812 4326 1176 4383 anathematis
1237 4326 1452 4382 vinculo
1499 4327 1832 4383 innodatum.
1886 4328 2024 4384 Data
2069 4333 2135 4384 ut

536 4428 728 4484 supra.

1239 4519 1424 4575 CCIX.

992 4621 1066 4662 AD
1094 4621 1353 4663 ΒοεοΝΕυ
1385 4623 1630 4663 COMI'I'EU
1637 4651 1648 4662 .

1147 4696 1328 4766 (Anno
1356 4699 1506 4766 879.)

535 4793 610 4846 Dc
650 4793 927 4849 incolumi
958 4795 1082 4865 ejus
1108 4791 1485 4865 prosperitate
1515 4795 1849 4865 gratulatur
1870 4812 1883 4849 :
1906 4811 1965 4851 se
2004 4799 2128 4852 tum

602 4878 752 4936 cum,
799 4868 922 4919 tum
968 4862 1369 4936 Augétbergam
1425 4862 1849 4936 imperatricem
1927 4867 2126 4923 charos

601 4933 800 5005 habere
823 4935 1110 5000 ostendit;
1140 4933 1299 5005 rogat
1334 4939 1397 4990 ut
1419 4933 1710 4992 Adclberto
1741 4941 1796 4991 et
1826 4937 2125 4994 illiuscon-

593 5002 722 5080 ,ἰαθῇ
753 5005 988 5060 Rotilda:
1033 5004 1175 5080 bona
1190 5002 1313 5076 (iure
1337 5006 1399 5062 in
1415 5007 1709 5078 provincia
1736 5009 2120 5080 possederant,

601 5077 849 5130 retinere
869 5076 1192 5148 permittat.

604 5179 816 5236 Dilecto
844 5178 956 5234 ﬁlio
979 5180 1191 5236 Bosoxt
1219 5181 1464 5253 glorioso
1479 5183 1730 5256 principi.

598 5269 739 5339 Quia
768 5268 961 5324 litteris
990 5269 1280 5326 nobilitatis
1309 5281 1505 5328 vestrm
1552 5272 1788 5342 reiectis,
1823 5290 1925 5330 vos
1972 5275 2122 5331 inco-

528 5358 703 5414 l'umes
743 5373 867 5413 cum
905 5366 1088 5426 Optata
1146 5361 1507 5431 prOSperitate
1560 5361 1748 5434 vigere
1806 5363 2116 5429 didicimus,

526 5445 816 5518 plurimum
848 5463 1036 5502 sumus
1064 5447 1364 5506 lmtieﬂ'ccti
1396 5468 1411 5515 ;
1443 5465 1569 5506 nam
1600 5459 1797 5507 vestrm
1811 5451 2120 5510 dilectionis

527 5550 713 5592 amore
725 5536 1020 5608 apostolica
1043 5553 1263 5612 semper
1282 5538 1532 5610 cupimus
1553 5539 1887 5614 benignitate
1897 5557 2118 5604 manere

2161 4465 2214 4525 Ι)

2255 1801 2405 1874 quod
2424 1801 2583 1858 vobis
2600 1803 2662 1858 in
2693 1802 2946 1859 omnibus
2975 1800 3169 1858 ﬁdeles
3185 1809 3239 1857 et
3266 1800 3497 1857 devotos
3532 1802 3742 1861 amicos
3762 1822 3858 1863 eos

2246 1904 2371 1946 esse
2402 1891 2788 1962 cognoscimus
2820 1910 2835 1958 ;
2861 1891 2986 1947 ideo
3013 1905 3274 1963 rogamus
3303 1897 3362 1944 ut
3391 1905 3581 1947 eorum
3600 1893 3855 1950 comitata

2247 1971 2305 2035 in
2333 1979 2615 2050 provincia
2641 1979 2842 2052 posita,
2872 1979 3013 2036 sicut
3025 1979 3139 2048 jam
3166 1987 3415 2050 tempore
3445 1978 3612 2053 longo
3654 1989 3852 2039 tenue-

2248 2077 2389 2137 runt,
2415 2069 2487 2123 ita
2515 2067 2780 2140 deinceps
2823 2084 2925 2140 pro
2954 2076 3146 2125 nostro
3202 2082 3395 2123 amore
3444 2069 3708 2129 securiter
3760 2072 3859 2127 ha-

2245 2155 2429 2214 beant.
2460 2158 2727 2234 Optamus
2762 2157 2997 2229 gloriam
3017 2163 3253 2212 vestram
3282 2171 3429 2212 nunc
3447 2165 3504 2212 et
3540 2173 3762 2230 semper
3796 2160 3851 2217 iu

2242 2244 2457 2301 Christo
2484 2260 2708 2302 manere
2735 2254 3078 2318 perpetuam.
3100 2245 3243 2300 Data
3271 2248 3339 2300 ut
3355 2261 3551 2318 supra.

2967 2333 3126 2391 CCX.

2331 2437 2405 2479 AD
2434 2437 2841 2479 LIUD’I‘BFRIDUI
2874 2437 3141 2491 ΟΟΠΙΤΕΜ,
3174 2436 3418 2477 EIUSDEM
3446 2438 3759 2481 CONHIGEII.

2848 2514 3031 2584 (Anno
3061 2513 3210 2577 s79.)

2307 2600 2780 2664 Excommunicat
2806 2617 2919 2668 eos,
2954 2603 3085 2675 quia
3105 2607 3415 2663 mouialem
3428 2605 3782 2663 monasterio

2898 2699 3233 2764 rapuerant.

2316 2777 2694 2833 Lwnraratno
2723 2779 2906 2835 comiti
2939 2789 2992 2836 et
3021 2782 3241 2857 conjugi
3269 2800 3403 2840 sum.

2315 2863 2453 2933 Quia
2473 2873 2665 2922 contra
2705 2866 2890 2923 divina
2929 2877 2982 2924 et
3017 2868 3203 2943 legum
3230 2880 3505 2945 praecepta
3560 2873 3845 2929 temerarie

2240 2969 2408 3024 agere
2438 2969 2545 3009 non
2588 2955 2902 3023 erubuistis,
2936 2957 3011 3014 ita
3066 2967 3145 3023 ut,
3205 2960 3415 3017 calcato
3472 2961 3574 3016 Dei
3628 2961 3845 3026 timore,

2244 3040 2609 3097 Garelendam
2632 3059 2794 3100 sacro
2826 3045 3094 3102 velamine
3113 3056 3333 3119 tectam,
3364 3049 3497 3104 etin
3513 3049 3846 3105 monasterio

2243 3130 2833 3203 Angelbergaadilectaa
2849 3132 2974 3190 ﬁlia:
2987 3143 3188 3193 nostrae
3208 3137 3569 3209 imperatricis
3581 3141 3847 3212 Augusta

2242 3218 2343 3274 sub
2388 3218 2730 3290 professione
2778 3223 3020 3296 regulari
3072 3225 3378 3282 diutissime
3439 3235 3841 3299 conversatam,

2241 3307 2390 3381 quod
2417 3307 2706 3366 Placentim
2733 3310 2894 3367 situm
2927 3321 3028 3378 est,
3076 3314 3399 3371 abstrahere
3451 3313 3843 3373 fraudulentis-

2241 3395 2380 3451 sima
2427 3396 2688 3454 suasione
2744 3399 2865 3454 ausi
2923 3399 3136 3459 fueritis
3167 3423 3182 3469 ;
3213 3403 3403 3459 tandiu
3457 3412 3509 3459 te
3584 3413 3840 3478 tuamque

2239 3485 2535 3558 conjugem
2564 3487 2887 3544 auctoritate
2911 3491 3084 3548 sancti
3114 3491 3349 3565 Spiritus
3399 3491 3619 3550 Domini
3657 3493 3832 3549 nostri

2238 3588 2272 3628 a
2299 3588 2527 3645 corpore
2584 3582 2636 3631 et
2678 3577 2941 3650 sanguine
2997 3579 3217 3636 Domini
3246 3580 3418 3636 nostri
3447 3581 3583 3637 Jesu
3633 3581 3833 3636 Christi

2238 3677 2581 3734 separamus,
2642 3672 2697 3720 et
2753 3682 2784 3720 a
2839 3668 3116 3725 consortio
3155 3669 3593 3740 Christianitatis,
3651 3671 3828 3726 donec

2236 3749 2555 3821 praedictam
2585 3751 2840 3810 feminam
2893 3755 3265 3828 Garelindam,
3297 3758 3421 3816 loco
3447 3759 3592 3815 unde
3616 3759 3828 3833 degan-

2236 3840 2428 3907 nastis,
2451 3841 2773 3899 restituatis.
2791 3842 2953 3913 Quod
2982 3846 3030 3901 si
3061 3847 3165 3903 hoc
3204 3847 3573 3921 neglexeritis,
3607 3849 3832 3905 anathe-

2235 3928 2396 3983 matis
2418 3944 2516 3983 vos
2544 3931 2775 3987 vinculis
2804 3933 3146 3991 innodamus.
3182 3937 3318 3992 Data
3340 3941 3405 3993 ut
3419 3953 3613 4011 supra.

2930 4023 3115 4080 CCXI.

2606 4123 2681 4164 ΑΙ)
2710 4125 3034 4168 ακεαοιιιυι
3064 4127 3447 4171 PRIMICEBIL’H.

2848 4202 3028 4269 (Anno
3057 4203 3207 4272 879.)

2237 4283 2734 4361 Commendatch
2761 4288 3158 4361 studiumerga
3169 4292 3479 4348 Ecclesium
3507 4297 3564 4348 et
3582 4295 3827 4361 impera-

2304 4358 2474 4436 tores;
2485 4357 2770 4436 signiﬁcat
2784 4376 2841 4415 se
2856 4362 2946 4436 ad_
2959 4357 3606 4436 Constantinapolitamz
3638 4357 3826 4436 Eccle-

2300 4428 2402 4504 sia
2416 4429 2838 4504 pertubationes
2849 4431 3126 4504 sectandas
3143 4428 3413 4504 paratum
3423 4450 3565 4490 esse:
3577 4435 3827 4491 ostendit

2300 4498 2662 4579 imperatoris
2679 4501 2886 4579 togatos
2907 4498 3210 4579 honoriﬁce
3220 4521 3278 4579 se
3291 4510 3822 4579 “captarumque:

2302 4569 2478 4649 etiam
2502 4587 2539 4625 α
2561 4569 2763 4649 comite
2796 4573 3059 4649 Capuam
3078 4569 3325 4648 recipiet
3354 4569 3500 4632 ad'se
3531 4569 3821 4649 mittijam

2300 4643 2474 4696 antea
2503 4642 2830 4699 mandarat.

2299 4745 2508 4802 Dilecto
2528 4747 2646 4804 viro
2667 4748 2960 4807 Gnncoato
3000 4752 3245 4825 glorioso
3264 4753 3596 4827 primicerip,
3640 4765 3694 4811 et
3720 4756 3821 4812 im-

2227 4833 2420 4904 periali
2452 4835 2647 4905 bajulo.

2299 4923 2514 4979 Litteris
2545 4924 2668 4994 tuis,
2700 4940 2839 4998 quas
2882 4928 3040 4986 nobis
3093 4945 3194 5003 per
3243 4931 3574 5002 Stephanum
3628 4934 3813 4990 candi-

2226 5011 2411 5066 datum
2428 5010 2645 5069 ﬁdelem
2665 5021 2814 5070 tuum
2829 5016 3092 5083 direxisti,
3124 5018 3362 5086 reiectis,
3383 5021 3687 5077 devotionis
3705 5031 3810 5080 tua:

2225 5099 2595 5157 sinceritatem
2624 5113 2678 5159 et
2702 5103 2883 5172 ﬁdem,
2913 5123 3079 5179 quam
3097 5108 3246 5165 circa
3264 5109 3570 5166 Ecclesium
3628 5112 3727 5168 Dei
3757 5121 3810 5167 et

2223 5188 2650 5261 gloriosissimos
2676 5193 3034 5266 imperatores
3054 5197 3224 5253 habes
3252 5201 3814 5272 Augustos,enuclea-

2224 5277 2328 5333 tius
2355 5290 2739 5352 agnoscentes,
2771 5284 3067 5355 plurimum
3125 5287 3509 5344 collaudamus.
3568 5290 3638 5345 Et
3692 5289 3816 5346 ideo

2222 5367 2394 5422 sacris
2421 5370 2753 5425 orationibus
2783 5373 3006 5444 nostris,
3033 5375 3172 5432 sicut
3209 5376 3443 5447 supplici
3471 5386 3598 5434 voto
3628 5388 3814 5449 postu-

2220 5454 2361 5523 laeti,
2414 5458 2645 5514 Domino
2710 5464 3092 5520 commendare
3134 5473 3273 5521 utet
3331 5481 3364 5521 a
3420 5466 3722 5523 visibilibus
3763 5477 3815 5524 et

2220 5543 2581 5606 invisibilibus
2639 5565 2894 5625 securus,
2955 5567 3021 5608 ac
3077 5552 3251 5608 victor
3309 5554 3529 5615 existas.
3590 5557 3810 5613 omnino
