4160 6306
305 303 408 355 829

316 511 414 567 Dei
442 508 724 583 paciﬁcari
753 507 974 575 volenti,
1005 524 1108 565 nos
1131 516 1190 564 ut
1217 508 1398 564 favere
1426 509 1727 565 debeamus
1777 510 1910 564 hor-

314 599 466 668 taris,
517 598 574 654 id
616 598 766 667 juxta
814 597 988 654 nostri
1031 596 1192 653 ofﬁcii
1239 597 1612 670 magisterium
1659 605 1913 670 prompta

315 688 579 743 duntaxat
607 699 777 760 agere
808 686 1082 742 voluntate
1112 685 1371 741 divinitus
1398 686 1566 754 adjuti
1611 702 1864 742 curamus
1895 704 1910 751 ;

316 775 593 848 quoniam,
641 770 855 830 dicente
899 775 1178 845 Apostolo,
1227 773 1593 830 Ecclesiarum
1643 775 1741 830 Dei
1796 791 1915 830 om-

313 865 462 920 nium
491 863 651 918 nobis
689 862 996 919 sollicitudo
1039 863 1320 918 incumbit.
1373 861 1716 934 Quapropter
1760 879 1914 919 more

311 953 778 1024 praedecessorum
809 959 1122 1006 nostrorum
1149 949 1490 1022 pontiﬁcum,
1523 951 1913 1006 Constantino-

310 1041 606 1114 politanam
656 1039 960 1095 Ecclesium
1006 1039 1394 1110 multiplicibus
1447 1040 1722 1096 scandalis
1768 1055 1913 1097 nunc

308 1131 696 1202 perturbatam,
738 1137 896 1200 prout
947 1129 1154 1198 justum
1221 1137 1307 1184 est
1382 1136 1546 1201 atque
1626 1129 1912 1200 possibile,

307 1219 500 1274 sedare
555 1217 822 1282 volumus,
862 1224 916 1272 et
970 1231 1165 1288 pacem
1248 1225 1570 1288 perpetuam
1649 1217 1908 1273 stabilire-

307 1308 575 1362 Prmterea
605 1304 768 1378 legati
799 1304 1136 1375 imperiales,
1169 1321 1306 1376 quos
1335 1305 1404 1360 ad
1453 1315 1644 1360 nostra
1693 1315 1916 1377 aposto-

304 1395 406 1451 lica
438 1394 652 1467 fastigia
679 1393 818 1450 dicis
841 1409 965 1449 esse
992 1393 1250 1461 directos,
1285 1395 1329 1450 si
1360 1395 1632 1462 venerint,
1686 1411 1916 1466 compe-

307 1483 438 1538 tenti
465 1498 497 1537 a
525 1482 682 1537 nobis
715 1481 1049 1553 recipientur
1076 1483 1304 1550 honore,
1339 1491 1391 1537 et
1419 1483 1776 1558 Augustalem
1813 1499 1916 1554 per

302 1587 400 1628 eos
425 1570 584 1626 nobis
598 1569 1173 1643 delatamlegationem
1205 1571 1505 1626 clementer
1544 1571 1910 1643 recipiemus;

305 1667 466 1732 atque
483 1659 656 1731 ipsius
677 1659 971 1732 legationis
993 1667 1196 1714 textum
1226 1668 1280 1714 et
1303 1659 1547 1715 ordinem
1568 1675 1915 1732 cognoscen-

1477 297 1827 352 I'SPISTOLE
1889 298 1975 351 ET
2031 298 2375 353 DECRETA.

310 423 612 478 studemus.
648 421 717 476 Et
745 421 868 492 quia
895 436 1096 495 magno
1124 421 1434 492 imperatori
1464 429 1558 476 tuo
1605 420 1910 478 Ecclesiam
1939 420 2246 492 Aapostoli
2290 421 2724 477 benedictionem
2774 423 3094 478 fraternitati
3135 430 3328 478 vestrae
3372 425 3606 479 manda-
3689 433 3698 438 '

3507 305 3608 354 830

2013 510 2210 570 vimus.
2241 508 2415 579 Quam
2445 509 2678 581 petimus
2698 519 2754 564 ut
2784 525 2884 581 pro
2923 511 3022 565 Dei
3071 521 3124 565 et
3167 511 3336 582 ipsius
3380 521 3604 584 aposto-

2011 597 2190 654 lorum
2219 598 2478 670 principis
2509 613 2698 654 amore
2727 607 3020 671 nostraque
3049 599 3338 656 dilectione
3366 600 3605 674 benigne

2013 686 2308 758 recipiatis,
2358 687 2616 759 quoniam
2660 687 2829 742 nimia
2864 703 3197 760 paganorum
3248 689 3604 760 oppressione

2013 775 2242 848 gravati,
2276 775 2449 847 plura,
2479 785 2537 830 ut
2567 775 2901 845 volebamus,
2932 775 3172 849 dirigere
3187 792 3295 832 non
3310 777 3602 847 potuimus.

2012 864 2290 936 Rogamus
2316 872 2582 936 praeterea
2609 871 2850 919 sanctam
2881 871 3116 919 vestram
3148 863 3204 918 in
3227 863 3458 920 Domino
3485 866 3610 920 eha-‘

2015 953 2226 1006 ritatem
2255 961 2311 1006 ut
2340 953 2394 1007 in
2425 951 2628 1008 sanctis
2655 953 2994 1008 orationibus
3023 953 3219 1007 vestris
3259 953 3426 1008 nostri
3463 970 3606 1008 sem-

2012 1057 2115 1112 per
2169 1056 2443 1095 memores
2498 1041 2812 1106 existentes,
2870 1057 2973 1112 pro
3010 1041 3170 1096 nobis
3227 1055 3422 1112 preces
3473 1044 3604 1096 Jesu

2014 1128 2230 1184 Christo
2257 1129 2490 1185 Domino
2517 1138 2705 1184 nostro
2726 1129 2966 1201 quotidie
2985 1128 3214 1185 fundere
3233 1129 3400 1184 alacri
3423 1130 3604 1185 animo

2013 1217 2332 1290 dignemini,
2365 1218 2647 1274 carissime
2676 1217 2856 1274 frater.
2891 1219 3031 1274 Data
3063 1233 3118 1272 Vl
3145 1218 3334 1274 Nonas
3357 1219 3494 1273 Maii.

2693 1320 2925 1376 CCXIV.

2405 1423 2476 1462 ΑΒ
2505 1424 2957 1465 CAROLOMANNUM
3005 1427 3210 1466 REGEM.

2615 1499 2796 1566 (Anno
2852 1500 3002 1570 879.)

2019 1587 2084 1641 (γε
2113 1586 2175 1638 in
2212 1586 2548 1640 Vercellensi
2564 1587 2826 1658 Ecclesia
2849 1587 3148 1658 Gospertus
3165 1589 3444 1644 Diaconus
3465 1603 3596 1642 cou-

2495 1657 2778 1714 stituatur
2805 1657 3113 1729 episcopus.

302 1757 407 1815 tes,
439 1764 545 1804 una
592 1764 716 1804 cum
757 1747 904 1802 sedis
950 1748 1268 1820 apostolica:
1296 1748 1457 1804 nobis
1481 1749 1789 1805 commissa:
1819 1765 1912 1804 as-
1941 1779 1996 1838 Β
2087 1745 2294 1800 Dilecto
2315 1757 2367 1799 et
2389 1745 2615 1816 spiritali
2636 1745 3184 1802 ﬁIiOCAROLOIANNO
3203 1739 3448 1820 glorioso
3470 1746 3606 1818 regi.

301 1853 486 1903 sensu,
519 1843 774 1909 quantum
801 1835 888 1892 fas
920 1845 1023 1903 est,
1054 1853 1158 1908 pro
1189 1837 1456 1893 Ecclesiae
1487 1838 1588 1894 Dei
1618 1853 1756 1909 pace
1808 1839 1914 1892 im-

298 1926 487 1997 periali
515 1924 778 1980 voluntati
833 1923 1018 1980 favere
1086 1925 1309 1980 omnino
1383 1926 1748 1981 studebimus.
1809 1927 1917 1982 Pro

302 2014 499 2086 quibus
553 2013 716 2068 etiam
771 2013 956 2067 missis
1013 2012 1349 2068 Pandenulfo
1412 2013 1676 2085 Capuano
1730 2014 1916 2070 comiti

304 2101 622 2172 scripsimus
646 2107 702 2155 ut
735 2117 831 2156 eos
859 2101 1143 2156 venientes
1176 2101 1422 2173 recipiat,
1475 2110 1526 2157 et
1575 2115 1674 2174 pro
1717 2111 1910 2157 nostro

300 2205 486 2245 amore
517 2205 784 2261 prospero
838 2190 998 2244 nobis
1045 2189 1258 2256 itinere,
1321 2190 1557 2246 Domino
1613 2199 1906 2246 annuente.

309 2279 550 2350 dirigere
578 2278 809 2334 studeat.
841 2279 998 2334 Nunc
1027 2294 1162 2352 ergo
1187 2279 1353 2334 iidem
1383 2279 1533 2334 missi
1591 2280 1907 2350 przesentia-

303 2367 428 2423 liter
456 2367 681 2422 Romam
711 2367 899 2422 venire
927 2374 1242 2438 procurent,
1279 2356 1404 2440 quia
1433 2383 1534 2422 nos
1565 2366 1686 2422 aliis
1725 2368 1906 2423 causis

302 2455 563 2526 impediti,
619 2455 750 2510 istas
804 2456 858 2510 in
914 2464 1099 2526 partes
1146 2456 1330 2522 modo,
1393 2456 1531 2511 sicut
1577 2456 1901 2528 dispositum

301 2545 604 2608 habuimus,
637 2559 931 2614 preperare
959 2560 1067 2599 non
1101 2557 1413 2616 possumus.
1452 2547 1586 2599 Data
1620 2549 1684 2600 ut
1700 2561 1895 2617 supra.

1000 2669 1210 2724 CCXII.

907 2761 1088 2828 (Anno
1146 2760 1295 2824 s79.)

309 2847 831 2902 Excommunicatio
847 2847 1116 2919 Ausperti
1135 2848 1266 2918 quia
1287 2847 1358 2902 ad
1377 2849 1650 2919 synodum
1667 2851 1895 2902 vocatus

774 2918 966 2973 venire
996 2918 1428 2988 contempserat.

375 3010 696 3076 Anspertum
725 3006 1187 3062 Mediolanensem
1215 3006 1704 3078 archiepiscopum,
1732 3023 1893 3078 quem

300 3095 480 3166 Papia:
513 3095 802 3150 existentes
832 3103 884 3148 et
912 3095 1259 3165 postmodum
1289 3096 1356 3150 ad
1395 3097 1664 3166 synodum
1709 3095 1895 3150 Romae
1919 3131 1970 3193 Ο

298 3199 400 3254 pro
427 3183 606 3237 multis
637 3183 1006 3238 Ecelesiarum
1038 3183 1136 3238 Dei
1167 3184 1580 3238 necessitatibus
1611 3184 1894 3239 collectam

300 3271 630 3337 vocavimus,
663 3288 763 3327 nec
793 3288 889 3342 per
915 3289 974 3326 se
1003 3288 1305 3328 occurrere
1359 3289 1460 3327 nec
1507 3272 1909 3328 excusationem

302 3376 453 3416 suam
486 3361 786 3416 secundum
815 3376 997 3416 sacros
1029 3377 1271 3417 canones
1307 3361 1362 3416 in
1394 3361 1656 3416 tractoria
1704 3361 1908 3432 scripta

301 3449 459 3505 nobis
489 3457 540 3505 et
573 3457 761 3504 sancto
791 3449 1046 3514 concilio,
1081 3465 1250 3505 causa
1280 3449 1600 3505 temeritatis
1629 3457 1682 3506 et
1711 3450 1905 3505 inobe-

301 3537 534 3608 dientize,
568 3538 805 3612 dirigere
855 3538 1151 3605 nolentem,
1202 3539 1400 3595 virtute
1456 3539 1628 3594 sancti
1672 3538 1905 3610 Spiritus

303 3636 355 3682 et
385 3626 690 3698 principum
721 3627 1099 3698 apostolorum
1129 3627 1277 3682 Petri
1317 3643 1382 3684 ac
1413 3627 1582 3694 Pauli,
1615 3637 1906 3700 nostraque

304 3715 644 3780 auctoritate,
685 3732 808 3771 cum
847 3731 1118 3771 consensu
1157 3726 1358 3772 sanctae
1402 3716 1615 3789 synodi,
1671 3732 1904 3788 corpore

304 3811 357 3858 et
396 3803 656 3875 sanguine
701 3804 916 3860 Domini
959 3805 1132 3859 nostri
1173 3807 1301 3860 Jesu
1349 3805 1542 3860 Christi
1599 3805 1901 3877 privamus,

303 3909 584 3964 quousque
615 3909 764 3948 suam
796 3894 950 3948 nobis
981 3895 1326 3964 praesentiam
1350 3895 1607 3949 exhibere
1627 3903 1897 3964 procuret.

313 3981 450 4035 Data
478 3986 542 4036 ut
557 3997 749 4053 supra.

1031 4081 1266 4136 CCXIII.

341 4184 414 4222 AD
441 4183 794 4223 THEODOSIUM
840 4184 1230 4224 PATRIARCHAH
1270 4183 1856 4224 IIIEROSOLYMITANUII.

915 4263 1095 4330 (Anno
1127 4261 1276 4327 879.)

304 4348 554 4423 Excusat
575 4348 801 4403 tardum
833 4349 1144 4423 legatorum
1172 4349 1294 4423 ejus
1318 4349 1590 4416 reditum,
1621 4366 1722 4418 per
1762 4367 1895 4423 quos

377 4419 1114 4490 quwdammunera’adeum
1129 4420 1334 4485 mittit,
1368 4435 1570 4488 rogans
1599 4425 1664 4476 ut
1695 4419 1794 4490 prb
1833 4436 1892 4476 se

377 4489 599 4545 assidue
628 4492 804 4545 Deum
831 4491 1178 4560 deprecetur.

381 4587 853 4642 Reverendissimo
901 4597 951 4643 et
994 4588 1340 4644 sanctissimo
1393 4588 1654 4644 confratri
1718 4599 1904 4644 nostro

307 4676 625 4730 TREODOSIO
656 4678 977 4748 patriarcha:
1020 4687 1217 4732 sanetae
1239 4678 1745 4748 Hierosolymitante
1794 4680 1902 4734 Ec-

307 4765 506 4821 clesiae.

379 4855 578 4909 Notum
601 4871 721 4910 esse
752 4857 1002 4910 volumus
1033 4856 1299 4911 sanctitati
1349 4865 1546 4911 vestrae
1594 4857 1721 4928 quia
1761 4874 1902 4928 prae-

310 4951 490 4998 sentes
517 4945 766 5000 monachi
803 4943 988 5013 vestri,
1031 4945 1370 5000 Theodosius
1407 4943 1680 5007 videlicet,
1733 4947 1903 5000 David

307 5041 361 5086 et
399 5031 556 5100 Saba,
596 5032 876 5088 venientes
926 5033 1152 5088 Romam
1215 5035 1279 5087 ad
1348 5033 1529 5088 limina
1593 5043 1902 5089 sanctorum

309 5121 674 5191 apostolorum
713 5121 856 5177 Petri
894 5130 946 5177 et
999 5122 1171 5191 Pauli,
1214 5123 1478 5178 demorati
1519 5131 1642 5176 sunt
1704 5123 1778 5176 ibi
1837 5139 1903 5178 eo

311 5210 456 5280 quod
487 5226 587 5266 nos
615 5227 717 5281 pro
746 5219 949 5266 nostra;
977 5211 1240 5266 Ecclesiae
1267 5211 1448 5267 causis
1493 5219 1546 5265 et
1585 5211 1903 5266 utilitatibus

309 5298 592 5355 Franciam
623 5315 1060 5370 perrexeramus.
1103 5303 1169 5354 At
1206 5299 1318 5365 ubi,
1361 5300 1476 5356 Deo
1514 5299 1748 5364 volente,
1808 5317 1901 5356 re-

311 5387 451 5442 versi
482 5403 667 5442 sumus
697 5389 1016 5453 incolumes,
1051 5389 1132 5444 eis
1161 5388 1228 5443 ad
1262 5397 1492 5442 vestram
1522 5389 1900 5458 paternitatem

310 5477 620 5531 revertendi
669 5477 940 5533 licentiam
990 5477 1262 5541 dedimus,
1305 5493 1404 5548 per
1443 5493 1580 5549 quos
1620 5477 1897 5542 nimirum,

311 5579 472 5619 causa
503 5564 794 5631 charitatis,
825 5567 1059 5638 aliquam
1091 5567 1212 5620 licet
1257 5565 1528 5620 modicam
1579 5565 1719 5620 beati
1763 5568 1900 5621 Petri

2087 1834 2377 1888 Multorum
2407 1834 2668 1890 relatione
2697 1835 2986 1890 didicimus
3013 1836 3158 1908 quod
3191 1835 3434 1892 Ecclesia
3461 1836 3604 1890 Ver-

2015 1921 2269 1976 cellensis
2297 1938 2436 1976 nunc
2466 1922 2626 1977 valde
2657 1923 2870 1978 turbata
2899 1932 2950 1979 et
2980 1924 3305 1996 quotidianis
3334 1931 3605 1978 commota

2015 2009 2285 2066 scandulis
2314 2011 2592 2076 consistat,
2628 2011 2756 2066 dum
2785 2012 2838 2066 in
2866 2013 3003 2068 duas
3032 2021 3218 2084 partes
3243 2011 3476 2083 pOpulus
3503 2027 3605 2082 pro

2011 2099 2254 2169 episcopi
2283 2099 2549 2154 electione
2577 2100 2806 2164 divisus,
2841 2100 2932 2156 alii
2960 2118 3148 2166 unum,
3182 2101 3272 2155 alii
3303 2115 3434 2155 vero
3464 2099 3605 2154 alte-

2011 2201 2131 2241 rum
2161 2186 2368 2259 eligere
2399 2187 2710 2260 habereque
2739 2191 3070 2244 contendant
3111 2197 3164 2245 et
3209 2189 3444 2260 cupiant,
3490 2187 3606 2242 ele-

2007 2282 2264 2346 ctumque
2293 2276 2587 2332 enormiter
2617 2277 2913 2332 defendere
2944 2286 3174 2350 uterque
3202 2285 3478 2348 procuret.
3496 2276 3604 2330 Sed

2006 2363 2130 2434 quia
2153 2365 2303 2433 juxta
2332 2365 2505 2419 nostri
2535 2365 2837 2420 minesterii
2869 2367 3227 2437 apostolicum
3261 2365 3494 2421 oﬁicium
3552 2372 3604 2418 et

2005 2452 2425 2508 sollicitudinem
2454 2453 2698 2508 omnium
2725 2454 3094 2510 Ecclesiarum
3147 2455 3270 2514 Dei.
3332 2453 3492 2508 nobis
3548 2452 3604 2506 in

2001 2544 2122 2611 ipso
2175 2542 2544 2612 apostolorum
2591 2541 2839 2612 principe
2869 2543 3232 2610 commissam,
3261 2543 3412 2612 juxta
3440 2556 3602 2598 cano-

1997 2629 2176 2684 nicam
2207 2630 2367 2685 etiam
2400 2638 2711 2686 sanctorum
2746 2632 2963 2686 Patrum
2998 2632 3252 2704 regulam
3282 2631 3551 2687 dicentem
3587 2647 3600 2682 :

1999 2718 2055 2773 Si
2085 2717 2278 2774 divisio
2305 2719 2632 2774 clericorum
2663 2719 2748 2774 vel
2780 2719 2966 2790 pepuli
2997 2719 3284 2786 exstiterit,
3317 2728 3370 2776 et
3421 2720 3492 2773 de
3523 2718 3604 2773 fu-

1995 2808 2106 2861 turi
2134 2807 2399 2862 electione
2428 2806 2698 2878 pontiﬁcis
2729 2808 3002 2863 contentio
3033 2791 3431 2872 fuerit‘oborta,
3483 2807 3602 2862 nul-

1996 2895 2108 2950 lum
2139 2912 2202 2949 ex
2234 2895 2319 2949 his
2348 2896 2559 2951 duobus
2589 2896 2644 2950 in
2675 2898 2872 2952 throno
2901 2897 3196 2968 episcopali
3225 2912 3347 2951 esse
3401 2895 3606 2966 aliqua-

1994 2993 2152 3038 tenus
2185 2985 2645 3051 consecrandum,
2701 2985 2796 3040 sed
2846 2985 3072 3039 alterius
3115 2985 3440 3040 electionem
3487 2983 3602 3037 ﬁeri

1997 3072 2202 3127 debere
2232 3073 2534 3128 sacerdotis
2553 3073 2816 3129 Ecclesite
2835 3073 3054 3144 pr0prio
3074 3073 3346 3128 destitutae
3369 3081 3600 3136 rectore,

2009 3169 2062 3215 et
2095 3161 2164 3216 ob
2195 3161 2247 3215 id
2279 3161 2622 3232 perturbatae,
2649 3163 2770 3230 jura
2823 3161 2973 3232 pacis
3021 3161 3256 3216 ferentes
3315 3160 3602 3215 subvenire

2007 3249 2289 3304 debemus.
2333 3251 2560 3322 Regiam
2589 3250 2963 3305 excellentiam
2993 3258 3226 3305 vestram
3260 3265 3521 3322 rogamus
3541 3259 3599 3304 ut

2007 3354 2108 3408 pro
2138 3353 2326 3394 amore
2365 3339 2464 3394 Dei
2500 3347 2551 3394 et
2581 3340 2636 3394 S.
2671 3339 2836 3405 Petri,
2897 3355 2960 3394 ac
3012 3346 3213 3394 nostra:
3265 3337 3600 3410 paternitatis

2007 3426 2318 3496 dilectione,
2377 3427 2554 3498 ipsum
2611 3427 3015 3483 Vercellensem
3062 3427 3436 3498 episcopatum
3480 3427 3605 3482 huic

2007 3515 2346 3570 nobilissimo
2378 3517 2512 3586 viro,
2548 3517 2820 3588 GOSperto
2849 3515 3100 3572 videlicet
3141 3515 3439 3571 venerabili
3487 3515 3604 3570 dia-

2006 3621 2165 3670 cono,
2199 3605 2354 3660 vobis
2383 3605 2520 3660 bene
2551 3605 2771 3678 eognito
2800 3605 3182 3676 communique
3225 3603 3371 3660 ﬁdeli
3413 3612 3602 3659 nostro

2005 3709 2066 3750 ac
2093 3703 2298 3758 vestro,
2331 3710 2492 3766 quem
2512 3710 2613 3765 pro
2651 3694 3038 3749 ecclesiasticis
3085 3693 3401 3748 utilitatibus
3420 3694 3476 3748 in
3498 3709 3610 3748 ser-

2005 3782 2192 3836 vitium
2243 3791 2480 3837 vestrum
2528 3783 2849 3848 direximus,
2918 3783 3132 3853 placido
3193 3783 3262 3837 de
3317 3783 3605 3854 praesentia

2001 3871 2168 3926 modo
2195 3871 2461 3926 tribuatis.
2496 3872 2765 3941 Quoniam
2793 3888 2920 3928 vere
2949 3872 3338 3944 cognoscimus
3367 3873 3510 3926 hunc
3551 3873 3604 3926 in

2001 3961 2254 4016 omnibus
2310 3970 2418 4016 tam
2475 3961 2723 4016 civilibus
2775 3979 2936 4034 quam
2989 3961 3152 4015 etiam
3211 3960 3600 4016 ecclesiasticis

2000 4050 2179 4104 causis
2222 4059 2497 4104 strenuum
2534 4059 2697 4122 atque
2749 4050 3093 4104 utilissimum
3148 4049 3287 4114 fore,
3339 4049 3602 4121 nobisque

1999 4153 2108 4192 non
2137 4138 2486 4193 mediocriter
2512 4136 2906 4192 ﬁdelissimum.
2939 4136 3288 4208 Quapropter
3310 4138 3382 4192 ad
3403 4146 3600 4192 vestra,-

1997 4227 2286 4296 praesentis
2316 4234 2370 4280 et
2399 4224 2594 4281 futura:
2622 4225 2815 4296 gloriae
2833 4234 3181 4296 augmentum
3202 4227 3308 4281 hoc
3325 4241 3425 4280 vos
3444 4226 3604 4280 nobis

1996 4316 2299 4370 concedere
2327 4315 2580 4385 petimus,
2635 4315 2770 4368 hanc
2825 4313 3058 4384 primam
3115 4315 3285 4368 nostri
3345 4314 3601 4384 pontiﬁcii

1991 4409 2195 4477 justam
2229 4403 2545 4474 petitionem
2589 4411 2770 4458 vestra
2819 4393 3017 4475 regalis
3060 4403 3312 4458 alacriter
3356 4402 3603 4473 perﬁciat

1936 4491 2328 4565 Dmagnitudo
2378 4501 2480 4556 ;ut
2535 4502 2587 4547 et
2640 4507 2740 4546 nos
2795 4500 3034 4548 vestram
3089 4493 3276 4548 libenti
3331 4491 3604 4562 possimus

2005 4581 2188 4636 animo
2235 4579 2500 4652 perﬁcere
2555 4581 2881 4637 voluntatem
2930 4581 3248 4636 eliarissime
3304 4581 3398 4641 ﬁli,
3461 4595 3600 4652 quo-

2002 4671 2146 4724 niam
2179 4670 2257 4724 sic
2289 4686 2434 4725 vera:
2463 4670 2767 4726 dilectionis
2798 4671 3147 4725 unanimitate
3176 4670 3375 4740 pioque
3395 4670 3598 4724 amoris

2001 4759 2195 4816 aﬁ‘ectu
2227 4759 2530 4814 videbimur
2557 4775 2778 4814 manere
2807 4759 3104 4829 cunjuncti,
3138 4759 3182 4812 si
3223 4774 3323 4813 nos
3373 4773 3438 4813 ea
3477 4775 3600 4830 qua:

2003 4849 2200 4918 cupitis
2225 4848 2519 4919 apostolica
2547 4849 2803 4902 duntaxat
2831 4848 3225 4918 pet-fecerimus
3256 4847 3594 4908 auctoritate.

2003 4945 2056 4991 et
2085 4953 2183 4992 vos
2213 4937 2338 4992 item
2368 4945 2554 4994 vestro
2585 4937 2758 5006 regali
2783 4937 2908 5005 jure
2938 4936 3106 4991 nostri
3127 4936 3384 4991 desiderii
3403 4954 3601 5008 preces

2003 5025 2192 5080 audire
2248 5043 2370 5080 cum
2406 5026 2801 5095 judicunditate
2832 5025 3021 5095 procul
3049 5025 3218 5080 dubio
3249 5026 3592 5082 studueritis.

2001 5114 2190 5169 Talem
2219 5131 2453 5185 namque
2496 5114 2875 5184 progenitores
2916 5122 3150 5179 vestros,
3205 5113 3596 5170 invictissimos
3641 5166 3648 5173 .

2002 5203 2360 5274 imperatores
2390 5207 2687 5274 Augustos,
2720 5203 2862 5257 circa
2882 5202 3204 5258 decessores
3219 5212 3456 5271 nostros,
3481 5220 3599 5258 san-

2001 5301 2117 5346 ctos
2148 5293 2397 5348 videlicet
2426 5293 2686 5346 Romana:
2716 5291 2862 5346 sedis
2894 5291 3174 5361 antistites,
3207 5293 3462 5348 habuisse
3510 5293 3597 5347 di-

2001 5381 2285 5438 lectionem
2316 5381 2630 5443 reeolimus,
2667 5389 2722 5436 ut
2753 5380 3010 5453 quidquid
3043 5384 3112 5436 ab
3141 5382 3398 5437 alterutra
3448 5391 3599 5452 parte

2001 5471 2306 5542 petebatur,
2341 5470 2486 5524 omni
2518 5469 2820 5540 postposita
2849 5460 3136 5526 occasione
3163 5487 3287 5527 mox
3309 5470 3599 5526 efﬁcaciter

1998 5569 2382 5638 compleretur.
2421 5569 2497 5622 ita
2530 5585 2657 5622 vero
2689 5579 2736 5623 et
2770 5579 2959 5623 nostra
3005 5585 3146 5623 nunc
3191 5566 3514 5638 pontiﬁcalis
3564 5582 3597 5620 a
