4160 6314
563 259 654 309 κδι
931 215 936 222 ’
1801 251 2098 306 JOANNIS
2147 250 2165 302 ι

2264 250 2338 304 ME
2399 249 2536 304 VIII.

3747 256 3851 306 83!

554 378 671 434 Deo
702 385 1020 434 conservata
1047 378 1308 446 majestas
1335 386 1389 436 et
1421 385 1599 434 vostra
1629 377 1782 448 regis
1829 373 2152 445 magnitudo
2181 371 2236 436 Α
2256 370 2655 444 Carolomanno
2671 373 3066 448 gloriosior-egi,
3086 389 3217 432 cum
3235 373 3432 446 quibus
3447 389 3604 442 sane,
3617 374 3848 445 autipae

561 464 776 533 sibimet
834 465 1032 522 debent
1086 463 1298 536 placide
1356 463 1539 522 favere
1578 463 1836 521 vicissim.
1889 462 2022 518 Data
2089 465 2152 518 ut

561 570 758 628 supra.

1253 659 1462 716 CCXV.

1060 765 1134 804 AD
1163 765 1418 806 CAIOLUM
1446 762 1652 804 κωκυ.

1167 842 1350 908 (Anno
1378 837 1530 906 8'79.)

537 928 838 983 .Hartatur
895 931 962 984 ut
1037 928 1455 999 quamprimum
1513 928 1716 999 contra
1774 921 2029 999 inﬁdeles
2098 925 2155 977 et

741 999 1005 1054 Ecclesiae
1045 994 1406 1070 ‘oppressores
1437 995 1658 1052 auxilio
1739 994 1950 1052 veniat.

552 1107 555 1110 ·
635 1085 844 1142 Dilecto
873 1102 936 1142 ac
967 1085 1191 1156 spiritali
1219 1083 1330 1139 tilio
1359 1085 1583 1140 Canono
1614 1083 1858 1156 glorioso
1888 1080 2028 1154 regi.

637 1174 896 1230 Miramur
925 1173 1050 1246 quia
1081 1190 1180 1228 vos
1208 1173 1406 1244 saepius
1436 1173 1786 1228 exhortantes
1815 1177 1872 1224 ut
1901 1169 1970 1224 ad
2002 1168 2156 1224 exal-

565 1262 823 1317 tationem
851 1271 1056 1316 sanctae
1084 1263 1183 1316 Dei
1215 1261 1478 1316 Ecclesiae
1509 1269 1858 1330 vestrumque
1891 1259 2156 1312 honorem

565 1359 616 1406 et
647 1351 808 1404 totius
835 1358 996 1406 terrae
1024 1359 1220 1406 nostrae
1250 1348 1624 1406 defensionem
1672 1347 1886 1404 venires
1937 1345 2157 1402 vocavi-

565 1455 704 1500 mus,
737 1446 790 1492 et
819 1439 1084 1494 hactenus
1113 1437 1386 1492 distulisti.
1438 1437 1672 1494 Credere
1717 1451 1952 1507 namque
2000 1433 2159 1489 nobis

563 1526 790 1598 potestis
821 1527 968 1598 quod
998 1527 1165 1582 nimia
1197 1527 1435 1599 undique
1467 1534 1577 1580 tam
1617 1540 1958 1598 paganorum
1999 1538 2159 1596 quam

560 1615 823 1670 malorum
852 1615 1285 1672 Christianorum
1325 1613 1700 1686 persecutione
1748 1611 1978 1686 gravati,
2011 1610 2163 1666 undi-

564 1719 672 1775 que
700 1703 976 1763 concussi.
1003 1703 1128 1759 talia
1157 1719 1277 1776 qua
1298 1703 1416 1772 jam
1443 1719 1472 1758 a
1503 1702 1670 1774 longo
1722 1710 1964 1771 tempore
2014 1698 2158 1770 pati-

561 1807 688 1851 mur
716 1791 946 1847 suﬁ'erre
973 1792 1262 1863 nequimus
1295 1810 1308 1846 :
1343 1800 1396 1846 et
1425 1791 1548 1846 ideo
1575 1791 1774 1848 iterum
1803 1789 2160 1844 admonemus

561 1887 621 1936 ut
656 1887 768 1936 toto
797 1880 1108 1942 conamine.
1140 1880 1276 1936 sicut
1304 1879 1461 1936 vobis
1518 1879 1916 1945 mandavimus,
1968 1875 2161 1948 procul

563 1967 730 2030 dubio
760 1969 1072 2024 attendatis.
1105 1969 1246 2024 Nam
1277 1984 1378 2040 pro
1409 1976 1560 2024 certo
1590 1967 1736 2024 scire
1765 1965 1979 2022 debetis
2017 1979 2159 2036 quo-

563 2057 710 2114 niam
740 2072 842 2128 pro
871 2056 1072 2112 nullius
1109 2057 1348 2114 hominis
1403 2057 1574 2122 lucro,
1635 2054 1721 2110 vel
1774 2053 2158 2120 blandimento,

456 2186 464 2190 .
563 2145 680 2202 sive
709 2154 936 2212 terrore,
969 2161 1003 2202 a
1032 2155 1218 2202 vestro
1249 2162 1349 2200 nos
1377 2143 1654 2201 consortio
1685 2151 1738 2198 et
1767 2151 1962 2198 vestrae
1978 2141 2161 2198 amici-

562 2233 652 2290 tia
701 2232 907 2290 foedere
953 2233 1368 2305 separabimus;
1419 2233 1620 2290 idcirco
1669 2240 1878 2286 tantum
1938 2230 2164 2286 viriliter

564 2338 730 2394 agere
763 2338 826 2379 ea
857 2323 1156 2394 quaenobis
1173 2338 1240 2378 ac
1257 2323 1412 2378 vobis
1429 2320 1666 2393 proficua
1688 2328 1834 2386 sunt,
1856 2319 2164 2374 nullatenus

565 2389 839 2466 dubitetis.
875 2389 988 2466 Sed
1013 2411 1375 2483 praestolando
1403 2389 1642 2466 vestrum
1683 2409 1994 2472 adventum,
2039 2407 2163 2462 diu-

567 2516 674 2572 que
723 2500 1027 2576 tardantem
1082 2499 1405 2571 putavimus,
1465 2515 1533 2555 ne
1589 2498 1729 2556 forte
1787 2495 2164 2552 Carolomanni

566 2587 794 2660 gloriosi
817 2588 980 2660 regis.
1004 2587 1290 2660 germanni
1311 2587 1471 2642 vestri
1493 2585 1760 2658 praedicti,
1780 2585 1965 2657 aliquo
1985 2585 2163 2654 impe-

569 2677 810 2734 dimento
833 2677 948 2744 jam
979 2693 1177 2731 venere
1207 2676 1533 2748 nequissetis
1567 2693 1580 2730 :
1614 2675 1756 2729 unde
1796 2673 1876 2730 illi
1927 2681 2164 2730 nostram

567 2764 926 2836 apostolicam
955 2765 1256 2828 direximus
1284 2763 1592 2834 epistolam,
1637 2763 1994 2818 admonentes
2041 2761 2166 2832 quia

566 2853 612 2908 si
644 2853 746 2908 hoc
777 2868 1008 2926 regnum
1039 2852 1270 2922 amplius
1301 2852 1478 2907 taliter
1505 2859 1828 2922 occupatum
1859 2865 1922 2905 ac
1969 2848 2167 2904 inordi-

566 2949 752 3006 natum
780 2949 832 2996 et
865 2941 983 2996 sine
1015 2939 1335 2997 defensioue
1365 2939 1619 3008 tenuerit,
1650 2939 1845 2994 animm
1875 2953 1988 2994 sum
2003 2937 2169 2993 detri-

567 3039 808 3090 mentum
838 3030 1166 3090 omnimodis
1197 3029 1320 3096 ﬁet;
1353 3029 1674 3101 nullumque
1712 3027 1868 3083 vobis
1913 3043 2014 3098 pro
2061 3028 2162 3083 Ec-

566 3119 750 3176 clesiae
806 3119 906 3176 Dei
962 3117 1281 3176 defensione
1337 3117 1679 3174 venientibus
1737 3115 2162 3188 inpedimentum

565 3209 772 3280 aliquot
795 3207 977 3264 facere
1005 3216 1315 3279 praesumat.
1350 3207 1693 3279 Quapmpter
1721 3206 1864 3277 quod
1887 3205 2165 3278 agendum

565 3305 650 3352 est
681 3305 868 3352 vestra
897 3297 1098 3369 regalis
1123 3296 1442 3353 excellentia
1476 3311 1641 3367 agere
1658 3294 1809 3352 nullo
1829 3294 1993 3350 modo
2013 3293 2164 3348 desi-

565 3393 696 3450 nat;
729 3401 853 3440 nam
883 3385 929 3439 si
959 3401 1060 3457 per
1089 3401 1187 3440 vos
1219 3393 1408 3441 sancta
1440 3385 1686 3442 Romana
1715 3383 1961 3440 Ecclesia
2005 3381 2168 3438 fuerit

569 3473 806 3534 exaltata
834 3482 996 3546 atque
1025 3473 1272 3542 defensa,
1306 3483 1490 3530 vester
1517 3473 1692 3530 honor
1741 3480 1793 3528 et
1835 3470 2034 3545 gloria‘
2056 3471 2164 3542 hic,

566 3570 621 3619 et
650 3563 704 3618 in
735 3561 914 3618 futuro
943 3563 1060 3619 sine
1090 3563 1256 3618 dubio
1308 3578 1490 3619 coram
1539 3560 1769 3617 Domino
1817 3558 2168 3631 multiplicata

565 3651 824 3707 manebit.
863 3653 994 3708 Data
1023 3656 1087 3707 ut
1117 3669 1310 3725 supra.

1248 3792 1480 3848 CCXVI.

971 3897 1043 3935 AD
1082 3896 1385 3936 “’IBBODUM
1440 3895 1766 3936 ερῐεοορωι.

1194 3974 1373 4039 (Anno
1405 3971 1556 4041 879.)

579 4059 642 4117 Ut
663 4077 781 4116 una
807 4076 936 4115 cum
961 4061 1160 4132 legitis
1189 4076 1322 4132 quos
1343 4059 1414 4115 ad
1443 4061 1921 4116 Carolomannum
1941 4131 1947 4132 ί
1964 4057 2168 4124 mittit,

643 4135 754 4204 eat,
784 4133 870 4187 vel
912 4131 1313 4204 aliquem-uice
1344 4148 1446 4204 sua
1484 4133 1721 4198 mittat;
1785 4131 2002 4204 arguit,
2030 4131 2172 4202 quod

645 4203 788 4260 bona
811 4201 1164 4274 Angelﬁergte
1182 4203 1354 4272 diripi
1374 4220 1486 4258 non
1506 4201 1882 4272 prohibuerit:
1908 4201 2174 4258 hortatur

645 4278 710 4328 ut
727 4290 797 4330 ea
833 4274 1220 4344 recuperanda
1254 4278 1434 4329 curet.

652 4361 934 4418 Wtaeono
979 4363 1258 4433 episcopo.

2252 460 2312 517 in
2337 461 2618 530 servitium
2649 462 2822 518 sancti
2850 461 2994 518 Petri
3022 461 3190 520 alacri
3219 470 3398 518 mente
3439 463 3539 530 ire,
3589 477 3847 520 omnem-

2253 565 2360 622 que
2387 557 2588 606 nostra:
2613 550 2906 606 voluntatis
2932 566 3155 613 causam
3185 560 3239 608 et
3268 551 3652 608 necessitatem
3697 553 3848 624 apud

2255 638 2508 694 eumdem
2537 655 2730 712 regem
2757 638 3020 711 perﬁcere
3049 641 3330 706 studeatis,
3360 650 3453 695 aut
3471 641 3850 698 ﬁdelissimum

2257 735 2312 788 et
2337 727 2594 784 idoneum
2621 744 2654 784 a
2695 727 2869 784 latere
2914 737 3006 784 tuo
3055 730 3234 785 virum
3273 729 3486 801 dirigas
3531 729 3626 802 qui
3673 730 3849 786 vicem

2255 823 2403 872 tuam
2430 815 2487 869 in
2514 815 2766 872 omnibus
2794 817 3065 889 sagaciter
3093 818 3264 888 possit
3291 816 3532 889 explere.
3566 819 3705 874 Nam
3755 827 3851 874 tuo

2257 903 2486 960 consilio
2515 911 2570 960 et
2599 905 2938 974 adjutorio...
2967 905 3190 962 eosdem
3215 905 3428 978 legatos
3458 915 3684 966 nostros
3727 923 3850 964 mu-

2256 991 2378 1048 nias
2395 992 2694 1058 hortamur,
2718 1002 2986 1065 quatenus
2999 994 3148 1052 sedis
3166 995 3480 1066 apostolicae
3499 995 3850 1069 legationem,

2257 1089 2417 1154 prout
2445 1081 2670 1152 dignum
2714 1091 2816 1146 est,
2863 1091 2918 1137 et
2945 1083 3195 1139 instantis
3237 1083 3500 1154 temporis
3544 1085 3850 1142 necessitas

2259 1168 2446 1241 exigit,
2481 1170 2596 1224 Deo
2623 1169 2890 1242 propicio,
2922 1169 3190 1244 perficere
3217 1171 3448 1242 possint.
3479 1173 3548 1228 Et
3576 1172 3704 1244 quia
3749 1189 3872 1228 eos-

2261 1257 2378 1312 sine
2408 1257 2660 1314 tarditate
2688 1257 2769 1313 ire
2824 1274 2889 1314 ac
2943 1259 3144 1316 reverti
3195 1259 3562 1330 praecipimus,
3603 1277 3674 1319 ne
3709 1261 3850 1318 ultra

2259 1353 2372 1402 tres
2401 1345 2520 1401 dies
2550 1346 2671 1401 illos
2699 1363 2870 1418 penes
2898 1355 2950 1402 te
2966 1347 3202 1411 retinete
3222 1363 3524 1419 procures;
3549 1350 3647 1406 sed
3667 1349 3852 1407 habito

2260 1450 2386 1490 mox
2414 1435 2642 1504 consilio
2665 1442 2934 1508 quatenus
2962 1436 3098 1495 salvi
3127 1444 3180 1491 et
3207 1437 3382 1494 securi
3409 1437 3480 1493 ad
3503 1443 3622 1505 jam
3647 1437 3850 1496 dictum

2262 1539 2452 1594 regem
2488 1521 2926 1594 proﬁciscantur,
2981 1533 3074 1580 aut
3111 1521 3420 1584 nullatenus
3478 1526 3852 1588 demorentur.

2262 1611 2422 1680 Quod
2443 1612 2488 1666 si
2508 1609 2742 1668 fortasse
2757 1613 2830 1668 ad
2848 1612 3303 1670 Carolomannum
3323 1630 3423 1684 pro
3443 1615 3564 1683 ejus
3584 1631 3848 1686 corporea

2190 1725 2244 1788 Β
2264 1697 2572 1756 inﬁrmitate
2599 1699 2678 1756 ire
2710 1715 2818 1756 non
2845 1716 3010 1771 posse
3033 1701 3344 1773 contigerit,
3374 1702 3442 1760 ad
3473 1703 3728 1760 Carolum
3774 1720 3857 1758 re-

2264 1803 2390 1860 gem
2421 1787 2592 1858 ipsius
2617 1804 2938 1864 germanum
2967 1804 3064 1845 eos
3092 1805 3420 1862 quocunque
3463 1791 3628 1848 modo
3679 1789 3850 1862 proﬁ-

2260 1875 2394 1932 cisci
2441 1875 2619 1934 facito.
2666 1877 2952 1936 Praeterea.
3019 1877 3262 1934 veridico
3324 1879 3617 1938 multorum
3681 1880 3854 1938 relatu

2262 1963 2424 2038 longe
2451 1964 2670 2038 lateque
2701 1974 2992 2022 resonante
3023 1966 3312 2025 didicimus
3339 1967 3484 2040 quod
3516 1983 3603 2033 res
3630 1977 3684 2024 et
3728 1985 3856 2040 pos-

2263 2053 2540 2110 sessiones
2567 2053 2782 2110 dilectae
2811 2069 2877 2110 ac
2906 2054 3204 2127 spiritualis
3232 2054 3357 2112 filiae
3385 2064 3586 2112 nostrae
3611 2066 3666 2113 et
3686 2059 3862 2116 sancti

2264 2142 2406 2196 Petri
2437 2142 2834 2200 commendatae
2863 2143 3232 2216 Angelbergae
3273 2144 3638 2215 imperatricis
3680 2146 3790 2203 sint
3825 2162 3860 2202 a

2264 2230 2594 2302 quibusdam
2641 2230 3086 2288 malefactoribus
3133 2233 3463 2288 omnimodis
3507 2234 3856 2304 depmdataa,

2264 2335 2374 2374 non
2404 2319 2580 2374 solum
2611 2335 2730 2390 quae
2761 2319 2894 2376 foris
2922 2320 3176 2378 exstitere
3207 2321 3257 2374 in
3289 2320 3438 2392 agris
3466 2329 3522 2378 et
3549 2321 3710 2391 villis,
3763 2325 3862 2382 sed

2265 2407 2428 2461 etiam
2457 2424 2580 2480 qua:
2606 2407 2751 2462 intus
2799 2424 2896 2480 per
2949 2407 3281 2466 venerabilia
3336 2417 3389 2464 et
3444 2425 3553 2466 non
3610 2411 3864 2468 violanda

2265 2495 2382 2552 loca
2413 2504 2728 2552 sanctorum
2781 2499 3240 2554 monasteriorum
3299 2499 3551 2569 reposita
3605 2498 3858 2558 fuerant:

2265 2600 2364 2654 pro
2394 2601 2502 2656 quo
2542 2585 2748 2640 scilicet
2805 2595 2913 2640 tam
2970 2585 3192 2640 immani
3250 2585 3460 2642 scelere
3519 2587 3864 2661 nefandoque

2267 2673 2482 2744 piaculo
2539 2673 2948 2729 sanctimoniam
3005 2682 3152 2728 tuam
3208 2675 3401 2730 merito
3458 2675 3859 2749 redarguimus.

2267 2759 2536 2830 Quoniam
2567 2761 2858 2818 sacerdotii
2890 2762 2964 2816 tui
2993 2762 3227 2818 officium
3258 2771 3341 2818 est
3361 2764 3500 2818 male
3521 2774 3747 2836 agentes
3768 2781 3860 2821 au-

2268 2849 2508 2905 ctoritate
2537 2850 2720 2905 divina
2749 2850 3380 2930 corrigere,‘verbisque
3412 2853 3718 2909 salubribus
3761 2869 3859 2912 co-

2267 2938 2472 3001 hibere,
2507 2955 2575 2993 ne
2605 2940 2832 2995 tacendo
2864 2939 3020 3008 tales,
3052 2943 3192 3012 proh
3222 2939 3377 2997 dolor
3409 2939 3420 2994 ἰ
3449 2941 3650 2998 imitari
3681 2944 3858 3014 potius

2269 3043 2428 3098 quam
2462 3027 2748 3099 prohibere
2779 3027 3030 3084 videaris.
3064 3029 3160 3084 Est
3189 3030 3333 3085 enim
3369 3046 3434 3084 ex
3473 3032 3576 3088 hoc
3620 3033 3860 3104 pessima

2263 3115 2408 3172 fama
2437 3116 2746 3173 universum
2775 3117 3094 3174 discurrens
3122 3134 3224 3189 per
3253 3118 3459 3183 orbem,
3493 3119 3639 3192 quod
3681 3121 3860 3178 domi-

2264 3221 2394 3260 nam
2423 3206 2697 3278 quondam
2728 3215 2781 3261 et
2811 3205 3214 3278 imperatricem
3236 3216 3494 3278 vestram,
3521 3209 3608 3266 cui
3625 3219 3856 3270 vestram

2271 3290 2434 3350 fidem
2466 3311 2568 3368 per
2591 3295 2964 3365 jusjurandum
2995 3295 3242 3360 dedistis,
3275 3295 3420 3352 male
3467 3299 3724 3362 tractatis,
3775 3301 3860 3357 cui

2269 3383 2559 3456 pristinum
2590 3385 2853 3440 honorem
2885 3383 3219 3458 dignamque
3248 3386 3610 3444 reverentiam
3647 3403 3860 3462 semper

2267 3471 2528 3528 exhibere
2554 3472 2888 3530 debueratis.
2922 3473 3080 3530 Nune
3109 3474 3291 3547 itaque
3318 3491 3419 3546 pro
3460 3491 3650 3532 amore
3688 3478 3860 3534 sancti

2271 3561 2430 3630 Petri,
2465 3561 2567 3616 sub
2598 3562 2756 3632 cujus
2787 3561 3010 3634 speciali
3042 3560 3358 3620 defensione
3413 3563 3681 3629 consistit,
3737 3581 3856 3622 eam

2269 3649 2529 3719 adjuvare
2559 3665 2668 3704 non
2710 3651 3111 3722 praetermittas,
3185 3667 3467 3726 quousque
3524 3669 3621 3708 sua
3677 3655 3854 3711 omnia

2269 3755 2391 3810 quae
2419 3738 2616 3808 injuste
2642 3739 2898 3810 perdidit,
2957 3743 3022 3812 [Γ.
3080 3741 3234 3798 deest
3283 3741 3626 3816 recuperare]
3657 3743 3844 3814 possit.

2270 3825 2403 3882 Data
2432 3832 2498 3882 ut
2526 3845 2716 3900 supra.

2935 3929 3194 3983 CCXVII.

2547 4031 2618 4069 AD
2649 4029 2970 4070 MICHAELEM
2999 4032 3185 4072 REGBM
3218 4031 3606 4073 BULGABOBUM.

2876 4109 3056 4176 (Anno
3114 4106 3264 4176 879.)

2273 4195 2546 4269 Hortatur
2568 4198 2632 4248 ut
2652 4193 2722 4248 ad
2743 4194 3115 4250 obedientiam.
3137 4196 3397 4252 Romanae
3421 4197 3698 4258 Ecclesia,
3714 4214 3859 4269 aqua

2343 4265 2609 4320 seductus
2631 4269 2957 4330 recesserat,
2982 4282 3111 4321 cum
3135 4281 3237 4320 sua.
3252 4270 3420 4338 gente
3451 4265 3787 4324 revertatur.

2340 4371 2548 4427 Dilecto
2578 4369 2687 4426 ﬁlio
2715 4370 2989 4426 Mtcmsu
3019 4371 3139 4445 regi
3179 4371 3552 4448 Bulgarorum.

648 4450 919 4522 Quoniam
951 4467 1064 4521 Ριέε
1093 4451 1344 4506 omnibus
1374 4451 1465 4520 qni
1493 4451 1548 4504 ίῐι
1575 4450 1660 4505 his
1689 4451 1942 4506 Videntur
1989 4450 2168 4508 CODSi-
2204 4443 2257 4511 Π
2347 4460 2485 4528 Quia
2517 4476 2614 4514 vos
2643 4459 2985 4530 omnipotens
3016 4443 3164 4516 Deus
3191 4443 3336 4517 dono
3363 4443 3612 4534 gratuita
3652 4462 3862 4518 miseri-

576 4551 720 4599 stere
749 4539 1012 4611 partibus,
1046 4540 1161 4594 Deo
1189 4538 1403 4594 dilectis
1441 4539 1835 4605 sacerdotibus,
1887 4549 1938 4594 te
1986 4549 2171 4610 utpote

577 4629 954 4687 charissimum
985 4627 1154 4682 tilium
1185 4635 1238 4682 et
1268 4633 1494 4682 tratrem
1529 4627 1839 4683 unanimem
1881 4628 2172 4698 specialius

575 4718 872 4790 diligimus,
907 4724 960 4772 et
998 4731 1098 4786 pro
1157 4724 1305 4770 tanta
1359 4724 1463 4772 tuae
1512 4715 1842 4770 sinceritatis
1883 4717 2172 4773 devotione

576 4823 738 4880 quam
768 4805 914 4862 circa
944 4820 1045 4859 nos
1073 4813 1127 4858 et
1155 4805 1344 4858 sedem
1377 4804 1731 4874 apostolicam
1753 4804 1955 4860 habere
1976 4805 2170 4878 digno-

580 4894 770 4960 sceris,
803 4902 915 4950 toto
946 4893 1143 4948 mentis
1172 4891 1369 4948 affectu
1420 4891 1816 4964 amplectimur,
1867 4901 1920 4949 et
1965 4894 2172 4950 idcirco

579 4983 936 5038 reverentiam
967 4991 1110 5037 tuam
1141 4981 1230 5052 pie
1260 4981 1418 5036 nobis
1447 4998 1632 5036 arnore
1681 4983 2026 5051 conjunctam
2071 5001 2171 5040 cu-

578 5071 756 5143 pimus
785 5070 1085 5142 apostolica
1116 5086 1335 5138 semper
1356 5069 1686 5141 benignitate
1715 5069 1917 5135 fovere,
1942 5073 2176 5128 auctori-

579 5168 687 5214 tate
717 5159 924 5214 l'ulcire.
957 5159 1112 5213 Nunc
1142 5159 1307 5230 igitur
1352 5159 1626 5215 dilectioni
1674 5168 1778 5215 tua:
1824 5171 2008 5215 notum
2053 5177 2174 5215 esse

579 5248 828 5304 volumus
859 5247 986 5318 quia
1014 5263 1113 5318 pro
1145 5256 1220 5302 tot
1251 5256 1302 5302 et
1341 5249 1502 5304 tantis
1547 5250 1966 5314 calamitatibus,
2014 5267 2170 5322 quas,

579 5338 716 5394 sicut
772 5337 886 5408 ipse
943 5337 1080 5392 bene
1135 5339 1442 5407 cognoscis,
1485 5339 1702 5394 assidue
1760 5339 2014 5410 patimur,
2076 5341 2176 5394 hos

579 5437 880 5500 praesentes
913 5425 1109 5482 missos
1139 5436 1355 5482 nostros
1371 5427 1685 5492 direximus,
1711 5445 1808 5499 per
1829 5437 1878 5484 te
1901 5429 2058 5501 quasi
2079 5445 2178 5500 per

600 5515 874 5588 quoddam
905 5515 1102 5570 ostium
1159 5515 1449 5572 intraturos
1508 5517 1770 5587 spirituali
1831 5515 1938 5571 tilio
1992 5525 2179 5572 nostro

2269 4549 2472 4606 cordiaa
2501 4565 2614 4604 suae
2669 4560 2997 4621 gentemque
3027 4559 3263 4605 vestram
3290 4551 3366 4605 ad
3386 4551 3750 4623 cognitionem
3783 4552 3864 4606 sui

2271 4638 2507 4694 nominis
2526 4653 2718 4694 vocare
2739 4637 2993 4710 dignatus
3015 4647 3114 4706 est,
3131 4639 3444 4696 meminisse
3456 4639 3737 4698 debebatis
3761 4642 3864 4698 hoc

2273 4727 2420 4798 quod
2449 4727 2711 4782 Dominus
2738 4727 2899 4782 beato
2931 4728 3088 4782 Petro
3115 4729 3362 4799 apostolo
3391 4729 3548 4785 dicit:
3580 4731 3656 4785 Tu
3675 4747 3732 4786 es
3765 4731 3866 4786 Pc-

2275 4821 2417 4878 trus,
2451 4821 2506 4871 ct
2533 4833 2702 4886 super
2721 4817 2868 4872 hanc
2937 4821 3158 4886 petram
3217 4818 3498 4886 aediﬁcabo
3556 4820 3863 4878 Ecclesium

2273 4922 2457 4961 meam
2472 4906 2688 4974 (Matth.
2706 4905 2828 4975 xw)
2845 4921 2856 4960 :
2873 4905 2956 4960 cui
2979 4907 3140 4960 vosin
3153 4906 3452 4976 primordio
3464 4907 3868 4963 Christianitatis

2275 5004 2470 5050 vestra:
2498 4995 2566 5048 ad
2597 4995 2898 5066 regendum
2928 4995 3275 5051 commisistis
3293 4996 3516 5067 ejusque
3537 4997 3867 5054 successori-

2277 5084 2376 5138 bus
2405 5084 2471 5136 ad
2499 5083 2884 5138 obedicndum.
2919 5084 3025 5138 Sed
3058 5084 3244 5140 nescio
3275 5100 3383 5156 qua
3419 5087 3621 5139 ratione
3651 5086 3720 5140 ab
3752 5087 3867 5154 ejus

2277 5172 2594 5244 magisterio
2624 5173 2918 5227 calliditate
2951 5173 3309 5244 quorumdam
3338 5173 3469 5228 estis
3514 5174 3752 5242 abducti,
3799 5174 3866 5228 ita

2278 5270 2329 5315 ut
2361 5277 2484 5316 cum
2504 5262 2762 5332 Apostolo
2788 5261 3036 5316 dicamus
3061 5280 3075 5316 :
3102 5263 3232 5331 Quis
3251 5279 3341 5320 vos
3357 5264 3662 5333 fascinam’t
3685 5265 3736 5320 ei
3757 5280 3868 5320 non

2279 5351 2514 5416 obedire,
2542 5352 2636 5407 cui
2656 5351 2870 5407 dudum
2893 5353 3037 5408 colla
3059 5352 3399 5410 submisistis
3428 5353 3573 5414 (Gal.
3599 5352 3728 5421 ut)?
3776 5363 3867 5410 aut

2279 5439 2385 5495 illis
2413 5439 2738 5506 credidistis,
2772 5448 2828 5496 ut
2865 5455 3003 5510 pace
3044 5440 3361 5496 Grazcorum
3411 5441 3713 5512 loquamur,
3776 5441 3867 5513 qui

2281 5529 2522 5603 quotidie
2549 5527 2705 5584 novis
2734 5537 2780 5584 et
2830 5529 2994 5584 variis
3013 5528 3316 5599 disciplinis
3336 5537 3496 5601 atque
3529 5529 3874 5600 dogmatibus
