4160 6352
296 311 402 364 833

1374 342 1377 343 ν
1462 304 1818 362 EPISTOLE
1864 302 1955 357 ET
2010 304 2355 363 DECRETA.

3490 312 3592 365 834

292 430 734 486 confunduntur?
765 432 873 487 Sed
902 447 1109 504 quaeso,
1140 431 1215 487 illi
1242 430 1580 493 charissime,
1612 428 1680 483 ad
1697 435 1896 482 sanctae
1923 426 1980 486 A
2072 430 2214 500 Quia
2241 431 2385 487 fama
2411 410 2515 489 tua:
2542 434 2847 489 dilectionis
2893 444 3051 507 atque
3084 435 3338 491 bonitatis
3366 443 3419 491 et
3469 436 3597 491 reli-

296 518 489 574 matris
516 527 712 575 vestra:
740 516 1002 577 Romanis
1044 519 1310 577 Ecclesiae
1344 519 1543 585 sinum,
1574 533 1697 589 quae
1738 523 1900 586 caput

298 616 400 671 est,
456 607 765 663 instituente
796 609 929 677 Deo,
964 608 1205 663 omnium
1257 608 1632 664 Ecclesiarum
1691 606 1746 659 in
1791 612 1900 659 toto

304 696 439 750 orbe
468 694 808 757 diﬂ'usarum,
840 697 1043 753 relictis
1104 696 1564 768 superﬂuitatibus
1620 703 1673 748 et
1732 694 1900 747 sedu-

303 784 540 840 ctionnm
572 784 864 849 scandulis,
898 800 996 841 vos
1042 794 1374 859 gentemque
1417 793 1653 838 vestram
1716 796 1904 836 amore

303 872 500 929 mentis
531 872 647 928 sine
680 889 835 929 mora
861 874 1127 939 reducite,
1163 872 1305 943 Quia
1338 872 1393 927 in
1424 880 1629 926 tantum
1673 886 1770 925 vos
1818 868 1904 923 af-
1959 876 1963 881 '

307 959 540 1017 lectione
568 970 798 1032 paterna
818 962 1118 1035 diligimus,
1160 971 1217 1016 ut
1258 963 1316 1016 in
1349 960 1650 1017 visceribus
1707 956 1907 1015 Christi

308 1051 443 1106 Jesu
474 1066 599 1105 esse
638 1050 942 1122 cupiamus.
972 1052 1041 1106 Et
1069 1066 1200 1107 ecce
1246 1049 1425 1121 parati
1466 1064 1676 1113 sumus,
1722 1055 1782 1101 ut
1809 1062 1909 1101 vos

316 1137 739 1203 lucrifaciamus,
772 1147 825 1193 et
854 1139 1115 1210 quidquid
1145 1139 1451 1211 legatorum
1481 1144 1791 1193 nostrorum
1821 1133 1907 1189 of-

308 1226 616 1283 fuscatione
646 1243 821 1297 nuper
875 1225 1142 1283 offensum
1174 1234 1277 1291 est,
1306 1227 1381 1281 ad
1406 1236 1600 1296 purum
1633 1223 1912 1295 corrigere

313 1324 365 1370 et
388 1315 570 1371 omnia
597 1315 965 1371 maturissime
1028 1315 1463 1388 redintegrando
1517 1328 1743 1378 curare;
1775 1319 1828 1367 et
1864 1310 1912 1366 si

308 1403 617 1476 contigerit,
646 1419 758 1459 non
787 1404 961 1460 solum
1005 1404 1240 1475 compati
1273 1411 1327 1459 et
1366 1402 1662 1459 condolere
1723 1399 1912 1457 vobis-

314 1508 459 1558 cum,
522 1492 620 1549 sed
657 1492 822 1548 etiam
869 1508 972 1563 pro
1014 1492 1192 1548 salute
1246 1490 1550 1547 animarum
1607 1497 1916 1544 vestrarum

310 1581 455 1641 mori
483 1597 593 1636 non
636 1581 1033 1647 recusabimus,
1083 1581 1297 1638 dicente
1353 1580 1563 1635 Joanne
1618 1576 1913 1648 apostolo:

324 1670 600 1738 Quoniam
631 1671 776 1727 Deus
804 1687 907 1743 pro
936 1670 1095 1726 nobis
1124 1669 1380 1725 animam
1419 1684 1583 1724 suam
1622 1667 1830 1739 posuit,
1860 1669 1919 1720 et

2000 520 2180 592 gionis
2208 520 2264 576 in
2291 520 2469 576 Deum
2502 522 2570 577 ad
2602 538 2704 578 nos
2731 536 2903 593 usque
2931 524 3197 593 pervenit,
3257 520 3599 580 conﬁdenter

2002 610 2190 681 gloria:
2245 619 2352 665 tum
2405 611 2753 682 praecipimus
2805 619 2967 683 atque
3023 613 3345 667 mandamus
3391 621 3448 667 ut
3498 630 3596 683 pro

2002 714 2188 754 amore
2226 708 2539 755 sanctorum
2583 700 2950 770 apostolorum
3000 698 3142 755 Petri
3172 718 3237 756 ac
3264 701 3412 756 Pauli
3460 717 3596 771 pro-

2002 796 2269 842 tectorum
2295 796 2595 843 vestrorum
2645 796 2969 858 praesentem
3024 788 3301 861 legatum,
3340 805 3502 860 quem
3531 790 3600 844 ad

2003 884 2223 948 gentem
2254 876 2615 948 Bulgarorum
2657 877 2944 948 dirigimus
2972 879 3018 942 ιτ,
3049 877 3259 931 salvum
3287 884 3446 948 atque
3507 878 3607 932 in-.

2004 965 2278 1020 columem
2320 965 2508 1020 venire
2539 964 2746 1020 faciatis
2792 981 2966 1037 usque
3025 966 3095 1019 ad
3136 965 3391 1021 dilectum
3434 964 3602 1021 ﬁlium

2004 1062 2252 1109 nostrum
2281 1054 2599 1109 Michaelem
2630 1054 2929 1127 gloriosum
2948 1070 3136 1127 regem
3155 1069 3365 1120 eorum,
3385 1063 3602 1126 etque-

2006 1154 2225 1212 cunque
2255 1139 2304 1193 ei
2336 1146 2461 1192 sunt
2476 1139 2786 1195 necessaria
2816 1139 2886 1193 ad
2900 1138 3100 1194 victum
3131 1139 3599 1205 etvestimentum,

2010 1228 2087 1281 illi
2116 1243 2218 1298 pro
2249 1227 2350 1282 Dei
2376 1243 2559 1283 amore
2591 1227 2976 1293 administrate,
3011 1226 3139 1298 quia
3170 1228 3432 1282 Dominus
3478 1227 3610 1284 dicit

2009 1316 2067 1370 in
2096 1315 2398 1388 Evangelio
2430 1331 2442 1370 :
2468 1317 2731 1383 Quandiu
2752 1318 2971 1387 fecistis
2984 1317 3087 1371 uni
3108 1315 3174 1371 de
3191 1318 3502 1372 minoribus
3524 1318 3609 1371 is-

2016 1406 2110 1471 tis,
2128 1406 2274 1461 mihi
2307 1407 2528 1476 fecistis
2546 1405 2768 1474 (Matth.
2800 1408 2981 1475 xxv):
3014 1412 3067 1458 et
3083 1404 3366 1475 apostolus
3389 1421 3401 1458 :
3421 1405 3611 1477 Hospil

2017 1495 2161 1549 tales
2190 1495 2434 1550 invicem
2458 1495 2583 1548 sine
2612 1494 3069 1549 murmuratione
3098 1492 3149 1563 (1
3173 1495 3296 1547 Pet.
3335 1492 3434 1563 tv).
3471 1493 3613 1561 Quia

2015 1598 2118 1654 per
2132 1584 2280 1638 hanc
2303 1584 2597 1638 latuerant
2611 1582 2860 1654 quidam,
2877 1582 3094 1653 angelis
3123 1582 3364 1652 hospitio
3380 1596 3612 1654 suscep-

2020 1672 2093 1726 tis
2128 1672 2277 1741 (Heb.
2301 1670 2449 1740 xm).
2494 1673 2655 1742 Agat,
2688 1668 2763 1723 ﬁli
2789 1669 3127 1738 charissime,
3175 1670 3243 1725 de
3275 1670 3378 1726 hoc
3403 1678 3493 1725 tua
3523 1670 3614 1724 di-

321 1774 423 1815 uos
442 1759 702 1816 debemus
730 1774 833 1830 pro
861 1759 1139 1829 fratribus
1170 1758 1426 1812 animum
1448 1771 1657 1844 ponere
1677 1755 1731 1823 (ι
1754 1755 1917 1844 lactt.
1942 1783 1999 1844 Β
2020 1758 2202 1828 lectio,
2232 1766 2291 1813 ut
2317 1766 2538 1814 eterna:
2567 1759 2692 1814 vitae
2710 1758 2933 1829 praemia
2961 1757 3243 1828 percipere
3259 1757 3458 1814 valeat.
3477 1758 3615 1813 Data

322 1846 428 1916 In).
458 1847 664 1904 Vestra:
683 1854 863 1902 tamen
877 1846 1153 1903 dilectioni
1172 1844 1426 1902 convenit
1441 1843 1662 1899 monitis
1676 1841 1917 1913 paternis
1944 1841 1984 1844 ⁷
2020 1851 2090 1903 αι
2104 1861 2298 1918 supra.

323 1934 565 2008 benigno
590 1950 779 1990 amore
796 1951 1014 2006 semper
1035 1935 1285 2006 praebere
1304 1947 1616 1997 assensum,
1646 1939 1699 1987 et
1728 1930 1918 1987 admo-

320 2023 616 2080 nitionibus
644 2023 846 2079 nostris
874 2023 1289 2080 accommodare
1335 2021 1598 2086 auditum,
1649 2019 1770 2091 quia
1826 2018 1918 2073 ille

324 2111 415 2171 cui
438 2127 475 2167 a
506 2111 741 2169 Domino
784 2111 970 2169 claves
1008 2112 1169 2185 regni
1215 2111 1479 2168 caelorum
1522 2106 1729 2182 ligandi
1754 2115 1920 2178 atque

325 2199 573 2257 solvendi
610 2200 823 2258 collatae
852 2208 999 2266 sunt,
1031 2200 1272 2271 quotidie
1311 2207 1366 2254 et
1402 2197 1774 2253 indesinenter
1820 2211 1920 2251 ex-

321 2288 510 2360 pandit
540 2288 779 2358 brachia,
801 2297 856 2344 et
884 2305 984 2346 vos
1034 2296 1370 2345 revertentes
1399 2286 1466 2342 ad
1492 2303 1555 2342 se
1582 2284 1924 2358 gratulenter

325 2386 602 2448 exspectat
631 2396 646 2444 ;
677 2387 944 2449 quatenus
971 2393 1071 2433 vos
1091 2385 1296 2436 aeterno
1323 2374 1530 2447 pastori
1550 2374 1739 2430 reddat
1768 2388 1922 2429 com-

314 2475 482 2537 potes
510 2475 731 2523 aeternae
761 2466 1132 2531 beatitudinis,
1173 2482 1208 2521 a
1236 2480 1344 2537 quo
1374 2463 1585 2534 accepit
1623 2461 1926 2518 ministerio

324 2555 412 2611 sui
456 2554 790 2625 apostolatus
836 2556 1047 2615 animas
1076 2563 1289 2610 vestras
1344 2553 1633 2610 redimere.
1684 2553 1820 2606 Data
1860 2553 1927 2605 ut

330 2659 523 2717 supra.

972 2733 1262 2790 CCXVIII.
1288 2724 1295 2731 ’

414 2836 488 2877 an
525 2837 908 2879 contaminatos
935 2836 1424 2962 ῌᾹοΗΑεὲι789ιὶεαιε
1460 2830 1853 2875 caenosum.

942 2906 962 2962 ς
1015 2909 1123 2947 uno
1259 2933 1273 2946 .

942 2906 1123 2965 (Anno
1152 2906 1273 2947 3‘19.

814 2982 1077 3054 Ejusdem
1108 2981 1458 3053 argumenti.

408 3071 614 3137 Perco,
636 3069 909 3126 Cunnum
938 3078 992 3125 et
1020 3069 1303 3136 SUNDICE,
1338 3069 1662 3141 ceterisque
1692 3065 1930 3136 optima-

331 3158 479 3215 tibus
508 3158 832 3214 consiliariis
862 3157 1047 3215 dilecti
1086 3156 1182 3212 ﬁlii
1226 3157 1398 3213 nostri
1443 3156 1724 3214 Michaelis
1783 3153 1933 3226 regis

336 3246 714 3319 Bulgarorum.

408 3336 656 3408 Denique
685 3352 881 3391 moneo
910 3344 1148 3393 vestram
1197 3334 1441 3390 omnium
1487 3332 1835 3390 dilectionem
1878 3338 1934 3384 ut

341 3425 613 3485 centinuis
642 3424 1120 3482 adhortationibus
1160 3432 1325 3496 atque
1364 3420 1809 3495 suggestionibus
1846 3419 1934 3474 di-

338 3512 482 3573 lecto
510 3510 622 3570 ﬁlio
648 3521 838 3571 nostro
866 3512 1114 3570 Michacli
1128 3511 1374 3585 glorioso
1387 3510 1501 3583 regi
1522 3509 1728 3585 seniori
1757 3516 1938 3564 vestro

345 3602 690 3668 annuntietis,
723 3617 929 3674 vosque
958 3617 1083 3657 cum
1113 3584 1179 3657 eo
1200 3601 1271 3656 ad
1305 3599 1486 3655 sinum
1511 3584 1714 3653 sancta
1735 3598 1939 3652 Roma-

343 3705 431 3751 nec
454 3686 741 3759 Ecclesiae,
756 3707 878 3763 quae
896 3705 993 3747 vos
1016 3698 1239 3747 aeternae
1264 3686 1616 3745 beatitudinis
1646 3685 1791 3757 cupit
1818 3701 1941 3741 esse

338 3778 853 3851 participes,redeat
874 3794 940 3835 ac
969 3778 1237 3844 redeatis;
1254 3793 1328 3833 ne
1349 3776 1553 3833 diutius
1582 3775 1942 3848 quorumdam

343 3868 595 3939 perversi
638 3868 911 3940 dogmatis
948 3867 1299 3925 suasionibus
1346 3864 1644 3936 perniciem
1683 3879 1748 3920 ac
1774 3862 1944 3920 detri-

349 3965 611 4021 mentum,
643 3957 788 4029 quod
808 3957 972 4023 absit,
1005 3956 1201 4012 animae
1225 3963 1422 4012 vestrae
1464 3953 1764 4025 patiamini,
1804 3968 1946 4024 quo-

346 4045 492 4102 niam
520 4061 621 4103 nos
645 4045 703 4101 in
730 4053 941 4101 tantum
985 4060 1227 4100 amorem
1257 4059 1421 4116 super
1450 4059 1549 4099 vos
1591 4041 1858 4109 ducimur,
1893 4048 1950 4095 ut

352 4134 612 4207 quidquid
634 4135 781 4205 juste
803 4142 857 4191 et
882 4134 1178 4190 secundum
1201 4134 1380 4187 Deum
1395 4130 1683 4203 petieritis,
1717 4146 1752 4184 a
1792 4128 1951 4184 nobis

350 4223 640 4293 impetrare
680 4223 920 4289 Valentis,
935 4221 1240 4294 vestrisque
1271 4220 1621 4291 petitionibus
1650 4218 1951 4290 irrefraga-

355 4311 536 4368 biliter
559 4312 787 4368 velimus
816 4310 1071 4368 effectum
1085 4325 1343 4365 annuere.
1369 4311 1483 4364 Hoc
1505 4308 1700 4363 iterum
1726 4306 1954 4362 iterum-

346 4416 465 4483 .que
489 4415 795 4469 monemus,
832 4408 885 4454 et
915 4399 972 4454 in
1009 4398 1179 4455 verbo
1209 4398 1426 4453 Christo
1471 4395 1756 4463 edicimus,
1792 4403 1850 4451 ut
1877 4411 1957 4451 re-

360 4488 476 4544 dire
500 4489 572 4543 ad
604 4504 707 4544 nos
762 4489 983 4544 omnino
1021 4487 1319 4552 festinetis;
1350 4485 1499 4557 quia,
1532 4486 1669 4540 sicut
1697 4500 1799 4539 nos
1829 4500 1959 4555 pec-
2000 4490 2061 4558 Γ)

360 4590 491 4634 care
520 4577 794 4643 timemus,
828 4577 874 4631 si
904 4593 1004 4632 vos
1022 4576 1092 4635 ad
1109 4576 1287 4630 sinuin
1314 4582 1518 4630 sanctae
1549 4572 1735 4627 matris
1763 4581 1958 4627 vestrae

350 4680 474 4734 non
505 4666 848 4735 deducimus,
879 4665 957 4720 ita
987 4681 1087 4721 vos
1134 4664 1188 4718 in
1220 4663 1396 4719 Deum
1432 4661 1751 4733 peceabitis,
1779 4663 1828 4716 si
1851 4676 1957 4716 no—

367 4764 535 4809 stram
564 4769 754 4811 vocem
784 4754 975 4810 audire
1006 4753 1291 4809 omittatis.
1337 4753 1471 4807 Data
1499 4755 1563 4807 ut
1583 4767 1774 4823 supra.

1032 4856 1276 4912 CCXIX.

767 4961 841 5002 ΑΒ
867 4960 1142 5003 θεῡεεειλ
1150 4960 1263 5000 Vill
1291 4958 1557 5000 εουιτει.

974 5038 1159 5106 (Anno
1190 5034 1339 5104 s79.)

374 5134 641 5211 Parneipit
659 5137 727 5211 ut
758 5134 938 5211 legato
963 5132 1212 5211 quemad
1234 5146 1415 5203 regem
1436 5130 1807 5211 Bulgarorum

447 5205 521 5258 tit
552 5202 665 5260 iter
685 5202 873 5260 tutum
897 5202 1139 5277 praebeat
1172 5219 1237 5260 ac
1270 5202 1591 5257 necessaria
1625 5202 1960 5272 suppeditet.

441 5308 653 5369 Dilecto
701 5308 811 5368 ﬁlio
846 5311 1207 5369 Subsecuvo
1236 5307 1482 5382 glorioso
1509 5306 1694 5363 comiti
1738 5307 1964 5364 Sclavo—

366 5407 495 5456 sum
518 5407 567 5456 ³.

378 5587 394 5636 1
448 5516 776 5638 12:83:“!
790 5518 1010 5571 Historia
1029 5516 1324 5571 Μηοοιιεηω
1340 5510 1432 5567 lib.
1484 5522 1585 5566 Xvn
1626 5515 1681 5565 in
1700 5513 1949 5576 Mauricio,

398 5616 419 5638 .
439 5600 491 5637 ιι
692 5624 703 5635 .

398 5616 419 5638 ο
439 5600 526 5637 ιιι
549 5600 598 5638 Ol
619 5600 703 5636 Ζδ.

2707 1957 2918 2013 CCXX.

2394 2056 2466 2099 AD
2503 2058 2825 2102 θιιεαοιιιωί
2854 2058 3239 2117 ΡΒΙΜΙΟΕΒιυΜτ

2638 2135 2820 2205 (Anno
2848 2137 2999 2206 879.)

2032 2222 2206 2295 Rogat
2224 2224 2301 2295 ut
2317 2223 2524 2294 legatos
2545 2223 3201 2295 Constantimpolitanos
3222 2225 3293 2279 ad
3307 2239 3366 2279 se
3396 2224 3623 2291 mittat;

2088 2294 2415 2366 pollicetur,
2453 2311 2583 2349 cum
2605 2295 2953 2349 Francorum
2990 2311 3096 2350 rex
3130 2296 3358 2351 Romam
3380 2295 3617 2359 venerit,

2096 2365 2154 2421 se
2184 2365 2255 2421 ad
2276 2381 2406 2421 eum
2420 2366 2646 2420 auxilio
2668 2367 2911 2421 iturum.

2098 2452 2308 2509 Dilecto
2353 2450 2467 2507 lilio
2497 2453 2794 2508 Gemuere
2821 2453 3135 2524 primicerio
3164 2469 3230 2509 ac
3250 2453 3431 2523 bajulo
3452 2453 3625 2525 impe-

2020 2542 2165 2598 riali.
2390 2564 2398 2569 -
2636 2546 2640 2553 ‘

2100 2631 2439 2704 Religionem
2469 2639 2575 2685 tum
2592 2631 2871 2686 charitatis
2893 2630 2950 2686 in
2978 2630 3191 2686 Christo
3224 2640 3276 2686 et
3295 2631 3348 2685 in
3370 2631 3489 2703 eius
3514 2632 3626 2687 Ec—

2029 2721 2195 2776 clesia
2223 2719 2620 2778 collaudamus.
2654 2728 2707 2774 et
2736 2728 2793 2774 ut
2834 2719 3012 2791 magis
3042 2736 3103 2775 ac
3149 2720 3328 2793 magis
3367 2720 3420 2774 in
3482 2720 3626 2774 bono

1978 2826 1985 2829 ‘
2029 2826 2194 2881 opere
2225 2807 2482 2879 proﬁcias
2509 2810 2877 2864 exhortamur.
2912 2810 3147 2879 Legatos
3189 2809 3258 2863 ab
3301 2808 3438 2863 urbe
3480 2808 3629 2863 Con-

2032 2897 2513 2969 stantinopolitano.
2557 2898 2627 2952 ad
2674 2911 2775 2952 nos
2820 2896 3061 2953 directos
3107 2914 3208 2968 per
3236 2898 3624 2960 Beneventum,

2032 2986 2228 3041 deinde
2258 3003 2357 3057 per
2402 2986 2640 3056 Capuam
2679 2985 2876 3059 dirige,
2928 2985 3181 3058 quoniam
3203 2986 3313 3054 jam
3363 2984 3630 3039 habemus

2034 3075 2461 3146 praeordinatum
2503 3072 2755 3145 qualiter,
2808 3074 2924 3129 Deo
2981 3074 3216 3142 volente,
3247 3073 3315 3127 ad
3354 3088 3454 3127 nos
3495 3070 3634 3127 salvi

1962 3136 2013 3201 Ο
2032 3136 2190 3236 atque
2220 3163 2376 3218 illmsi
2408 3136 2753 3233 perveniant:
2780 3162 2861 3217 De
2890 3170 3079 3218 nostro
3110 3162 3181 3217 ad
3203 3136 3327 3216 'vos
3376 3160 3632 3226 adventu,

2034 3252 2180 3326 quod
2211 3261 2322 3320 tua,
2356 3249 2432 3305 ﬁli
2475 3250 2814 3315 charissime,
2849 3250 3067 3306 dilectio
3114 3258 3504 3323 perscrutatur,
3532 3263 3636 3320 pro

2030 3349 2185 3399 certo
2202 3340 2567 3397 deliberatum
2594 3339 2911 3405 habuimus;
2944 3340 3043 3395 sed
3086 3356 3185 3396 rex
3218 3339 3548 3395 Francorum
3566 3337 3637 3392 ad

2036 3447 2136 3485 nos
2163 3443 2468 3500 properans
2513 3427 2828 3500 suppliciter
2868 3428 3115 3498 deposcit
3160 3435 3219 3483 nt
3248 3427 3317 3483 ab
3354 3426 3498 3483 Urbe
3527 3440 3635 3480 non

2039 3518 2385 3575 discedamus
2404 3533 2675 3590 quoquam
2708 3518 2880 3574 donec
2901 3517 3019 3589 ipse
3037 3516 3333 3588 perveniat.
3355 3514 3461 3585 Qui
3490 3530 3633 3579 cum,

2040 3602 2273 3665 Domino
2302 3614 2644 3681 protegente,
2666 3606 2877 3662 venerit
2893 3623 3018 3662 cum
3047 3598 3228 3662 valida
3257 3607 3442 3671 manu,
3472 3610 3637 3674 prout

2042 3707 2346 3768 temporum
2376 3695 2518 3751 dicta
2545 3695 2859 3762 necessitas,
2892 3695 3018 3751 illuc
3048 3694 3197 3749 omni
3228 3708 3383 3750 mora
3412 3700 3636 3765 postpo-

2044 3785 2164 3852 sita,
2224 3782 2564 3842 studebimus
2633 3783 2961 3841 omnimodis
3011 3798 3325 3855 properare,
3354 3797 3454 3854 pro
3472 3779 3636 3838 totius

2046 3882 2243 3931 sanctae
2274 3873 2373 3930 Dei
2403 3870 2664 3930 Ecclesiae
2692 3882 2745 3929 et
2775 3873 3015 3930 omnium
3059 3872 3482 3928 Christianorum
3540 3862 3643 3926 sal-

2048 3963 2288 4018 vatione.
2319 3956 2457 4017 Data
2488 3961 2650 4017 vrdie
2678 3960 2824 4031 Maii,
2855 3960 3150 4017 indictione
3180 3975 3279 4014 κη.

2725 4112 2964 4167 CCXXI.

2477 4214 2549 4254 AD
2592 4212 2861 4255 “'I'BODUR
2890 4212 3218 4254 EPISCOPUM.

2669 4290 2850 4360 (Anno
2880 4290 3030 4355 8’19.)

2060 4381 2125 4438 Ut
2143 4378 2292 4451 apud
2317 4379 2810 4443 Carolomannum,
2838 4378 2922 4433 vel
2964 4378 3227 4451 Carolum
3248 4378 3368 4451 ejus
3380 4377 3645 4451 fratrem,

2130 4445 2199 4506 de
2232 4451 2479 4522 Ecclesia
2510 4452 2608 4505 Dei
2636 4467 2669 4504 a
2688 4465 3039 4522 paganorum
3070 4445 3645 4522 iu/Estationibusde-

2135 4521 2419 4593 fendenda
2444 4517 3285 4593 agat;et'si'archicapellanus
3325 4517 3511 4593 Caroli
3548 4517 3647 4571 Ro-

2126 4588 2282 4647 mam
2316 4588 2551 4657 venerit,
2602 4592 2721 4664 ipse
2770 4608 2979 4664 quoque
3024 4588 3261 4664 ueniat,-
3301 4590 3393 4644 sin
3428 4588 3642 4664 minus,

2130 4681 2323 4720 eorum
2344 4681 2537 4737 regum
2556 4660 2907 4718 voluntatem
2927 4663 3030 4718 sibi
3053 4662 3262 4717 litteris
3294 4660 3536 4730 aperiat.

2126 4778 2608 4843 Reverendissimo
2663 4777 2941 4832 thaono
3000 4776 3281 4847 episcopo,
3322 4781 3380 4829 et
3445 4771 3648 4829 dilecto

2060 4869 2354 4926 consiliaro
2382 4879 2588 4924 nostro.

2132 4958 2268 5013 Cum
2296 4956 2516 5012 assidue
2547 4971 2647 5011 vos
2674 4954 2828 5028 quasi
2858 4953 3236 5010 charissimum
3263 4950 3434 5008 ﬁlium
3462 4952 3520 5008 in
3548 4967 3653 5009 no—

2062 5055 2174 5102 stro
2200 5046 2483 5118 cupiamus
2512 5045 2712 5100 habere
2740 5042 3021 5114 obsequio,
3046 5043 3301 5113 placeret
3318 5057 3467 5099 nunc
3496 5040 3654 5097 nobis

2060 5152 2166 5207 pro
2190 5135 2445 5191 instantis
2492 5133 2755 5204 temporis
2802 5131 3188 5202 multiplicibus
3246 5130 3427 5191 causis
3476 5138 3656 5186 vestro

2066 5225 2252 5299 sagaci
2281 5223 2509 5281 consilio
2563 5222 2695 5287 frui;
2746 5220 2845 5276 sed
2894 5220 3019 5293 quia
3062 5220 3381 5276 industriam
3414 5228 3651 5277 vestram

2066 5330 2133 5370 ea
2161 5330 2281 5387 quae
2306 5313 2377 5369 ad
2404 5313 2670 5370 honorem
2695 5319 2897 5368 sanctae
2928 5310 3029 5367 Dei
3042 5310 3303 5368 Ecclesiae
3332 5326 3398 5369 ac
3418 5318 3657 5366 nostrum

2061 5404 2359 5476 pertinent,
2418 5417 2638 5475 semper
2682 5401 2881 5474 ubique
2947 5416 3115 5472 agere
3170 5400 3315 5457 fideli
3373 5398 3659 5457 devotione

2133 5505 2160 5542 δ
2185 5510 2436 5565 Aitnoinus
2475 5509 2562 5561 lib.
2586 5523 2654 5572 tv,
2681 5522 2725 5560 c.
2754 5509 2821 5560 26
2844 5514 2894 5561 et
2917 5509 3001 5559 81.
3030 5509 3282 5561 Cedrenus
3306 5508 3357 5558 in
3396 5505 3657 5568 Man-iota,

2068 5579 2387 5642 Nicephorus,
2413 5577 2497 5627 lib.
2522 5591 2663 5635 xvm,
2693 5592 2737 5626 ς.
2765 5577 2849 5627 28.
