4160 6320
601 261 702 311 8.)ὄὸ

600 467 845 523 stolicam
889 467 1074 523 venire
1128 469 1477 538 praesentiam
1523 483 1630 523 non
1679 484 1993 540 gravamns.
2039 469 2192 537 Qua-

596 564 819 627 propter
845 565 1039 612 vestrte
1067 557 1462 612 innotescimus
1495 556 1772 613 dilectioni
1803 557 2060 628 quoniam
2095 573 2190 612 as-

597 645 749 700 sidua
779 653 832 700 et
859 660 1026 715 supra
1046 644 1268 698 modum
1298 644 1456 716 gravi
1485 659 1820 717 paganorum
1848 644 2192 712 infestatione

596 733 828 804 gravati,
862 733 1152 802 cujuslibet
1181 733 1331 803 regis
1354 733 1467 800 jam
1497 733 1842 804 cupissemus
1861 734 2063 788 habere
2095 750 2190 788 so-

595 823 803 876 latium.
836 821 990 877 Unde
1021 821 1066 875 si
1120 820 1569 876 Carolomannum
1603 839 1764 891 posse
1815 823 2192 877 incunctanter

593 908 909 983 agnoscitis,
943 909 1087 979 apud
1143 909 1290 962 illum
1314 927 1330 973 ;
1361 909 1447 964 sin
1474 918 1672 975 autem,
1695 910 1842 980 apud
1869 926 2192 982 germanum

597 1009 648 1053 et
676 998 1016 1069 tequivocum
1047 997 1181 1066 ejus,
1201 997 1456 1053 Carolum
1485 997 1738 1054 videlicet
1767 997 2066 1070 gloriosum
2095 1015 2190 1054 re-

596 1103 744 1160 gem,
795 1101 989 1141 causas
1035 1093 1088 1140 et
1128 1085 1386 1142 utilitates
1435 1094 1637 1142 sancta
1681 1087 1828 1141 sedis
1877 1087 2190 1157 apostolicae

595 1174 844 1246 prudenti
869 1173 1130 1228 duntaxat
1158 1173 1390 1228 consilio
1417 1189 1590 1246 agere
1619 1182 1694 1240 et,
1725 1175 1841 1230 Deo
1869 1174 2185 1241 auxiliante,

595 1264 663 1318 ad
694 1262 987 1334 perfectum
1010 1261 1284 1318 deducere
1315 1262 1595 1334 satagatis,
1621 1269 1885 1332 quatenus
1904 1262 2190 1334 pristinum

596 1353 712 1421 ejus
742 1352 1002 1406 honorem
1037 1357 1197 1420 atque
1242 1349 1490 1422 vigorem
1529 1349 1697 1420 ipsius
1725 1350 1877 1421 regia
1906 1351 2184 1418 majestas,

596 1455 746 1494 more
797 1437 1080 1514 videlicet,
1110 1446 1397 1508 parentum
1483 1453 1728 1502 suorum,
1787 1447 2077 1494 conservet
2131 1439 2188 1494 in

597 1527 870 1584 omnibus.
903 1526 1177 1580 Prmterea
1206 1526 1252 1580 si
1293 1524 1416 1580 talis
1459 1525 1929 1596 archicapellanus
1944 1527 2059 1595 jam
2087 1526 2187 1581 fati

597 1615 774 1670 Caroli
804 1614 974 1687 regis,
1009 1614 1148 1669 sicut
1177 1614 1336 1669 nobis
1363 1615 1676 1680 mandastis,
1713 1615 1942 1681 venerit,
1988 1615 2058 1670 ad
2087 1630 2184 1670 no-

1847 259 2143 313 JO.\E\'NIS
2205 257 2395 311 I‘AI’J‘Z
2443 258 2560 311 VIII
2575 299 2586 311 .

599 381 737 435 velle
768 380 956 450 procul
985 379 1154 434 dubio
1181 380 1477 447 credimus,
1512 397 1654 435 ituuc
1683 383 1750 435 ad
1779 391 2020 435 nostram
2049 396 2187 451 apo-
2219 382 2268 439 Α

3795 258 3900 306 835

2933 379 3222 434 CCXXIII.

2817 482 3291 522 ARCHIEPISCOPUM
3337 477 3832 520 MBDIOIANEXSEN.

2909 541 3090 607 (Anno
3120 541 3268 606 879.)

2293 631 2494 702 Arguit
2511 645 2642 685 cum
2675 629 2827 702 quod,
2855 628 3026 702 tertio
3067 630 3293 702 vocatus
3330 625 3402 702 ad
3429 625 3737 702 concilium
3769 641 3888 702 non

2367 693 2616 759 uenerit;
2654 693 2928 771 prcecipitg
2947 702 3011 752 ut
3059 699 3129 753 ad
3157 697 3448 771 _:ynodam
3483 693 3888 771 celebrandum

2364 789 2493 826 cum
2527 768 2960 842 suis'cpiscopis
3002 769 3252 833 accedat,
3284 771 3340 842 et
3374 784 3504 822 cum
3533 768 3883 842 Francorum

2361 842 2584 913 regibus
2593 841 2696 914 qui
2717 837 3022 914 inltdliam
3041 837 3565 914 fuerantiingressi,
3580 909 3590 914 _
3599 837 3884 914 placitum

2361 908 2476 968 no'n
2489 908 2668 973 faciat
2681 931 2697 965 :
2709 911 2882 966 aliter
2897 908 3484 966 excomunicationcm
3510 909 3790 962 minatur.

2361 998 2838 1056 Reverendissimo
2870 1007 2924 1053 et
2961 997 3306 1053 sanctissimo
3354 999 3651 1050 Auernum
3692 995 3884 1050 archi-

2290 1089 2550 1159 episcopo
2579 1086 2988 1143 Mediolanensi.

2360 1177 2541 1232 Multas
2567 1174 2950 1231 inobedientizn
2994 1183 3157 1246 atque
3195 1174 3514 1245 perniciosae
3563 1175 3884 1231 temeritatis

2287 1265 2480 1336 procul
2509 1264 2677 1320 dubio
2706 1263 2968 1334 reperiris
2993 1263 3280 1328 obnoxius,
3299 1279 3421 1319 cum
3451 1263 3609 1318 nobis
3636 1280 3737 1334 pro
3769 1265 3879 1320 Ec-

2286 1354 2576 1409 clesiarum
2607 1353 2707 1407 Dei
2751 1352 2994 1408 omnium
3022 1359 3178 1420 juxta
3222 1352 3543 1423 Apostolum
3589 1353 3878 1407 commissa

2286 1441 2646 1497 sollicitudine
2677 1439 2973 1512 populique
3004 1441 3172 1495 salute
3203 1439 3258 1495 in
3289 1441 3396 1496 hoc
3415 1441 3724 1511 periculoso
3743 1449 3878 1496 tem-

2285 1547 2435 1601 pore,
2473 1531 2798 1586 necessitate
2831 1529 3038 1586 scilicet
3067 1529 3230 1584 nimia
3247 1537 3498 1601 cogente,
3530 1539 3746 1585 strenue
3773 1531 3873 1585 de-

2283 1619 2639 1686 certantibus,
2669 1619 2896 1684 nullum,
2931 1626 2988 1672 ut
3015 1617 3303 1689 oportebat
3328 1619 3579 1688 praebere
3594 1633 3871 1674 assensum

2341 485 2411 523 AD
2445 484 2726 526 ANSPEBTU
2735 485 2770 522 5|

597 1713 819 1776 straque
849 1703 1149 1774 apostolica
1181 1703 1412 1775 vestigia
1455 1703 1656 1792 missus
1701 1719 2000 1792 properare
2029 1720 2182 1774 qute-
2220 1731 2276 1792 Β
2297 1707 2632 1779 nullumque,
2660 1707 2825 1762 veluti
2853 1707 3015 1777 capiti
3045 1715 3138 1761 tuo
3181 1706 3577 1777 compatiendo,
3628 1708 3874 1762 studuisti

601 1793 752 1848 sierit
779 1792 1034 1846 volumus
1063 1800 1267 1846 etcum
1305 1806 1371 1846 eo
1418 1791 1487 1846 ad
1533 1808 1634 1846 nos
1675 1791 1878 1862 pariter
1926 1792 2192 1860 veniatis;

601 1889 657 1934 ut
687 1879 963 1937 communi
995 1887 1228 1934 tractatu
1269 1879 1398 1950 quid
1427 1896 1529 1950 pro
1561 1879 1818 1935 Ecclesiae
1853 1881 1951 1935 Dei
1982 1881 2192 1936 exalta-

591 1970 740 2036 tione
779 1968 1051 2039 agendum
1082 1967 1168 2036 sit,
1199 1968 1400 2039 pariter
1427 1967 1856 2024 consideremus.
1885 1969 1979 2024 Sin
2011 1977 2192 2025 autem

587 2057 707 2128 ipse
755 2057 980 2112 Romam
1019 2072 1126 2111 non
1169 2057 1396 2124 venerit,
1442 2072 1508 2112 eo
1565 2057 1856 2127 diligenter
1910 2057 2192 2129 inquisito-

595 2162 788 2202 causas
820 2145 1186 2200 etvoluntates
1202 2154 1364 2216 atque
1379 2144 1698 2200 devotiones
1727 2145 1812 2201 vel
1833 2146 2186 2213 Caroloman,

591 2235 666 2299 ni,
699 2234 786 2290 vel
814 2234 982 2305 ipsius
1011 2233 1258 2305 germani
1293 2233 1406 2302 jam
1437 2233 1564 2289 dicti
1609 2233 1759 2306 regis
1805 2234 1968 2290 nobis
1995 2234 2190 2290 litteris

598 2323 792 2378 vsstris
825 2323 925 2376 sub
957 2322 1104 2376 omni
1134 2321 1459 2377 certitudine
1502 2321 1917 2392 praesentialiter
1943 2323 2190 2382 innotes:

592 2411 750 2476 catis,
793 2419 850 2465 ut
880 2410 1008 2483 quid
1052 2426 1318 2481 prospere
1375 2411 1649 2484 agendum
1705 2410 1774 2465 sit
1829 2412 1948 2468 luce
1986 2411 2190 2468 clarius

593 2515 980 2573 agnoscamus.
1013 2499 1182 2568 Hujus
1202 2515 1420 2570 quoque
1439 2506 1642 2554 textum
1664 2499 1925 2570 epistolae,
1978 2509 2036 2555 ut
2062 2501 2190 2555 nul—

587 2589 674 2644 lus
704 2595 986 2662 agnoscat,
1019 2603 1140 2644 cum
1183 2587 1446 2660 legeritis,
1476 2587 1657 2643 statim
1685 2587 1812 2659 igne
1864 2589 2182 2645 comburite.

589 2679 729 2732 Data
750 2681 816 2732 ut
844 2693 1035 2748 supra.

1255 2853 1520 2908 CCXXII.

1033 3002 1102 3040 AD
1157 3001 1415 3040 BOSONEM
1451 3001 1718 3040 COMITEM.

1204 3112 1384 3179 (Anno
1407 3111 1557 3178 879.)

591 3239 791 3294 Scribi!
820 3255 877 3292 sc
912 3237 1374 3308 tacitumrtener‘c
1413 3233 1554 3308 quod
1582 3239 1794 3308 secreto
1815 3252 1889 3290 ea:
1923 3237 2040 3308 ipso
2071 3252 2183 3290 au-

655 3309 860 3373 dierat,
914 3312 971 3363 et
1013 3305 1342 3371 auailimn,’
1386 3305 1528 3378 quod
1577 3305 1955 3378 promiserat;
2006 3308 2073 3360 ab
2119 3323 2182 3363 eo

656 3380 886 3434 omnino
907 3381 1240 3450 exspectare
1267 3377 1578 3448 ;praéterca
1597 3393 1656 3432 se
1685 3377 1821 3432 bene
1851 3378 2054 3432 valere.

663 3501 943 3569 Secretnm
975 3511 1141 3584 quod,
1176 3510 1290 3564 Deo
1321 3509 1632 3575 auxiliante,
1663 3509 1943 3565 vobiscum
1999 3509 2182 3566 Trecis

587 3602 884 3658 existentes
933 3599 1242 3663 habuimus,
1287 3597 1666 3653 immutilatum
1696 3613 1761 3653 ac
1790 3595 1954 3653 ﬁxum
1992 3606 2180 3654 nostro

581 3690 876 3761 apostolico
903 3687 1302 3760 pectore,quasi
1334 3687 1610 3758 quoddam
1639 3688 1956 3742 thesaurum
1986 3703 2181 3743 recon-

588 3778 759 3832 ditum
790 3777 983 3848 procul
1015 3775 1181 3830 dubio
1206 3774 1518 3839 retinemus,
1553 3783 1606 3830 et
1633 3775 1778 3840 totis,
1809 3775 1920 3830 vita
1961 3775 2176 3842 comite,

568 3867 797 3920 nisibus
828 3865 982 3929 illud,
1013 3871 1272 3935 quantum
1303 3863 1359 3916 in
1410 3862 1568 3918 nobis
1609 3871 1711 3929 est,
1745 3862 1995 3919 alacriter
2022 3873 2179 3935 opta-

585 3971 708 4010 mus
725 3953 1012 4025 perficere.
1045 3950 1390 4022 Quapropter
1429 3951 1474 4005 si
1508 3950 1844 4008 excellentia:
1889 3961 2082 4008 vestrae
2109 3951 2178 4008 li-

585 4045 693 4110 bet,
721 4044 836 4112 jam
866 4043 968 4099 hoc
996 4042 1176 4114 ipsum
1223 4042 1292 4096 ad
1323 4039 1576 4097 effectum
1605 4040 1814 4096 debetis
1852 4041 2174 4112 perducere.

583 4132 720 4202 Quia
750 4132 898 4201 juxta
931 4139 1177 4187 sanctum
1225 4129 1544 4201 Apostolum
1578 4129 1960 4186 admonentem
1994 4147 2006 4185 :
2041 4132 2178 4187 Ecce

586 4240 742 4278 nunc
760 4225 980 4294 tempus
1003 4221 1362 4293 acceptabile,
1387 4237 1512 4276 ecce
1545 4236 1700 4276 nunc
1729 4219 1846 4276 dies
1875 4220 2082 4276 salutis
2105 4220 2183 4288 (11

587 4312 707 4369 Cor.
739 4311 862 4381 vn),
895 4310 1092 4382 quibus
1121 4309 1334 4365 favente
1363 4309 1618 4375 Domino,
1643 4315 1819 4364 vestra
1849 4308 2079 4379 potestis
2099 4307 2178 4364 ef-

584 4399 824 4456 ticaciter
878 4398 1150 4454 desideria
1198 4397 1438 4468 explere.
1487 4397 1600 4452 Nos
1658 4397 1802 4451 enim
1825 4396 2177 4468 sponsionem

583 4497 823 4544 vestram
854 4487 1075 4542 nimium
1107 4485 1504 4558 praestolantes,
1537 4485 1634 4538 sed
1676 4501 1848 4556 usque
1881 4485 2059 4540 adhuc
2082 4485 2179 4540 mis

583 4577 726 4632 nime
754 4575 1198 4646 contemplantes,
1231 4573 1415 4628 tristes
1432 4572 1732 4642 existimus,
1766 4589 1832 4627 eo
1862 4573 2008 4644 quod
2035 4573 2177 4628 assi-

580 4666 718 4720 duas
747 4675 799 4720 et
838 4679 1004 4736 supra
1025 4663 1244 4719 modum
1271 4677 1472 4735 graves
1503 4675 1844 4734 paganorum
1875 4659 2176 4717 infestatio-

583 4770 680 4808 ues
723 4752 1050 4809 omnimodis
1090 4751 1397 4824 patiamur;
1455 4758 1506 4805 et
1562 4748 1765 4806 idcirco
1808 4765 1910 4820 pro
1957 4749 2180 4806 instanti

583 4842 906 4897 necessitate
963 4841 1068 4896 alio
1135 4839 1373 4912 dirigere
1417 4838 1783 4910 auxiliumque
1813 4845 2180 4909 opportunum

581 4931 1026 5001 praetermisimus
1057 4945 1322 5000 querere.
1357 4927 1530 4993 Unde,
1551 4927 1597 4982 si
1618 4927 1796 4997 placet
1821 4943 2006 5000 agere,
2031 4927 2177 4999 quod

581 5019 853 5091 agendum
909 5027 990 5074 est
1037 5017 1182 5089 agite
1229 5016 1360 5072 :sin
1407 5024 1608 5080 autem,
1651 5015 1810 5071 nobis
1852 5017 2176 5072 remandare

583 5106 701 5162 sine
721 5123 874 5162 mora
895 5107 1142 5179 satagite.
1177 5104 1317 5174 Quia
1346 5121 1480 5160 vero
1509 5105 1581 5161 de
1611 5103 1785 5161 salute
1810 5113 1998 5161 nostra
2018 5102 2176 5160 solli-

581 5195 672 5252 citi
705 5195 978 5266 gaudetis,
1011 5203 1208 5250 vestrae
1227 5193 1620 5251 innotescimus
1639 5193 2021 5269 magnitudini,
2047 5192 2178 5264 quia

581 5294 634 5341 et
665 5300 1011 5356 prosperum,
1045 5283 1280 5348 Christo.
1313 5283 1471 5346 duce,
1510 5284 1832 5340 revertendo
1859 5283 1964 5339 iter
1992 5281 2177 5338 habui-

581 5392 718 5434 mus.
755 5383 802 5427 et
837 5390 977 5428 nunc
1008 5389 1276 5444 corporea
1297 5372 1528 5428 sanitate
1559 5374 1703 5428 bene
1733 5372 1996 5428 valemus.
2038 5371 2176 5426 Data

585 5467 643 5518 ut
666 5479 857 5532 supra.

2208 3089 2258 3150 C

2293 1797 2545 1853 conferre
2600 1795 2872 1852 solatium.
2923 1795 3102 1850 Missis
3139 1795 3300 1850 etiam
3334 1795 3670 1866 apostolatus
3705 1796 3874 1851 nostri

2293 1887 2536 1941 secundo
2565 1900 2631 1940 ac
2652 1885 2813 1940 tertio
2843 1900 2938 1955 per
2967 1883 3163 1939 fratres
3194 1892 3247 1938 et
3275 1883 3632 1955 coepiscopos
3663 1891 3874 1940 nostros

2292 1973 2500 2038 litteris,
2535 1973 2592 2028 in
2624 1973 2956 2028 consortium
2999 1971 3374 2028 sollicitudinis
3408 1979 3610 2028 nostra:
3645 1980 3698 2028 te
3725 1988 3877 2027 more

2291 2077 2690 2134 praecessorum
2719 2069 3052 2127 nostrorum,
3085 2068 3270 2132 utpote
3298 2061 3554 2116 idoneum
3583 2061 3872 2117 commini-

2291 2159 2483 2219 strum,
2516 2151 2750 2222 primum
2779 2150 2998 2222 quidem
3029 2149 3085 2204 in
3111 2148 3289 2204 Gallia
3314 2157 3368 2204 et
3395 2150 3738 2220 postmodum
3770 2151 3873 2204 Pa-

2287 2239 2393 2311 piae
2430 2239 2792 2296 consistentes
2833 2237 3094 2294 canonice
3133 2237 3466 2300 vocavimus.
3513 2238 3611 2292 sed
3655 2239 3874 2294 minime

2288 2344 2581 2384 occurrere
2613 2327 2850 2382 voluisti.
2880 2325 3138 2398 Regulari
3166 2325 3327 2381 etiam
3357 2333 3411 2380 et
3439 2334 3627 2381 nostra
3653 2336 3874 2396 aposto-

2287 2417 2388 2473 lica
2417 2417 2702 2473 vocatione
2723 2416 2988 2484 jussimus
3018 2423 3077 2470 ut
3103 2415 3328 2470 Romam
3355 2430 3457 2485 pro
3485 2421 3593 2468 tam
3616 2414 3878 2486 multipli-

2287 2506 2440 2561 cibus
2501 2504 2920 2562 necessitatibus
2964 2504 3020 2558 in
3064 2518 3349 2560 commune
3394 2503 3765 2574 pertratandis
3807 2519 3875 2560 ac

2288 2594 2545 2665 synodice
2574 2593 2945 2665 deliberandis
2964 2591 3218 2663 negotiis,
3252 2591 3440 2647 venire
3459 2591 3668 2664 absque
3697 2592 3872 2664 quoli-

2286 2664 2377 2738 bet
2405 2683 2628 2738 obtentu
2660 2664 2969 2754 satageres;
3001 2681 3097 2737 sed
3119 2697 3294 2752 neque
3332 2679 3634 2736 secundum
3654 2681 3872 2736 canoni-

2285 2787 2404 2826 cam
2460 2771 2798 2827 sanctionem
2855 2769 3262 2826 excusationem
3316 2777 3466 2823 tuam
3519 2769 3576 2823 in
3610 2769 3871 2824 tractoria

2287 2861 2544 2930 scriptam
2589 2860 2748 2916 nobis
2789 2868 2841 2914 et
2870 2867 3074 2915 sancta:
3099 2858 3307 2930 synodo
3349 2857 3705 2930 peridoneum
3734 2873 3768 2912 a
3795 2858 3873 2913 la-

2286 2957 2400 3004 tere
2431 2957 2523 3004 tuo
2551 2949 2860 3004 ministrum
2886 2947 3148 3022 dirigere,
3181 2963 3358 3019 neque
3388 2947 3505 3016 ipse
3540 2947 3718 3018 potius
3773 2963 3873 3001 ve-

2283 3037 2421 3105 nire,
2485 3037 2784 3108 improvida
2847 3037 3101 3092 duntaxat
3155 3044 3337 3090 mente
3383 3035 3604 3104 curasti,
3649 3041 3707 3089 ut
3768 3051 3872 3088 una

2281 3125 2586 3195 nobiscum,
2619 3126 2710 3198 qui
2759 3134 3000 3180 vestrum
3047 3124 3290 3181 omnium
3347 3139 3513 3180 onera
3569 3131 3870 3194 portamus,

2274 3216 2426 3285 juxta
2453 3224 2786 3288 praeceptum
2833 3215 3096 3285 Apostoli,
3131 3231 3193 3269 ea
3236 3221 3451 3284 portare
3479 3213 3626 3268 omni
3672 3213 3872 3268 annixn

2282 3305 2546 3360 studeres.
2599 3304 2706 3359 Pro
2766 3303 2962 3376 quibus
3011 3301 3262 3358 videlicet
3319 3310 3392 3358 tot
3448 3301 3870 3357 evidentissimis

2281 3392 2460 3464 culpis
2489 3400 2543 3448 et
2563 3391 2863 3448 temerariis
2887 3391 3397 3463 prmsumptionibus
3440 3406 3472 3445 a
3517 3398 3570 3445 te
3612 3389 3866 3461 peractis,

2283 3497 2392 3537 una
2446 3498 2568 3537 cum
2619 3480 2927 3538 veneranda
2995 3481 3206 3551 synodo
3269 3489 3392 3534 ante
3447 3478 3869 3535 sacratissimum

2283 3571 2426 3626 beati
2447 3570 2592 3625 Petri
2621 3569 2991 3642 apostolorum
3018 3568 3280 3641 principis
3307 3584 3503 3640 corpus
3531 3567 3733 3632 habita,
3777 3583 3869 3622 se-

2281 3660 2520 3716 cundum
2591 3659 2970 3714 immutilatam
3046 3657 3286 3714 Africani
3343 3656 3558 3713 concilii
3623 3656 3868 3730 regulam

2283 3749 2472 3812 (Coac.
2507 3749 2684 3820 Afric.
2725 3764 2844 3819 cap.
2895 3747 3336 3820 Carthagincnse
3375 3761 3428 3812 v,
3462 3761 3511 3802 c.
3551 3746 3660 3810 10‘),
3692 3753 3744 3800 te
3800 3744 3869 3800 ad

2281 3837 2570 3894 concilium
2587 3828 2845 3892 nostrum
2872 3852 2980 3891 non
3009 3843 3410 3903 occurrentem,
3438 3850 3616 3906 neque
3647 3849 3868 3889 excusa-

2283 3927 2483 3982 tionem
2546 3935 2691 3980 tuam
2744 3925 2798 3978 in
2853 3923 3109 3980 tractoria
3169 3923 3620 3988 subscribentem,
3691 3938 3870 3994 neque

2273 4015 2473 4086 justam
2505 4013 2770 4069 rationem
2806 4013 3177 4084 impedimenti
3221 4011 3299 4066 tui
3328 4011 3474 4083 apud
3502 4026 3602 4067 nos
3630 4011 3868 4066 omnium

2281 4112 2522 4159 vestrum
2551 4102 2838 4174 primatem
2876 4101 3106 4158 reddere
3136 4107 3434 4166 curantem,
3467 4099 3614 4154 omni
3641 4113 3870 4171 prorsus

2280 4192 2646 4249 ecclesiastica
2689 4191 3092 4256 communione,
3143 4189 3316 4246 sancti
3359 4188 3586 4260 Spiritus
3633 4187 3869 4244 auctori-

2281 4290 2410 4347 tate,
2435 4280 2786 4353 privavimus,
2818 4295 3102 4352 quousque
3132 4288 3277 4333 tuam
3307 4277 3598 4349 specialem
3621 4291 3865 4348 praesen-

2280 4370 2408 4425 tiam
2437 4371 2596 4426 nobis
2651 4378 2704 4425 et
2760 4369 2878 4424 sedi
2932 4367 3230 4440 apostilica:
3273 4367 3530 4423 exhibere
3576 4363 3864 4421 curaveris.

2207 4446 2260 4507 D
2282 4459 2441 4516 Nunc
2467 4459 2671 4530 itaque,
2703 4457 2960 4531 quoniam
2993 4464 3306 4514 constanter
3329 4453 3869 4524 tenentesjustitiam,

2277 4549 2516 4622 benigne
2549 4549 2812 4604 debemus
2855 4561 3070 4618 semper
3097 4545 3344 4617 praebere
3389 4543 3751 4608 clementiam,
3786 4541 3869 4597 his

2279 4638 2474 4693 iterum
2502 4637 2704 4693 nostris
2732 4635 3046 4707 apostolicis
3060 4633 3256 4690 litteris
3285 4632 3564 4690 dilectioni
3593 4640 3699 4688 tate
3719 4646 3862 4702 prae-

2278 4727 2528 4798 cipimus,
2560 4733 2617 4780 ut
2647 4725 2770 4798 quia
2798 4724 2868 4780 ad
2893 4723 3179 4796 praefatam
3209 4723 3478 4794 synodum
3505 4737 3617 4776 non
3639 4719 3860 4784 venisti,

2277 4815 2348 4870 ad
2375 4832 2494 4870 eam
2536 4830 2698 4887 quam
2719 4831 2932 4881 rursus,
2957 4814 3109 4882 juxta
3137 4811 3364 4868 canonis
3393 4809 3677 4883 apostolici
3705 4808 3859 4880 capi-

2276 4903 2449 4958 tulum
2498 4903 2832 4958 tricesimum
2887 4910 3130 4974 quartum
3155 4944 3169 4967 ,
3228 4900 3431 4956 erimus
3486 4907 3680 4971 quarto
3742 4897 3864 4952 ldus

2277 4992 2550 5058 Octobris,
2582 4992 2874 5048 auxiliante
2891 4991 3142 5060 Domino,
3165 4989 3508 5057 celebraturi,
3550 4988 3699 5043 omni
3715 4993 3861 5058 post-

2275 5081 2446 5153 posita
2479 5081 2783 5150 occasione,
2842 5097 2964 5137 cum
3012 5078 3372 5152 suﬂ‘raganeis
3429 5075 3704 5148 episcopis
3755 5073 3861 5129 tuis

2275 5171 2504 5226 devotus
2531 5185 2802 5226 occurras.
2838 5168 2935 5225 Vel
2983 5169 3028 5224 si
3055 5167 3233 5240 aliqua
3266 5165 3502 5222 evidenti
3541 5163 3862 5221 necessitate

2276 5267 2329 5315 tc
2355 5275 2464 5314 non
2484 5274 2646 5330 posse
2668 5259 2852 5316 venire
2880 5257 3155 5320 claruerit,
3189 5255 3420 5312 eximios
3458 5270 3492 5310 a
3548 5254 3718 5309 latere
3773 5259 3864 5307 tuo

2275 5348 2486 5420 dirigas
2515 5349 2680 5410 viros,
2713 5347 2803 5421 qui
2839 5356 2962 5402 tunc
2992 5346 3149 5402 nobis
3179 5355 3232 5402 et
3260 5353 3448 5401 sancto
3473 5342 3709 5400 concilio
3741 5341 3862 5396 ido-

2273 5455 2376 5494 nee
2411 5437 2670 5502 faciendo,
2705 5447 2754 5493 et
2784 5453 3004 5492 causam
3039 5443 3142 5492 tua:
3171 5431 3624 5506 impossibilitatis
3657 5429 3866 5486 veraci-
