4160 6304
360 226 462 284 837

1498 225 1847 282 EPISTULE
1893 227 1982 280 ET
2037 225 2380 280 DECRETA.

3550 229 3650 280 838

359 361 444 408 ter
470 327 735 415 intiment,
769 359 820 408 et
847 367 912 406 ea
943 369 1065 422 quae
1091 367 1192 422 pro
1223 350 1594 406 Ecclesiarum
1610 349 1712 406 Dei
1731 350 1957 404 utilitate
1979 353 2030 410 A
2061 358 2313 419 promptu
2361 348 2617 402 habentes
2685 347 2870 403 ulcisci
2928 365 3145 402 omnem
3208 334 3648 414 iuobedientiam,

357 439 672 513 peragenda
700 447 842 505 sunt,
879 439 1164 494 nobiscum
1195 439 1470 512 sagaciter
1500 439 1715 492 valeant
1741 439 1954 492 delibe—

357 544 495 583 rare.
554 529 692 582 Nam
747 527 792 580 si
849 535 900 581 et
948 529 1088 582 hanc
1123 535 1373 598 quartam
1419 535 1622 582 nostra)
1644 526 1956 597 apostolicae

355 615 695 674 auctoritatis
738 615 1076 671 vocationem
1121 616 1542 686 parvipendeus,
1595 615 1664 669 ad
1710 615 1820 684 jam
1853 614 1955 668 de-

356 705 657 760 nuntiatum
716 703 984 774 synodum
1042 704 1158 774 ipse
1215 703 1401 758 venire
1447 704 1532 758 vel
1579 714 1698 758 tuos
1743 703 1956 757 mittere

357 792 770 862 contempseris,
805 792 948 848 scias
977 808 1078 862 pro
1110 800 1257 848 certo
1288 792 1542 863 quoniam
1572 791 1766 861 majori
1795 800 1846 846 te
1869 791 1957 859 ju-

358 881 487 936 dicii
515 880 868 936 ecclesiastici
897 881 1114 935 vinculo
1153 880 1299 935 velut
1329 881 1731 936 inobedientem
1758 881 1955 935 incun-

356 977 566 1025 ctanter
608 969 919 1040 ligabimus.
970 970 1237 1024 Praeterea
1282 969 1386 1026 hoc
1427 970 1590 1025 etiam
1621 969 1716 1022 tibi
1742 968 1956 1040 tuisque

359 1055 724 1130 suﬂ'raganeis
763 1058 1016 1112 omnibus
1049 1057 1420 1112 admonitione
1454 1065 1644 1113 nostra
1669 1057 1956 1112 denuntia-

357 1162 479 1200 mus
493 1154 653 1216 atque
676 1145 1038 1216 praecipimus,
1064 1155 1117 1200 ut
1139 1163 1262 1202 cum
1279 1163 1345 1202 eo
1364 1147 1455 1217 qui
1475 1147 1542 1201 de
1563 1147 1785 1219 regibus
1802 1147 1959 1200 Fran-

357 1249 568 1300 corum,
594 1235 708 1289 Deo
739 1233 971 1300 favente,
999 1234 1206 1289 Italiam
1229 1235 1387 1288 fuerit
1415 1234 1720 1306 ingressus,
1753 1234 1956 1288 nullum

355 1323 563 1394 absque
591 1330 780 1378 nostro
807 1339 1079 1378 consensu
1111 1332 1163 1377 et
1193 1323 1540 1378 unanimitate
1578 1322 1838 1394 placitum
1870 1323 1957 1376 ila—

355 1427 482 1465 cere
524 1411 902 1482 praasumatis;
937 1411 1305 1482 apostolorum
1351 1428 1557 1467 canone
1604 1411 1824 1482 capituli
1857 1411 1956 1465 tri-

358 1499 546 1556 cesimi
591 1500 760 1570 quinti
801 1499 875 1554 ita
897 1500 1122 1568 jubente
1171 1509 1335 1571 atque
1363 1501 1577 1556 dicente
1611 1518 1622 1553 :
1657 1499 1958 1570 Episcopus

356 1587 599 1660 gentium
648 1587 984 1660 singularum
1031 1589 1173 1643 scire
1221 1587 1474 1642 convenit
1523 1589 1645 1658 quis
1693 1588 1834 1642 inter
1862 1604 1959 1642 eos

2056 437 2224 510 digna
2261 437 2600 506 correptione
2645 435 2921 491 canonicis
2966 437 3188 491 vocibus
3230 453 3326 491 vos
3356 439 3652 507 perferire-

2057 541 2196 591 mus,
2251 525 2376 591 nisi,
2413 523 2786 579 misericordia
2851 525 3162 594 apostolica.-
3211 526 3355 580 sedis
3406 535 3650 580 nostrum

2057 613 2297 668 animum
2342 620 2690 683 temperaret.
2740 612 2848 666 Vos
2895 621 3090 674 autem,
3140 613 3461 679 charissimi,
3509 624 3655 669 tanta

2058 709 2245 756 nostra
2285 701 2541 770 patientia
2585 717 2696 755 non
2743 700 2916 763 abusi,
2952 701 3124 755 redite
3149 702 3217 755 ad
3247 718 3359 764 cor,
3393 711 3443 756 et
3475 703 3652 774 depo-

2055 797 2249 844 nentes
2296 805 2510 844 omnem
2543 789 2925 853 temeritatem,
2959 804 3058 858 pro
3089 789 3362 844 communi
3400 790 3570 847 salute
3601 801 3653 844 et

2056 894 2193 948 pace
2240 877 2394 950 regni
2437 878 2592 932 nobis
2639 878 2860 941 haerete,
2907 877 3045 932 adeo
3091 884 3146 931 ut
3186 895 3308 948 quae
3360 879 3655 949 recipimus

2057 966 2352 1038 recipiatis,
2385 975 2437 1020 et
2481 982 2601 1037 quae
2645 966 2954 1035 respuimus
2994 967 3283 1036 respuatis,
3316 975 3373 1021 ut
3421 967 3655 1038 idipsum

2057 1055 2303 1110 dicamus
2330 1070 2520 1109 omnes
2549 1062 2602 1108 et
2632 1053 2823 1108 eadem
2855 1053 3150 1124 sapiamus,
3180 1055 3304 1126 quia
3333 1063 3386 1110 et
3415 1071 3519 1127 ego
3550 1056 3658 1111 sol-

2059 1142 2234 1197 licitos
2280 1158 2377 1198 vos
2420 1158 2521 1212 pro
2569 1141 2841 1198 communi
2892 1141 3066 1196 salute
3113 1159 3179 1198 ac
3229 1151 3367 1197 statu
3416 1144 3572 1215 regni
3604 1154 3657 1200 et

2056 1248 2189 1302 pace
2236 1231 2466 1285 libenter
2509 1231 2693 1296 audio,
2745 1230 2879 1284 sicut
2909 1247 2938 1284 e
2969 1239 3158 1286 contra
3202 1231 3344 1286 aliud
3375 1249 3542 1303 quam
3571 1241 3654 1288 te-

2058 1337 2249 1374 nemus
2301 1327 2566 1383 tenentes,
2617 1335 2725 1373 non
2773 1319 3006 1373 libenter
3062 1319 3306 1374 admitto.
3353 1322 3474 1376 Jam
3523 1339 3656 1378 vero

2057 1409 2186 1480 quia
2215 1407 2490 1463 multeties
2520 1408 2589 1462 ad
2621 1407 2887 1478 synodum
2917 1409 3220 1470 convocati,
3255 1409 3440 1464 venire
3469 1412 3655 1467 hacte-

2057 1514 2159 1550 nus
2209 1497 2629 1567 contempsistis,
2679 1497 2821 1550 sicut
2861 1496 3214 1566 prmtulimus,
3249 1498 3394 1553 omni
3429 1501 3652 1556 temeri-

2057 1593 2162 1640 tate
2193 1593 2354 1656 atque
2398 1583 2694 1638 inevitabili
2739 1585 3024 1639 occasione
3069 1586 3336 1656 deposita,
3388 1588 3456 1641 ad
3491 1589 3651 1644 aliam

359 1675 563 1745 primus
591 1675 875 1741 habeatur,
908 1685 961 1730 et
989 1693 1148 1747 quem
1182 1676 1324 1732 velut
1354 1685 1516 1747 caput
1545 1677 1875 1742 existiment,
1901 1684 1953 1732 et
1981 1707 2034 1768 B
2056 1674 2343 1744 synodum,
2391 1690 2570 1746 quam,
2617 1673 2792 1745 gratia
2841 1673 3024 1728 divina
3083 1674 3396 1745 opitulante,
3459 1685 3652 1748 quarto

359 1762 490 1817 nihil
521 1763 749 1834 amplius
779 1773 982 1834 praeter
1009 1765 1124 1834 ejus
1153 1764 1542 1821 conscientiam
1571 1774 1767 1836 gerant
1788 1779 1952 1836 quam

353 1851 448 1907 illa
474 1851 592 1906 sola
616 1851 818 1924 singuli
849 1869 968 1924 qua
998 1853 1272 1924 parochias
1311 1853 1550 1924 prOpriaa
1577 1861 1632 1908 et
1660 1853 1801 1907 villis
1833 1869 1954 1924 qua:

353 1941 458 1996 sub
487 1955 552 1994 ea
581 1949 719 2008 sunt,
745 1950 1076 2012 competunt,
1110 1942 1208 1996 sed
1236 1957 1338 1998 nec
1367 1941 1457 1996 ille
1486 1951 1678 2012 praeter
1713 1943 1952 1997 omnium

355 2029 742 2084 conscientiam
785 2029 967 2094 faciat,
1019 2030 1255 2102 aliquid;
1304 2030 1381 2085 sic
1427 2031 1572 2086 enim
1629 2029 1953 2085 unanimitas

356 2117 461 2172 erit
489 2126 543 2172 et
569 2116 962 2192 gloriﬁcabitur
1010 2121 1158 2174 .Deus
1203 2136 1304 2190 per
1351 2119 1624 2174 Christum
1671 2119 1722 2173 in
1755 2119 1952 2189 Spiritu

356 2215 562 2262 sancto.
588 2209 812 2278 Propter
840 2209 986 2279 quod
1014 2216 1067 2262 et
1095 2225 1195 2263 nos
1215 2215 1394 2263 vestro
1415 2208 1692 2264 communi
1721 2215 1952 2264 tractatu

355 2304 514 2368 atque
557 2311 846 2362 consensu,
873 2311 940 2351 ea
971 2313 1091 2368 quae
1121 2296 1189 2351 ad
1233 2312 1578 2352 communem
1609 2305 1662 2352 et
1689 2311 1951 2352 necessa—

355 2383 489 2438 riam
517 2383 800 2439 utilitatem
833 2383 1201 2440 Ecclesiarum
1236 2385 1334 2439 Dei
1354 2385 1512 2440 nobis
1533 2385 1950 2442 cdtumissarum

353 2473 566 2543 agenda
613 2481 756 2540 sunt,
787 2473 1116 2528 omnimodis
1144 2491 1309 2546 agere
1356 2473 1622 2545 cupimus.
1655 2475 1777 2530 Non
1807 2474 1951 2530 enim

353 2561 531 2628 aliter,
561 2561 774 2617 dicente
815 2571 1004 2618 sancto
1033 2563 1232 2628 Leone,
1267 2579 1407 2617 unus
1437 2579 1568 2636 grex
1601 2571 1654 2618 et
1683 2581 1824 2619 unus
1855 2580 1952 2634 pa-

352 2659 467 2705 stor
495 2667 703 2720 sumus,
733 2650 838 2706 nisi
869 2652 1327 2723 quemadmodum
1363 2652 1656 2722 Apostolus
1684 2652 1864 2720 docet,
1897 2652 1951 2706 id

349 2740 529 2810 ipsum
575 2739 820 2795 dicamus
861 2755 1052 2795 omnes
1102 2758 1116 2794 ε
1166 2740 1345 2796 Simus
1393 2749 1574 2796 autem
1619 2740 1846 2812 perfecti
1897 2741 1981 2810 ἱιι⁵

348 2827 543 2882 eodem
587 2843 751 2884 sensu
783 2837 835 2884 et
863 2829 918 2882 in
964 2829 1158 2884 eadem
1205 2829 1432 2886 scientia
1461 2830 1511 2900 (l
1538 2831 1658 2886 Cor.
1694 2832 1775 2900 ιι).
1812 2831 1951 2884 Data

350 2931 449 2970 xiv
481 2917 754 2972 Kalendas
783 2917 946 2983 Junii,
979 2917 1273 2974 indictione
1305 2934 1404 2973 xtt.

995 3075 1282 3132 CCXXIV.

967 3180 1038 3218 .\D
1077 3181 1328 3220 EUMDEM.

963 3257 1142 3321 (Anno
1182 3257 1331 3323 879.)

739 3352 1004 3422 Ejusdem
1033 3368 1174 3426 pene
1203 3355 1546 3424 argumenti.

421 3461 718 3512 Anser-mro
749 3457 1182 3528 archiepiscopo.

417 3547 550 3600 Cum
580 3545 818 3602 universi
849 3546 940 3617 qui
968 3547 1271 3602 Christiano
1317 3556 1610 3603 censentur
1657 3549 1938 3617 vocabulo,

345 3635 416 3689 ab
445 3634 564 3704 ipso
593 3634 873 3707 religionis
916 3635 1160 3700 exordio,
1193 3635 1298 3690 iide
1325 3645 1376 3690 et
1405 3637 1615 3691 meritis
1658 3638 1796 3692 Petri
1827 3637 1940 3693 Ro-

346 3739 562 3778 manam
616 3723 916 3778 Ecclesiam
977 3724 1318 3779 sublimatam
1388 3727 1536 3779 omni
1593 3726 1940 3782 veneratione

347 3811 503 3882 sequi
549 3811 804 3882 omnique
855 3813 1156 3867 reverentia
1200 3813 1470 3868 honorare
1518 3805 1854 3880 studuerint;
1887 3823 1942 3870 et

346 3909 538 3954 contra
584 3915 729 3966 eam,
771 3901 876 3954 nisi
919 3901 1010 3972 qui
1053 3901 1122 3956 de
1166 3918 1224 3956 se
1271 3902 1438 3958 voluit
1475 3903 1728 3972 judicari,
1761 3904 1940 3958 nullus

345 3987 532 4044 obices
578 4005 740 4043 manu
797 3989 1088 4056 habuerit;
1138 3991 1296 4044 valde
1357 3991 1618 4046 miramur
1659 4009 1760 4048 cur
1801 3993 1940 4048 adeo

345 4077 512 4132 vestri
543 4077 746 4132 ordinis
775 4077 1133 4132 ministerium
1165 4080 1460 4145 excedatis,
1495 4089 1550 4134 ut
1577 4082 1731 4150 cujus
1761 4090 1940 4136 aucto-

347 4165 540 4236 ritatis,
573 4166 834 4238 cujusque
875 4167 1148 4240 privilegii
1173 4168 1364 4223 eadem
1392 4177 1579 4224 sancta
1601 4169 1670 4223 sit
1697 4171 1940 4225 Romana

341 4254 608 4321 Ecclesia,
639 4254 763 4310 fuco
793 4255 1116 4328 ignorantiae
1155 4273 1264 4311 non
1311 4257 1622 4322 advertatis,
1657 4266 1709 4312 et
1738 4259 1788 4314 ei
1817 4276 1940 4330 quae
1981 4269 1989 4274 ‘

341 4359 440 4398 vos
468 4343 655 4415 genuit
697 4344 898 4399 dolenti
946 4361 1009 4400 ac
1057 4345 1276 4414 injurias
1321 4346 1564 4416 patienti,
1599 4347 1748 4402 nullo
1794 4346 1936 4402 tilio-

1973 3063 2024 3125 C

2061 1763 2183 1816 ldus
2217 1761 2472 1818 Octobris
2519 1761 2714 1817 futura:
2757 1762 2929 1817 tertiae
2959 1762 3186 1818 decimae
3215 1763 3523 1820 indictionis
3553 1781 3650 1822 ce-

2055 1850 2316 1906 lebraturi
2367 1867 2572 1918 sumus,
2641 1851 2925 1906 occurrite.
2987 1849 3266 1919 Quatenus
3305 1870 3370 1908 ea
3415 1870 3536 1926 quae
3581 1857 3650 1910 ad

2055 1938 2336 1993 utilitatem
2385 1947 2590 1994 sanctae
2634 1939 2734 1994 Dei
2762 1938 3025 1995 Ecclesia:
3052 1941 3344 2010 pertinent,
3377 1943 3650 1998 communi

2055 2034 2304 2092 tractatu,
2331 2028 2606 2082 communi
2636 2035 2761 2082 voto
2789 2036 2948 2099 atque
2980 2043 3270 2096 consensu,
3290 2046 3416 2085 cum
3435 2032 3651 2087 Domini

2055 2115 2324 2184 adjutorio
2377 2131 2758 2186 exsequamur.
2792 2114 2953 2184 Quod
2983 2115 3030 2170 si
3061 2115 3194 2172 forte
3228 2127 3281 2173 et
3311 2127 3436 2175 tunc
3464 2120 3650 2178 venire

2054 2204 2510 2276 contempseritis,
2547 2204 2730 2260 sciatis
2758 2218 2857 2260 vos
2886 2213 2936 2262 et
2965 2205 3034 2259 de
3062 2204 3352 2275 praeteritis
3383 2215 3434 2263 et
3463 2209 3530 2263 de
3561 2207 3650 2264 fu-

2055 2293 2189 2346 turis
2235 2293 2588 2366 negligentiis
2613 2293 2876 2349 canonice
2909 2293 3253 2362 judicandos,
3290 2295 3359 2352 ita
3390 2305 3446 2351 ut
3475 2298 3649 2352 eccle-

2055 2381 2258 2436 siarum
2289 2390 2594 2437 vestrarum
2625 2381 3005 2437 communione
3029 2383 3183 2450 juxta
3203 2398 3393 2439 sacros
3413 2401 3648 2441 canones

2055 2469 2170 2524 sitis
2199 2470 2457 2536 contenti,
2491 2469 2582 2541 qui
2626 2486 2736 2524 non
2784 2469 2944 2525 vultis
2992 2470 3381 2528 ecclesiasticis
3421 2474 3647 2545 acquie-

2055 2575 2206 2614 scere
2263 2557 2564 2629 disciplinis
2618 2559 2958 2629 (Concilium
3021 2560 3376 2630 Africanum,
3437 2578 3486 2618 c.
3539 2565 3646 2630 4-3;

2057 2647 2496 2718 Carthaginense
2529 2663 2582 2710 v,
2615 2664 2662 2701 c.
2701 2648 2806 2716 10).
2843 2647 2976 2702 Data
3022 2663 3124 2702 xm
3165 2649 3436 2704 Kalendas
3479 2651 3643 2722 Junii,

2053 2735 2345 2791 indictione
2378 2751 2477 2790 xu.

2721 2861 2981 2916 CCXXV.

2116 2963 2186 3002 Αῐ)
2226 2963 2581 3004 THEODOSIL’M
2621 2965 2872 3004 ELECTUM
2911 2965 3218 3006 EPISCOPUM
3258 2969 3579 3019 NONENSEI.

2647 3040 2825 3105 (Anno
2855 3041 3004 3109 379.)

2047 3144 2268 3198 Laudat
2293 3145 2414 3214 ejus
2455 3161 2581 3216 erga
2629 3146 2940 3200 Romanam
2967 3147 3292 3210 Ecclesiam
3340 3150 3638 3206 observan-

2117 3216 2259 3269 tiam
2289 3218 2346 3269 et
2377 3217 2683 3285 praeclaras
2720 3217 2841 3285 ejus
2887 3217 3168 3283 virtutes,-
3201 3222 3450 3275 testatur
3475 3237 3641 3276 suam

2115 3287 2178 3339 in
2208 3301 2338 3340 eum
2368 3287 2813 3342 benevolentiam
2843 3305 2860 3340 :
2894 3291 3085 3342 monet
3103 3292 3172 3342 ut
3199 3305 3234 3344 α
3263 3305 3322 3344 se
3351 3305 3644 3348 consecra-

2119 3357 2327 3412 tionem
2363 3357 2736 3428 episcopale-m
2764 3358 3027 3429 accipiat.

2113 3463 2437 3516 Tnsonosro
2483 3463 2786 3517 venerabili
2828 3463 3061 3520 diacono
3105 3475 3158 3520 et
3213 3467 3386 3523 electo
3443 3477 3642 3526 sanctae

2042 3551 2304 3606 Ecclesia!
2334 3551 2628 3606 Nonensis.

2114 3639 2430 3695 Dilectionis
2474 3648 2580 3694 tuae
2625 3640 2818 3694 litteris
2863 3643 3094 3713 receptis
3140 3652 3303 3716 atque
3361 3646 3638 3716 perlectis,

2041 3727 2344 3784 devotionis
2373 3737 2428 3783 et
2453 3726 2580 3782 ﬁdei
2611 3737 2715 3784 tute
2743 3729 3131 3797 sinceritatem,
3163 3749 3329 3804 quam
3355 3734 3498 3790 circa
3525 3736 3638 3792 Ec-

2041 3817 2266 3872 clesiam
2297 3817 2354 3872 B.
2379 3817 2524 3872 Petri
2542 3817 2772 3888 apostoli
2791 3827 2842 3873 et
2873 3819 3012 3875 circa
3036 3829 3277 3876 nostrum
3305 3823 3642 3894 pontiﬁcium

2041 3906 2230 3972 habes,
2255 3905 2374 3962 luce
2403 3906 2601 3962 clarius
2631 3909 2970 3978 agnovimus.
2997 3911 3063 3964 Et
3085 3910 3211 3982 quia
3241 3919 3483 3966 nostram
3513 3930 3646 3986 gra-

2042 3995 2169 4050 tiam
2201 4003 2253 4050 et
2284 3995 2718 4050 benedictionem
2763 3997 2950 4050 humili
2982 4014 3206 4068 prorsus
3241 3997 3440 4056 affectu
3469 4017 3640 4073 expe-

2041 4092 2156 4138 tere
2185 4083 2468 4148 studuisti,
2502 4083 2661 4138 valde
2709 4101 2896 4139 sumus
2933 4086 3135 4157 gavisi;
3167 4103 3292 4141 nam
3321 4095 3373 4143 et
3402 4089 3640 4146 Joannes

2039 4171 2368 4226 venerabilis
2433 4173 2738 4242 presbyter,
2801 4173 2872 4227 de
2945 4183 3123 4228 vestra
3179 4184 3332 4244 parte
3387 4178 3632 4242 veniens,

2038 4260 2207 4314 multa
2247 4259 2406 4314 nobis
2453 4268 2556 4315 tua:
2606 4260 2864 4315 bonitatis
2917 4269 2970 4316 et
3014 4263 3286 4332 patientia;
3335 4265 3452 4320 viva
3503 4283 3637 4324 voce

2039 4349 2310 4418 praeconia
2355 4349 2552 4414 retulit,
2605 4365 2724 4420 quzr
2775 4351 2828 4404 in
2867 4351 3149 4406 sacerdote
3179 4353 3376 4408 Christi
3403 4371 3638 4428 magno-

341 4447 462 4486 rum
491 4430 688 4488 affectu
734 4433 970 4504 compati
1016 4433 1297 4489 studeatis.
1331 4433 1475 4504 Quin
1502 4439 1680 4506 potius
1710 4436 1765 4490 in
1794 4453 1932 4492 con-
1962 4422 2014 4481 D
2033 4455 2160 4509 pere
2191 4445 2315 4492 sunt
2343 4438 2612 4492 habenda.
2651 4439 2807 4503 Unde
2837 4447 2887 4494 te
2916 4440 3070 4512 quasi
3099 4441 3357 4498 dilectum
3386 4422 3636 4515 corporis

341 4528 601 4591 templum
651 4521 930 4594 religionis
979 4538 1089 4578 non
1132 4523 1308 4578 solum
1354 4523 1636 4594 possibilia
1663 4525 1932 4594 adjutoria

338 4609 496 4665 nobis
525 4611 771 4681 praebere
801 4611 1162 4681 contemnitis,
1189 4613 1287 4667 sed
1315 4612 1474 4668 etiam
1494 4630 1717 4684 nupera
1739 4613 1932 4668 Galliis

339 4699 726 4765 remeantibus,
777 4707 835 4754 ut
879 4701 1071 4755 saltem
1117 4701 1412 4756 clamorem
1461 4711 1513 4758 et
1559 4702 1802 4758 laborem
1833 4719 1931 4758 no-

339 4796 525 4854 strum,
562 4805 724 4859 quem
771 4806 872 4860 pro
921 4790 1174 4844 omnibus
1200 4791 1557 4860 patiebamur,
1591 4792 1849 4848 audiretis
1879 4801 1931 4848 et

337 4876 618 4943 doleretis,
651 4878 797 4947 apud
827 4877 1068 4933 Ticinum
1112 4879 1268 4935 nobis
1297 4895 1590 4936 occurrere
1621 4881 1926 4948 distulistis,

335 4964 430 5020 ubi
462 4966 621 5020 etiam
651 4965 854 5021 diutius
883 4967 1257 5038 immorantes,
1291 4977 1348 5022 nt
1377 4969 1445 5024 ad
1474 4970 1744 5041 synodum
1775 4969 1930 5024 veni-

337 5054 471 5108 retis
499 5070 596 5109 vos
643 5055 835 5110 litteris
864 5056 1065 5111 nostris
1095 5057 1425 5112 vocavimus.
1470 5057 1578 5112 Sed
1607 5058 1932 5114 inobedien-

335 5142 423 5197 tize
470 5150 634 5214 atque
681 5144 994 5199 temeritatis
1041 5144 1266 5202 audacia
1312 5145 1454 5212 freti,
1501 5162 1602 5202 nec
1645 5154 1771 5202 tunc
1831 5163 1932 5202 ve-

337 5239 504 5285 stram
535 5233 693 5286 nobis
720 5233 1064 5304 priet-tentiam
1093 5234 1348 5290 exhibere
1376 5235 1933 5306 curastis;postremo

338 5320 582 5391 generali
607 5322 815 5392 synodo
854 5323 1039 5378 Romae
1080 5322 1364 5392 praeteritis
1395 5323 1654 5378 Kalendis
1685 5325 1808 5378 Maii
1837 5342 1932 5381 ce-

338 5409 578 5469 lebrata}.
629 5427 657 5462 a
707 5410 862 5466 nobis
910 5427 1126 5465 rursum
1173 5411 1365 5474 vocati,
1411 5411 1673 5466 interesse
1721 5413 1934 5481 penitus

338 5498 639 5552 distulistis.
702 5499 866 5567 Hujus
927 5501 1000 5552 rei
1058 5500 1237 5570 gratia
1298 5500 1446 5567 juxta
1507 5501 1820 5572 Apostulttm
1881 5503 1932 5556 in

2033 4526 2229 4582 Christi
2261 4527 2564 4581 membrum
2595 4534 2648 4582 et
2677 4527 2979 4598 spiritalem
3011 4528 3180 4585 ﬁlium
3207 4531 3380 4587 nostri
3409 4542 3630 4604 aposto-

2031 4614 2174 4670 latus
2202 4615 2344 4670 ulnis
2374 4615 2612 4672 extensis
2641 4617 3040 4688 amplectimur,
3075 4627 3412 4692 paternoque
3450 4639 3638 4679 amore

2031 4704 2328 4778 diligimus,
2349 4714 2512 4777 atque
2541 4707 2838 4776 apostolica
2868 4723 3086 4778 semper
3114 4708 3363 4764 volumus
3385 4710 3628 4785 benigni-

2033 4797 2142 4848 tate
2189 4793 2390 4850 fovere.
2455 4794 2582 4850 Ideo
2641 4810 2926 4851 monemus
2967 4795 3320 4868 sagacitatem
3371 4807 3519 4856 tuam
3568 4819 3637 4858 ne

2031 4883 2086 4937 in
2115 4883 2412 4954 quamlibet
2457 4892 2666 4954 partem
2692 4884 2852 4938 aliam
2895 4885 3160 4956 declines,
3183 4895 3235 4941 et
3265 4897 3448 4944 contra
3481 4907 3638 4948 sacra

2033 4971 2426 5026 venerabilium
2467 4973 2686 5027 Patrum
2731 4973 2976 5028 instituta
3005 4974 3356 5046 episcopatus
3404 4979 3634 5052 gratiam

2031 5061 2276 5131 recipere
2307 5077 2538 5132 quaeras,
2563 5061 2788 5116 audiens
2819 5061 2967 5116 illam
2995 5063 3414 5121 desiderabilem
3438 5071 3635 5124 summi

2027 5149 2226 5219 judicis
2256 5166 2443 5205 vocem
2476 5149 2707 5206 dicentis
2740 5167 2752 5205 :
2785 5152 2954 5223 Euge,
2987 5167 3144 5208 serve
3175 5154 3312 5210 bone
3342 5161 3399 5212 et
3425 5158 3628 5226 ﬁdelis,

2032 5240 2164 5310 quia.
2193 5255 2364 5311 super
2388 5256 2572 5310 pauca
2591 5239 2758 5310 fuisti
2777 5240 2982 5309 ﬁdelis,
3002 5257 3177 5312 supra
3201 5245 3385 5302 multa
3425 5250 3477 5302 te
3509 5265 3636 5305 con-

2033 5329 2307 5392 sliluam;
2335 5327 2488 5382 intra
2513 5330 2574 5382 in
2593 5329 2862 5400 gaudium
2889 5331 3112 5387 Domini
3136 5334 3447 5398 (uilllallh.
3470 5340 3630 5402 xxv).

2035 5415 2140 5469 Sed
2176 5424 2286 5470 toto
2325 5415 2490 5470 corde
2530 5425 2744 5487 totaque
2781 5417 3050 5474 voluntate
3087 5421 3153 5475 ad
3181 5423 3445 5492 gremium
3487 5425 3632 5478 sedis

2035 5503 2364 5572 apostolicu'.
2399 5504 2541 5558 unde
2575 5515 2953 5562 antecrrssores
2983 5509 3055 5562 tui
3083 5509 3280 5564 divina:
3311 5510 3446 5579 legis
3484 5512 3626 5581 dog-
