4160 6316
557 233 657 286 839

1782 219 2078 275 JOANNIS
2133 209 2327 273 PAPE
2366 220 2506 275 VIII.

3745 222 3852 279 MO

557 361 702 410 mata
730 349 982 414 meliﬂua,
1005 361 1128 402 cum
1150 345 1683 401 sacrainstitutionis
1705 344 1899 406 forma,
1923 341 2146 397 summi-
2175 343 2230 402 A
2323 341 2463 412 Quia
2491 359 2642 399 more
2685 345 3148 414 pradecessomm
3179 353 3490 402 nostrorum
3529 346 3853 418 pontiﬁcum

555 457 660 515 que
690 436 979 494 sacerdotii
1007 436 1269 490 honorem
1303 439 1671 504 sumpserunt,
1697 433 1892 487 redeas
1918 449 1930 485 :
1955 438 2148 502 quate-

558 547 660 585 nus
677 537 728 584 et
744 529 860 598 ipse
881 527 947 580 ab
970 523 1264 594 apostolica
1300 523 1450 585 sede,
1475 537 1595 594 qua
1627 528 1787 592 caput
1804 528 1854 576 et
1886 519 2150 592 magistra

555 627 635 675 est
665 617 905 673 omnium
938 613 1306 669 Ecclesiarum
1338 611 1454 676 Dei,
1480 610 1848 680 episcopalem
1869 618 2150 664 cbnsecra-

555 707 777 772 tionem,
829 719 925 775 per
969 711 1167 756 nostra
1221 689 1874 769 manus'impositionem,
1934 697 2148 752 Christo

555 803 848 858 annuente,
897 790 1200 861 percipias;
1233 797 1498 860 quatenus
1537 787 1834 841 secundum
1864 785 2149 856 pristinum

555 899 766 940 morem
815 879 987 935 sancti
1033 878 1176 932 Petri
1227 884 1277 932 et
1329 884 1512 930 nostra
1559 891 1777 945 semper
1832 874 2149 929 auctoritate

556 982 718 1044 atque
763 969 986 1024 tuitione
1029 966 1284 1029 munitus,
1335 964 1591 1034 populum
1625 962 1838 1018 Domini
1867 963 1964 1017 tibi
1993 979 2148 1019 com-

558 1061 782 1115 missum
815 1066 1034 1112 strenue
1065 1070 1130 1110 ac
1160 1053 1424 1109 securiter
1467 1068 1651 1123 regas,
1685 1061 1741 1107 et
1770 1051 1825 1105 in
1855 1060 2149 1122 conspectu

557 1148 819 1204 Altissimi
861 1145 1084 1200 veniens
1125 1142 1312 1196 venias
1349 1157 1473 1196 cum
1517 1140 1889 1206 exsultatione,
1925 1149 2150 1211 portans

557 1236 858 1308 manipulos
907 1242 1046 1296 tuos,
1077 1231 1369 1301 dicereque
1401 1228 1628 1284 Domino
1669 1229 1846 1298 possis
1877 1237 2102 1283 ovanter
2134 1247 2146 1282 :

554 1329 700 1383 Ecce
729 1339 853 1396 ego,
889 1329 941 1377 et
987 1337 1090 1392 pue
1123 1319 1161 1385 i,
1194 1327 1246 1374 et
1277 1335 1414 1390 quos
1443 1317 1574 1372 mihi
1604 1317 1834 1381 dedisti;
1865 1326 1917 1372 et
1947 1317 2016 1372 ob
2045 1318 2149 1373 hoc

553 1432 676 1474 cum
707 1415 820 1469 Deo
848 1411 1027 1466 valeas
1059 1409 1174 1464 sine
1197 1406 1303 1462 tine
1320 1407 1580 1478 gaudere.
1605 1407 1742 1461 Data
1764 1421 1818 1461 iv
1836 1405 1923 1462 die
1945 1407 2150 1461 mensis

553 1503 715 1569 Junii,
748 1496 1042 1557 indictione
1071 1512 1174 1552 xu.

1206 1585 1494 1640 CCXXV].

721 1695 794 1735 AD
830 1691 1130 1734 ANSELMUM
1169 1689 1479 1730 EPlSCOPUM
1528 1687 1976 1729 LEMOVICENSEI.

1169 1764 1349 1835 (Anno
1380 1764 1530 1822 879.)

557 1861 675 1918 Non
702 1856 1086 1936 separandum
1101 1857 1296 1936 pirum
1323 1852 1390 1908 ab
1420 1851 1738 1936 uxoreaqui
1763 1850 1948 1936 ﬁlium
1979 1866 2148 1906 suum

868 1929 1209 1984 necessitate
1237 1928 1476 1996 urgente
1505 1924 1830 1994 baptizavit.

627 2023 896 2076 AN’SELIO
924 2015 1184 2087 episcopo
1213 2011 1572 2068 Lemovicina
1600 2010 1878 2066 Ecclesia.

627 2109 720 2180 (30
749 2115 942 2178 quaest.
964 2109 1014 2171 t,
1039 2103 1120 2159 Ad
1151 2100 1502 2170 limina.)Ad
1533 2099 1718 2154 limina
1749 2099 2029 2154 beatorum
2059 2099 2152 2154 Pe-

555 2196 625 2253 tri
673 2205 726 2252 et
783 2193 932 2250 Pauli
985 2191 1348 2263 apostolorum
1405 2189 1706 2260 principum
1763 2188 1851 2244 hic
1906 2203 2150 2260 prasens

558 2287 741 2348 homo,
771 2282 989 2338 nomine
1038 2281 1361 2352 Stephanus,
1412 2278 1674 2334 orationis
1713 2293 1874 2333 causa
1902 2277 2148 2343 veniens,

557 2383 746 2431 nostro
787 2371 1098 2444 prasnlatui
1146 2368 1493 2441 suggerendo
1539 2366 1748 2422 innotui
1795 2367 1941 2438 quod
1984 2366 2150 2420 tilium

557 2479 712 2520 suum
741 2462 796 2518 in
825 2469 1070 2516 extremo
1099 2458 1222 2514 vita
1253 2459 1506 2528 positum,
1540 2457 1768 2511 necdum
1814 2455 2152 2525 baptismatis

555 2554 699 2609 unda
727 2551 918 2618 lotum,
950 2547 1196 2604 absentia
1221 2546 1426 2601 scilicet
1455 2545 1794 2600 sacerdotum
1827 2545 2152 2600 necessitate

558 2650 789 2715 cogente
833 2639 1180 2710 baptizasset,
1215 2651 1448 2706 eumque
1497 2634 1613 2704 ipse
1639 2633 1872 2704 propriis
1900 2633 2153 2688 manibus

558 2731 844 2786 retinendo
892 2725 1240 2797 suscepisset,
1288 2732 1449 2794 atque
1496 2739 1594 2793 pro
1639 2722 1798 2791 hujus
1828 2721 1902 2776 rei
1934 2723 2152 2794 negotio

555 2819 758 2875 notitia
804 2827 909 2872 tua
976 2813 1262 2885 patefacto,
1315 2811 1614 2867 reverentia
1657 2819 1766 2874 tua,
1826 2811 1982 2882 quasi
2037 2811 2154 2865 zelo

558 2905 899 2969 rectitudinis
926 2905 1186 2977 ﬂagrans,
1221 2899 1502 2974 prafatum
1534 2900 1805 2954 hominem
1837 2915 1866 2952 a
1899 2915 1993 2954 sua
2016 2899 2156 2969 judi-

556 2997 760 3054 caverit
797 2995 1032 3066 conjuge
1083 2990 1465 3062 separandum.
1499 2987 1659 3059 Quod
1688 2986 1805 3042 fieri
1847 2987 2154 3044 nullatenus

551 3085 731 3150 debet,
775 3085 991 3142 dicente
1040 3080 1318 3151 Scriptura
1366 3095 1400 3134 a
1446 3079 1562 3134 Deo
1603 3077 1848 3147 junctam
1882 3077 1997 3133 viro
2027 3093 2150 3134 esse

553 3190 800 3240 uxorem,
824 3181 870 3228 el
896 3189 908 3226 :
931 3169 1080 3238 Quod
1099 3170 1243 3226 Deus
1263 3168 1587 3240 conjunxit,
1612 3167 1771 3223 homo
1794 3182 1906 3222 non
1927 3169 2152 3239 separet

551 3264 770 3334 (Matth.
792 3261 938 3330 nx).
957 3258 1113 3317 Unde
1129 3266 1182 3314 et
1200 3257 1462 3313 Dominus
1481 3255 1537 3310 in
1553 3254 1855 3328 Evangelio
1875 3254 2149 3310 nemiuem

552 3368 718 3424 posse
746 3350 1016 3406 dimittere
1061 3361 1287 3402 uxorem
1319 3360 1467 3400 suam
1503 3344 1606 3399 nisi
1635 3342 2148 3400 causa'fornicatio-

545 3442 638 3497 nis
691 3438 1030 3510 apertissime
1059 3435 1229 3504 jubet.
1291 3433 1640 3505 QuaprOpter
1697 3441 1752 3488 et
1804 3448 1929 3498 nos,
1988 3441 2150 3488 tanta

553 3528 888 3587 auctoritatis
927 3525 1170 3596 jussione
1215 3523 1486 3595 pracipue
1534 3521 1673 3584 freti.
1703 3521 1935 3578 dicimus
1979 3521 2147 3578 omit-

552 3619 772 3676 tendum
802 3633 926 3672 esse
955 3624 1007 3671 et
1037 3613 1366 3684 inculpabile
1389 3611 1744 3682 judicandum
1774 3610 1919 3682 quod
1951 3626 2146 3667 neces-

552 3708 689 3763 sitas
713 3705 908 3762 intulit.
954 3705 1094 3760 Nam
1137 3701 1441 3772 baptizandi
1486 3701 1592 3755 hoc
1635 3715 1773 3770 opus
1801 3699 1966 3756 etiam
1993 3699 2148 3756 laicis

551 3794 827 3856 ﬁdelibus.
867 3794 1019 3862 juxta
1061 3791 1382 3848 canonicam
1429 3789 1782 3854 sanctionem,
1835 3787 1880 3843 si
1919 3803 2148 3845 necesse

557 3883 735 3949 fuerit,
772 3883 948 3938 tacere
995 3879 1168 3936 libere
1213 3877 1550 3935 conceditur.
1596 3877 1751 3934 Unde
1781 3875 1827 3930 si
1855 3877 2148 3948 praedictus

543 3973 770 4046 genitor
814 3969 981 4025 filium
1025 3983 1184 4024 suum
1229 3983 1460 4038 corpore
1502 3965 1825 4021 morientem
1853 3965 2144 4036 aspiciens,

553 4078 624 4118 ne
665 4061 904 4116 animam
945 4065 1122 4114 morte
1164 4065 1430 4129 perpetua
1473 4063 1791 4127 pereuntem
1833 4055 2142 4123 dimitteret,

556 4151 700 4208 sacri
735 4149 1071 4221 baptismatis
1114 4148 1256 4203 unda
1303 4146 1449 4214 lavit,
1499 4153 1557 4200 ut
1603 4161 1725 4201 eum
1771 4145 1840 4200 de
1883 4153 2148 4230 potestate

2177 3053 2229 3122 Ο

2249 433 2458 505 regiam
2508 431 2883 488 excellentiam
2926 433 3185 489 divinitus
3211 434 3500 490 exaltatam
3531 435 3624 506 pio
3649 437 3849 492 menti:

2249 519 2446 577 affectu
2493 521 2790 595 diligimus,
2822 523 2888 576 ad
2934 523 3196 578 honorem
3223 533 3278 578 et
3305 524 3678 579 exultationem
3713 539 3850 580 san-

2249 618 2348 664 cta
2380 611 2478 665 Dei
2495 611 2740 666 ecclesiae
2759 627 2876 666 eam
2899 612 3172 667 sitibundo
3191 621 3412 682 pectore
3433 614 3618 668 videre
3637 613 3854 669 deside-

2249 713 2456 764 ramus,
2528 707 2794 770 quatenus
2851 708 3048 754 vestra
3093 701 3483 772 magnitudinis
3539 701 3850 772 triumphali

2250 787 2546 842 certamine
2588 788 2735 842 sedis
2778 789 3090 859 apostclica
3137 790 3294 862 vigor
3339 798 3392 844 et
3436 791 3630 855 honos,
3684 806 3849 862 quem

2247 876 2661 948 progenitorum
2692 885 3018 944 vestrorum,
3044 878 3565 950 gloriosissimorum
3594 879 3848 934 videlicet

2248 965 2660 1036 imperatorum,
2685 974 2928 1037 tempore
2951 967 3205 1022 habuisse
3237 967 3548 1037 recolimus,
3581 969 3738 1023 vobis
3758 985 3852 1024 re-

2249 1054 2540 1128 gnantibus
2591 1063 2802 1110 maneat
2843 1055 3082 1110 illibatus
3127 1065 3178 1110 et
3219 1056 3450 1130 integer,
3481 1064 3540 1110 ut
3567 1064 3621 1112 et
3649 1065 3848 1113 vestra

2247 1143 2455 1216 regalis
2497 1143 2685 1214 gloria
2733 1144 2902 1199 decus
2933 1144 3115 1216 vigeat
3138 1145 3517 1200 indiminutum
3547 1153 3601 1200 et
3629 1154 3846 1201 aeterna

2251 1232 2516 1286 mercedis
2536 1233 2692 1286 vobis
2713 1249 2908 1287 munus
2929 1249 3164 1304 superna
3185 1234 3359 1306 gratia
3374 1234 3664 1289 tribuatur.
3687 1236 3846 1292 Nunc

2248 1319 2412 1389 igitur
2456 1335 2552 1391 pro
2583 1328 2658 1376 tot
2685 1329 2738 1376 et
2785 1322 2947 1376 tantis
2992 1323 3388 1378 calamitatibus
3434 1339 3498 1379 ac
3539 1325 3842 1379 necessita-

2247 1409 2392 1464 tibus
2423 1425 2556 1480 quas
2585 1427 2615 1464 a
2646 1411 2879 1483 paganis
2923 1411 3138 1466 assidue
3169 1419 3332 1483 atque
3362 1429 3394 1466 a
3425 1412 3584 1466 malis
3615 1414 3844 1483 patimur

2249 1497 2588 1566 Christianis,
2613 1498 2736 1554 licet
2762 1515 2862 1569 pro
2882 1499 3222 1556 multitudine
3251 1501 3496 1556 scribere
3526 1517 3632 1557 non
3662 1501 3844 1557 valea-

2249 1603 2388 1651 mus,
2412 1595 2462 1641 ct
2485 1597 2721 1642 vestram
2744 1588 3118 1644 excellentiam
3142 1589 3399 1663 ignorare
3419 1605 3526 1645 non
3549 1591 3839 1658 credimus,

2182 1675 2507 1761 Bpastorali
2535 1676 2897 1732 sollicitudine
2928 1678 3076 1744 moti,
3096 1687 3358 1748 ponentes
3390 1680 3600 1734 animas
3630 1687 3842 1735 nostras

2261 1764 2317 1818 in
2348 1765 2599 1819 manibus
2627 1775 2846 1832 nostris,
2881 1765 3129 1839 ingentes
3157 1767 3372 1822 labores
3401 1783 3510 1823 non
3541 1768 3716 1823 solum
3741 1785 3849 1823 ma-

2246 1853 2346 1907 rini
2379 1853 2475 1907 sed
2505 1853 2710 1908 itineris
2737 1855 2899 1909 etiam
2923 1856 3122 1910 terreni
3143 1856 3470 1912 omnimodis
3491 1857 3840 1928 sumpsimus.

2249 1940 2531 1996 Testamur
2572 1957 2809 2014 namque
2856 1944 3050 2008 Deum,
3084 1943 3169 1999 cui
3207 1945 3422 2002 occulta
3449 1946 3690 2001 omnium
3721 1962 3846 2001 ma-

2249 2029 2441 2086 nifesta
2490 2031 2746 2094 existunt,
2795 2032 2942 2103 quod
2984 2041 3168 2088 vestro
3221 2033 3572 2090 desiderabili
3619 2035 3842 2104 honore,

2249 2119 2447 2174 nuliius
2474 2118 2733 2185 hominis,
2764 2121 2870 2175 nisi
2899 2130 3136 2176 vestrum
3181 2132 3492 2194 prapotens
3520 2122 3846 2193 adjutorium

2252 2208 2411 2263 avida
2439 2218 2621 2264 mente
2651 2224 2896 2280 quaerere
2928 2210 3197 2266 voluimus
3221 2230 3236 2276 ;
3267 2211 3367 2266 sed
3389 2212 3655 2267 malorum
3674 2212 3850 2267 homi-

2252 2313 2400 2362 num,
2434 2313 2572 2370 quos
2602 2298 2705 2368 ipsi
2736 2298 2904 2362 scitis,
2940 2299 3223 2370 praepediti
3277 2300 3508 2364 insidiis,
3542 2302 3646 2358 hoc
3675 2315 3842 2372 agere

2252 2401 2360 2441 non
2403 2387 2690 2442 valuimus.
2741 2386 3102 2459 Quapropter,
3146 2389 3496 2445 dilectissime
3533 2388 3630 2456 fili,
3663 2398 3848 2445 nostra

2253 2475 2551 2546 apostolica
2598 2477 2972 2532 exhortatione
3018 2493 3304 2534 monemus
3347 2479 3580 2550 gloriam
3611 2487 3846 2534 vestram

2252 2571 2310 2618 ut
2340 2579 2442 2634 pro
2474 2579 2660 2620 amore
2699 2575 2900 2620 sancta
2931 2567 3192 2622 Romana
3233 2566 3498 2623 Ecclesia
3527 2567 3716 2622 matris
3746 2583 3848 2622 ve-

2254 2661 2378 2708 stra
2405 2652 2738 2708 defensionis
2766 2653 3006 2710 laborem
3037 2655 3404 2711 indubitanter
3429 2671 3706 2712 assumere
3736 2671 3846 2712 non

2252 2743 2696 2813 pratermittatis,
2746 2743 2891 2799 unde
2941 2743 3096 2800 vobis
3136 2745 3312 2800 honor
3341 2752 3392 2801 et
3417 2745 3566 2801 salus
3593 2745 3681 2802 hic
3710 2755 3763 2801 et
3791 2745 3844 2800 in

2254 2840 2520 2886 atomum
2563 2840 2863 2888 accrescat.
2910 2832 2977 2888 Et
3025 2833 3148 2889 ideo
3190 2833 3425 2905 petimus
3454 2843 3508 2889 ut
3538 2850 3636 2906 pro
3666 2835 3767 2889 Dei
3793 2843 3847 2890 et

2255 2928 2562 2976 sanctorum
2589 2921 2955 2992 apostolorum
2981 2921 3124 2976 Petri
3153 2937 3216 2978 ac
3249 2922 3397 2978 Pauli
3433 2937 3618 2980 amore
3648 2923 3850 2999 nosu-is

2256 3009 2572 3078 apostolicis
2618 3010 2837 3066 monitis
2887 3018 2996 3066 toto
3043 3013 3327 3068 conamine
3371 3012 3658 3069 attendatis
3707 3028 3846 3084 qua-

2250 3106 2408 3153 tenus
2439 3107 2530 3153 aut
2559 3115 2658 3169 per
2685 3115 2783 3154 vos
2824 3107 2913 3155 aut
2953 3115 3055 3170 per
3095 3099 3512 3156 saluberrimum
3560 3101 3845 3158 consilium

2250 3195 2493 3242 vestrum
2524 3187 2682 3244 citius
2708 3188 2866 3244 nobis
2896 3189 3186 3245 subvenire
3223 3191 3536 3247 omnimodo
3565 3191 3845 3263 satagatis.

2250 3274 2518 3346 Quoniam
2564 3286 2708 3332 tanta
2737 3277 2892 3333 istius
2927 3288 3084 3334 terra
3127 3279 3433 3350 perditione
3481 3281 3718 3352 undique
3745 3295 3848 3353 ag-

2249 3365 2478 3438 gravati,
2512 3367 2752 3438 undique
2791 3368 3044 3423 concussi
3075 3367 3200 3423 talia
3224 3368 3334 3437 jam
3367 3367 3596 3424 suii'erre
3624 3368 3844 3425 minime

2249 3455 2514 3510 valemus.
2545 3455 2687 3510 Nam
2719 3456 2784 3522 si,
2818 3457 2964 3528 quod
3009 3457 3171 3523 absit,
3205 3473 3302 3528 per
3325 3473 3426 3513 vos
3453 3457 3596 3514 forte
3623 3473 3842 3513 reman-

2247 3544 2398 3612 serit,
2431 3552 2490 3598 nt
2519 3544 2770 3601 Ecclesia
2813 3544 2910 3601 Dei
2953 3545 3010 3600 in
3037 3546 3288 3617 prasenti
3329 3547 3703 3604 defensionem
3734 3563 3840 3602 non

2245 3631 2465 3698 habeat,
2500 3640 2553 3689 et
2593 3633 2770 3689 taliter
2815 3635 3029 3689 turbata
3076 3635 3356 3702 consistat,
3409 3635 3590 3692 videte
3617 3650 3688 3692 ne
3718 3643 3841 3692 ante

2247 3721 2480 3776 tribunal
2542 3721 2742 3778 Christi
2787 3731 2839 3778 et
2885 3739 3066 3780 coram
3123 3724 3492 3794 apostolorum
3541 3725 3842 3796 principem

2244 3810 2534 3880 prasentia
2549 3819 2746 3867 vestra
2765 3813 2960 3868 anima
2981 3813 3264 3884 patiamini
3282 3813 3691 3879 detrimentum,
3715 3813 3844 3884 quia

2246 3915 2348 3954 nos
2374 3908 2604 3971 paterna
2646 3917 2746 3956 vos
2790 3901 3158 3957 admonitione
3210 3903 3512 3968 hortantes,
3545 3903 3842 3959 secundum

2245 3988 2534 4044 ministerii
2563 3989 2732 4044 nostri
2777 3989 3014 4048 officium
3045 4008 3108 4046 ea
3157 4008 3279 4063 qua
3309 3993 3408 4047 Dei
3453 3999 3577 4047 sunt
3608 3998 3660 4047 et
3687 3991 3843 4046 saluti

2247 4085 2448 4133 vestra
2477 4077 2719 4148 proficua
2743 4093 2906 4151 agere
2934 4079 3312 4136 incunctanter
3340 4081 3714 4136 convenimus.
3741 4081 3843 4135 Mi-

2247 4168 2423 4222 simus
2453 4175 2636 4223 autem
2667 4168 2737 4222 ad
2767 4183 2865 4224 vos
2894 4177 3192 4240 praesentes
3221 4169 3422 4225 missos
3450 4177 3666 4226 nostros
3691 4168 3844 4224 Joan-

551 4241 792 4330 auuoﬁs
819 4238 1008 4295 monis
1023 4236 1721 4330 e“e"ebm{‘"‘P_e_’iPe'°‘:
1757 4243 1808 4330 ίῗί
1833 4233 1886 4288 in
1917 4250 2148 4330 regem
2243 4273 2367 4312 nem
2418 4265 2471 4313 et
2517 4257 2831 4312 Paschalem
2879 4233 3215 4315 venerabiles
3277 4259 3564 4330 episcopos
3619 4258 3843 4314 dilectos

553 4329 1296 4418 εδτίειίὶβπιμνθὲθοῗῗθξιξηξ
1327 4324 1690 4379 ίοάυδίίδοίθν
1717 4323 1973 4418 mittere?)
1995 4323 2146 4418 Rem?
2243 4345 2435 4402 ﬁdeles
2479 4353 2716 4414 nostros,
2751 4362 2890 4418 quos
2937 4347 3172 4418 petimus
3214 4356 3270 4402 ut
3298 4323 3396 4418 pro
3443 4323 3628 4404 nostro
3657 4361 3843 4403 amore

553 4419 750 4507 ῖθθίδδο
798 4416 1060 4507 nudam“
1091 4415 1160 4507 Et
1189 4414 1394 4507 idf’irco
1425 4427 1550 4468 cum
1581 4427 1874 4507 sua__“x°_re
1905 4411 2006 4507 3W
2033 4413 2142 4507 jf‘m
2169 4425 2222 4487 D
2245 4435 2480 4507 benigne
2510 4411 2805 4506 recipiatis,
2843 4445 2897 4491 et
2927 4411 3007 4492 eis
3037 4435 3216 4493 locum
3247 4411 3624 4492 familiaritatis
3645 4436 3845 4490 tribua-

547 4507 680 4562 olim
722 4505 966 4578 legitime
992 4503 1192 4559 sociata
1232 4502 1472 4572 impune,
1506 4500 1744 4571 quandiu
1774 4500 2023 4566 vixerint,
2049 4501 2142 4570 ju-

548 4596 800 4652 dicarnus
840 4609 1065 4648 manere
1114 4591 1480 4660 conjunctum,
1529 4605 1631 4644 nec
1677 4589 1748 4644 ob
1807 4591 1908 4644 hoc
1955 4598 2144 4645 contra

551 4683 804 4753 prafatas
845 4681 1200 4739 auctoritates
1241 4679 1451 4734 divinas
1505 4677 1846 4749 aliquatenus
1902 4678 2144 4748 separari

551 4772 774 4828 debere.
809 4773 946 4826 Data
975 4786 1052 4824 vn
1083 4769 1174 4826 die
1201 4767 1405 4823 mensis
1431 4766 1596 4834 Junii,
1627 4765 1740 4821 ind.
1774 4780 1876 4820 xu.

1187 4875 1500 4931 CCXXVII.

935 4964 1008 5006 AD
1055 4960 1514 5004 οΑιιοιωιΛΝΝυι
1551 4959 1758 5001 IEGEM.

1163 5022 1344 5087 (Anno
1384 5019 1484 5072 879
1513 5019 1532 5088 )

554 5112 826 5166 Hortatur
855 5111 926 5166 ad
958 5110 1218 5166 Ecclesia:
1246 5110 1506 5162 Romana:
1535 5105 1939 5179 defensionem,
1965 5123 2088 5179 qm
2111 5125 2145 5162 a

625 5183 922 5242 Saracenis
974 5180 1170 5236 multis
1198 5179 1546 5249 aﬂiciebalur
1580 5179 1941 5234 detrimentis
1954 5181 2149 5247 ;rogat

626 5255 945 5382 υὲΙζῐςίιέοε
1011 5252 1244 5323 benigne
1303 5252 1614 5324 excipiant,
1670 5254 1726 5306 et
1788 5249 1958 5320 ﬁdem
2026 5249 2145 5305 illis

625 5343 656 5383 a
716 5342 758 5382 ιι
793 5341 853 5380 ea
889 5365 903 5380 .

627 5422 987 5481 Dilectissimo
1017 5435 1083 5478 ac
1112 5421 1332 5494 spiritali
1362 5419 1474 5479 ﬁlio
1503 5422 1928 5480 Canonomxno
1949 5418 2151 5493 glorio-

551 5513 766 5570 sissimo
797 5511 934 5583 regi.

2245 4525 2332 4590 tis,
2365 4533 2528 4596 atque
2572 4539 2638 4578 ea
2686 4540 2809 4596 qua
2853 4525 3009 4580 vobis
3035 4527 3104 4581 de
3151 4534 3340 4580 nostra
3383 4533 3538 4597 parte
3581 4525 3834 4590 dixerint,

2244 4613 2602 4669 libentissime
2653 4614 2966 4669 attendatis.
3019 4616 3152 4670 Data
3197 4630 3272 4670 vn
3302 4615 3391 4670 die
3437 4614 3642 4671 mensis
3678 4612 3838 4681 Junii,

2244 4703 2542 4759 indictione
2573 4716 2673 4757 xu.

2875 4793 3217 4850 CCXXVIII.

2801 4897 2890 4938 AD
2944 4899 3280 4940 EUMDEI.

2861 4974 3040 5040 (Anno
3080 4973 3233 5041 8’79.)

2263 5132 2277 5150 ι
2334 5065 2397 5120 Ut.
2428 5065 2492 5118 in
2532 5064 2864 5121 Vercellensi
2893 5065 3144 5147 Ecclesia
3175 5063 3513 5136 Comperta:
3540 5069 3765 5120 creetur

2885 5151 3174 5206 episcopus
3191 5175 3203 5188 .

2319 5229 2528 5288 Dilecto
2566 5247 2631 5288 ac
2679 5231 2900 5304 spiritali
2955 5232 3066 5288 tilio
3123 5233 3549 5289 CAROLouANNo
3602 5231 3839 5304 glorioso

2247 5319 2388 5394 regi.

2319 5417 2562 5476 Misimus
2590 5433 2711 5476 cum
2743 5419 2829 5477 his
2859 5421 3217 5492 prasentibus
3246 5419 3430 5478 missis
3469 5419 3671 5478 nostris
3698 5419 3840 5477 hunc

2247 5508 2618 5566 venerabilem
2667 5508 2958 5570 diaconum
3007 5510 3225 5567 nomine
3256 5508 3632 5582 Compertum,
3661 5506 3834 5566 vobis.
