  <div class='ocr_page' id='page_1' title='image "/cluster/home/n/w/nwhite01/storage/ocr_20150623/126/umn.31951002477419r/486.png"; bbox 0 0 4160 6304; ppageno 0'>
   <div class='ocr_carea' id='block_1_1' title="bbox 304 372 398 424">
    <p class='ocr_par' dir='ltr' id='par_1_1' title="bbox 304 372 398 424">
     <span class='ocr_line' id='line_1_1' title="bbox 304 372 398 424; baseline -0.021 0"><span class='ocrx_word' id='word_1_1' title='bbox 304 372 398 424; x_wconf 77' lang='grc'>841</span> 
     </span>
    </p>
   </div>
   <div class='ocr_carea' id='block_1_2' title="bbox 1507 362 2395 424">
    <p class='ocr_par' dir='ltr' id='par_1_2' title="bbox 1507 362 2395 424">
     <span class='ocr_line' id='line_1_2' title="bbox 1507 362 2395 424; baseline -0.002 0"><span class='ocrx_word' id='word_1_2' title='bbox 1507 364 1863 424; x_wconf 64' lang='lat' dir='ltr'>EPISTOLE</span> <span class='ocrx_word' id='word_1_3' title='bbox 1905 362 1996 418; x_wconf 86' lang='lat' dir='ltr'><strong>ET</strong></span> <span class='ocrx_word' id='word_1_4' title='bbox 2051 366 2395 424; x_wconf 81' lang='lat' dir='ltr'>DECRETA.</span> 
     </span>
    </p>
   </div>
   <div class='ocr_carea' id='block_1_3' title="bbox 306 487 3596 570">
    <p class='ocr_par' dir='ltr' id='par_1_3' title="bbox 306 487 3596 570">
     <span class='ocr_line' id='line_1_3' title="bbox 306 487 3596 570; baseline 0.003 -22"><span class='ocrx_word' id='word_1_5' title='bbox 306 501 365 548; x_wconf 91' lang='lat' dir='ltr'>ut</span> <span class='ocrx_word' id='word_1_6' title='bbox 393 493 684 561; x_wconf 85' lang='lat' dir='ltr'>credimus,</span> <span class='ocrx_word' id='word_1_7' title='bbox 716 501 925 559; x_wconf 89' lang='lat' dir='ltr'>notum,</span> <span class='ocrx_word' id='word_1_8' title='bbox 975 495 1031 548; x_wconf 91' lang='lat' dir='ltr'>in</span> <span class='ocrx_word' id='word_1_9' title='bbox 1077 495 1355 550; x_wconf 82' lang='lat' dir='ltr'>servitium</span> <span class='ocrx_word' id='word_1_10' title='bbox 1382 495 1769 568; x_wconf 76' lang='lat' dir='ltr'>magnitudinis</span> <span class='ocrx_word' id='word_1_11' title='bbox 1802 512 1900 549; x_wconf 88' lang='lat' dir='ltr'>ve-</span> <span class='ocrx_word' id='word_1_12' title='bbox 1929 487 1985 548; x_wconf 88' lang='lat' dir='ltr'><strong>A</strong></span> <span class='ocrx_word' id='word_1_13' title='bbox 2011 491 2110 546; x_wconf 83' lang='lat' dir='ltr'>tria</span> <span class='ocrx_word' id='word_1_14' title='bbox 2140 492 2483 564; x_wconf 86' lang='lat' dir='ltr'>suggessisti,</span> <span class='ocrx_word' id='word_1_15' title='bbox 2517 500 2783 564; x_wconf 85' lang='lat' dir='ltr'>quatenus</span> <span class='ocrx_word' id='word_1_16' title='bbox 2829 501 3015 551; x_wconf 88' lang='lat' dir='ltr'>nostro</span> <span class='ocrx_word' id='word_1_17' title='bbox 3043 495 3140 553; x_wconf 88' lang='lat' dir='ltr'>tibi</span> <span class='ocrx_word' id='word_1_18' title='bbox 3169 511 3266 554; x_wconf 87' lang='lat' dir='ltr'>ore</span> <span class='ocrx_word' id='word_1_19' title='bbox 3293 499 3596 570; x_wconf 84' lang='lat' dir='ltr'>apostolico</span> 
     </span>
    </p>
   </div>
   <div class='ocr_carea' id='block_1_4' title="bbox 309 581 1902 656">
    <p class='ocr_par' dir='ltr' id='par_1_4' title="bbox 309 581 1902 656">
     <span class='ocr_line' id='line_1_4' title="bbox 309 581 1902 656; baseline 0 -20"><span class='ocrx_word' id='word_1_20' title='bbox 309 591 438 638; x_wconf 70' lang='lat' dir='ltr'>stra:</span> <span class='ocrx_word' id='word_1_21' title='bbox 470 599 484 636; x_wconf 92' lang='lat'>:</span> <span class='ocrx_word' id='word_1_22' title='bbox 517 598 678 654; x_wconf 90' lang='lat' dir='ltr'>quem</span> <span class='ocrx_word' id='word_1_23' title='bbox 707 581 942 653; x_wconf 80' lang='lat' dir='ltr'>petimus</span> <span class='ocrx_word' id='word_1_24' title='bbox 975 591 1032 637; x_wconf 91' lang='lat' dir='ltr'>ut</span> <span class='ocrx_word' id='word_1_25' title='bbox 1059 599 1162 654; x_wconf 94' lang='lat' dir='ltr'>pro</span> <span class='ocrx_word' id='word_1_26' title='bbox 1207 591 1396 638; x_wconf 89' lang='lat' dir='ltr'>nostro</span> <span class='ocrx_word' id='word_1_27' title='bbox 1447 599 1634 638; x_wconf 91' lang='lat' dir='ltr'>amore</span> <span class='ocrx_word' id='word_1_28' title='bbox 1665 583 1902 656; x_wconf 80' lang='lat' dir='ltr'>benigne</span> 
     </span>
    </p>
   </div>
   <div class='ocr_carea' id='block_1_5' title="bbox 305 670 1900 743">
    <p class='ocr_par' dir='ltr' id='par_1_5' title="bbox 305 670 1900 743">
     <span class='ocr_line' id='line_1_5' title="bbox 305 670 1900 743; baseline 0.001 -19"><span class='ocrx_word' id='word_1_29' title='bbox 305 670 611 742; x_wconf 77' lang='lat' dir='ltr'>recipiatis;</span> <span class='ocrx_word' id='word_1_30' title='bbox 645 679 696 726; x_wconf 91' lang='lat' dir='ltr'>et</span> <span class='ocrx_word' id='word_1_31' title='bbox 728 671 854 743; x_wconf 83' lang='lat' dir='ltr'>quia</span> <span class='ocrx_word' id='word_1_32' title='bbox 883 671 1040 726; x_wconf 91' lang='lat' dir='ltr'>nobis</span> <span class='ocrx_word' id='word_1_33' title='bbox 1073 687 1138 727; x_wconf 86' lang='lat' dir='ltr'>ac</span> <span class='ocrx_word' id='word_1_34' title='bbox 1169 671 1323 727; x_wconf 91' lang='lat' dir='ltr'>vobis</span> <span class='ocrx_word' id='word_1_35' title='bbox 1366 671 1543 726; x_wconf 87' lang='lat' dir='ltr'>ﬁdelis</span> <span class='ocrx_word' id='word_1_36' title='bbox 1573 672 1772 737; x_wconf 78' lang='lat' dir='ltr'>existit,</span> <span class='ocrx_word' id='word_1_37' title='bbox 1807 687 1900 726; x_wconf 88' lang='lat' dir='ltr'>ro-</span> 
     </span>
    </p>
   </div>
   <div class='ocr_carea' id='block_1_6' title="bbox 303 760 1900 832">
    <p class='ocr_par' dir='ltr' id='par_1_6' title="bbox 303 760 1900 832">
     <span class='ocr_line' id='line_1_6' title="bbox 303 760 1900 832; baseline -0.001 -18"><span class='ocrx_word' id='word_1_38' title='bbox 303 775 502 832; x_wconf 85' lang='lat' dir='ltr'>gamus</span> <span class='ocrx_word' id='word_1_39' title='bbox 532 760 908 815; x_wconf 81' lang='lat' dir='ltr'>excellentiam</span> <span class='ocrx_word' id='word_1_40' title='bbox 939 770 1172 815; x_wconf 83' lang='lat' dir='ltr'>vestram</span> <span class='ocrx_word' id='word_1_41' title='bbox 1189 769 1247 816; x_wconf 92' lang='lat' dir='ltr'>ut</span> <span class='ocrx_word' id='word_1_42' title='bbox 1277 761 1648 831; x_wconf 89' lang='lat' dir='ltr'>episc0patum</span> <span class='ocrx_word' id='word_1_43' title='bbox 1677 761 1900 816; x_wconf 79' lang='lat' dir='ltr'>Vercel-</span> 
     </span>
    </p>
   </div>
   <div class='ocr_carea' id='block_1_7' title="bbox 307 848 1894 920">
    <p class='ocr_par' dir='ltr' id='par_1_7' title="bbox 307 848 1894 920">
     <span class='ocr_line' id='line_1_7' title="bbox 307 848 1894 920; baseline -0.001 -18"><span class='ocrx_word' id='word_1_44' title='bbox 307 848 478 902; x_wconf 90' lang='lat' dir='ltr'>lensis</span> <span class='ocrx_word' id='word_1_45' title='bbox 507 848 768 904; x_wconf 61' lang='lat' dir='ltr'>Ecclesia;</span> <span class='ocrx_word' id='word_1_46' title='bbox 796 848 1014 918; x_wconf 87' lang='lat' dir='ltr'>placido</span> <span class='ocrx_word' id='word_1_47' title='bbox 1061 849 1242 904; x_wconf 89' lang='lat' dir='ltr'>animo</span> <span class='ocrx_word' id='word_1_48' title='bbox 1292 848 1560 914; x_wconf 88' lang='lat' dir='ltr'>tribuatis,</span> <span class='ocrx_word' id='word_1_49' title='bbox 1607 857 1894 920; x_wconf 85' lang='lat' dir='ltr'>quatenus,</span> 
     </span>
    </p>
   </div>
   <div class='ocr_carea' id='block_1_8' title="bbox 302 935 1897 1008">
    <p class='ocr_par' dir='ltr' id='par_1_8' title="bbox 302 935 1897 1008">
     <span class='ocr_line' id='line_1_8' title="bbox 302 935 1897 1008; baseline -0.001 -17"><span class='ocrx_word' id='word_1_50' title='bbox 302 937 421 991; x_wconf 92' lang='lat' dir='ltr'>Deo</span> <span class='ocrx_word' id='word_1_51' title='bbox 452 935 765 1006; x_wconf 81' lang='lat' dir='ltr'>auxiliante,</span> <span class='ocrx_word' id='word_1_52' title='bbox 797 953 897 1008; x_wconf 91' lang='lat' dir='ltr'>per</span> <span class='ocrx_word' id='word_1_53' title='bbox 926 946 1167 992; x_wconf 90' lang='lat' dir='ltr'>nostram</span> <span class='ocrx_word' id='word_1_54' title='bbox 1219 954 1282 993; x_wconf 92' lang='lat' dir='ltr'>ac</span> <span class='ocrx_word' id='word_1_55' title='bbox 1312 945 1546 992; x_wconf 84' lang='lat' dir='ltr'>vestram</span> <span class='ocrx_word' id='word_1_56' title='bbox 1576 936 1897 992; x_wconf 86' lang='lat' dir='ltr'>muniﬁcen-</span> 
     </span>
    </p>
   </div>
   <div class='ocr_carea' id='block_1_9' title="bbox 302 1023 1896 1096">
    <p class='ocr_par' dir='ltr' id='par_1_9' title="bbox 302 1023 1896 1096">
     <span class='ocr_line' id='line_1_9' title="bbox 302 1023 1896 1096; baseline 0 -18"><span class='ocrx_word' id='word_1_57' title='bbox 302 1023 436 1078; x_wconf 85' lang='lat' dir='ltr'>tiam</span> <span class='ocrx_word' id='word_1_58' title='bbox 466 1024 764 1095; x_wconf 82' lang='lat' dir='ltr'>episcopali</span> <span class='ocrx_word' id='word_1_59' title='bbox 793 1025 1049 1080; x_wconf 85' lang='lat' dir='ltr'>duntaxat</span> <span class='ocrx_word' id='word_1_60' title='bbox 1096 1027 1302 1081; x_wconf 85' lang='lat' dir='ltr'>honore</span> <span class='ocrx_word' id='word_1_61' title='bbox 1330 1025 1554 1096; x_wconf 87' lang='lat' dir='ltr'>potitus,</span> <span class='ocrx_word' id='word_1_62' title='bbox 1589 1025 1744 1079; x_wconf 90' lang='lat' dir='ltr'>nobis</span> <span class='ocrx_word' id='word_1_63' title='bbox 1773 1040 1896 1079; x_wconf 89' lang='lat' dir='ltr'>om-</span> 
     </span>
    </p>
   </div>
   <div class='ocr_carea' id='block_1_10' title="bbox 302 1111 1896 1185">
    <p class='ocr_par' dir='ltr' id='par_1_10' title="bbox 302 1111 1896 1185">
     <span class='ocr_line' id='line_1_10' title="bbox 302 1111 1896 1185; baseline 0.001 -19"><span class='ocrx_word' id='word_1_64' title='bbox 302 1111 464 1166; x_wconf 87' lang='lat' dir='ltr'>nibus</span> <span class='ocrx_word' id='word_1_65' title='bbox 493 1113 726 1168; x_wconf 86' lang='lat' dir='ltr'>existere</span> <span class='ocrx_word' id='word_1_66' title='bbox 751 1114 998 1168; x_wconf 84' lang='lat' dir='ltr'>devotior</span> <span class='ocrx_word' id='word_1_67' title='bbox 1027 1122 1188 1184; x_wconf 89' lang='lat' dir='ltr'>atque</span> <span class='ocrx_word' id='word_1_68' title='bbox 1218 1113 1431 1168; x_wconf 92' lang='lat' dir='ltr'>ﬁdelior</span> <span class='ocrx_word' id='word_1_69' title='bbox 1443 1113 1633 1185; x_wconf 90' lang='lat' dir='ltr'>possit.</span> <span class='ocrx_word' id='word_1_70' title='bbox 1654 1115 1792 1168; x_wconf 87' lang='lat' dir='ltr'>Data</span> <span class='ocrx_word' id='word_1_71' title='bbox 1821 1129 1896 1168; x_wconf 84' lang='lat' dir='ltr'>vn</span> 
     </span>
    </p>
   </div>
   <div class='ocr_carea' id='block_1_11' title="bbox 302 1199 1269 1265">
    <p class='ocr_par' dir='ltr' id='par_1_11' title="bbox 302 1199 1269 1265">
     <span class='ocr_line' id='line_1_11' title="bbox 302 1199 1269 1265; baseline 0.002 -11"><span class='ocrx_word' id='word_1_72' title='bbox 302 1199 392 1256; x_wconf 91' lang='lat' dir='ltr'>die</span> <span class='ocrx_word' id='word_1_73' title='bbox 421 1201 625 1256; x_wconf 90' lang='lat' dir='ltr'>mensis</span> <span class='ocrx_word' id='word_1_74' title='bbox 649 1201 813 1265; x_wconf 85' lang='lat' dir='ltr'>Junii,</span> <span class='ocrx_word' id='word_1_75' title='bbox 849 1202 1142 1257; x_wconf 88' lang='lat' dir='ltr'>indictione</span> <span class='ocrx_word' id='word_1_76' title='bbox 1170 1218 1269 1256; x_wconf 69' lang='grc' dir='ltr'>ΧΠ.</span> 
     </span>
    </p>
   </div>
   <div class='ocr_carea' id='block_1_12' title="bbox 948 1299 1240 1354">
    <p class='ocr_par' dir='ltr' id='par_1_12' title="bbox 948 1299 1240 1354">
     <span class='ocr_line' id='line_1_12' title="bbox 948 1299 1240 1354; baseline -0.007 0"><span class='ocrx_word' id='word_1_77' title='bbox 948 1299 1240 1354; x_wconf 84' lang='lat' dir='ltr'>CCXXIX.</span> 
     </span>
    </p>
   </div>
   <div class='ocr_carea' id='block_1_13' title="bbox 795 1410 1388 1451">
    <p class='ocr_par' dir='ltr' id='par_1_13' title="bbox 795 1410 1388 1451">
     <span class='ocr_line' id='line_1_13' title="bbox 795 1410 1388 1451; baseline 0 -2"><span class='ocrx_word' id='word_1_78' title='bbox 795 1410 878 1450; x_wconf 77' lang='lat' dir='ltr'>AD</span> <span class='ocrx_word' id='word_1_79' title='bbox 918 1411 1388 1451; x_wconf 75' lang='lat' dir='ltr'>BRANIMIBUM.</span> 
     </span>
    </p>
   </div>
   <div class='ocr_carea' id='block_1_14' title="bbox 913 1493 1280 1563">
    <p class='ocr_par' dir='ltr' id='par_1_14' title="bbox 913 1493 1280 1563">
     <span class='ocr_line' id='line_1_14' title="bbox 913 1493 1280 1563; baseline 0 -16"><span class='ocrx_word' id='word_1_80' title='bbox 913 1493 1093 1563; x_wconf 73' lang='lat' dir='ltr'>(Anno</span> <span class='ocrx_word' id='word_1_81' title='bbox 1131 1496 1194 1548; x_wconf 72' lang='lat'>8&#39;.</span> <span class='ocrx_word' id='word_1_82' title='bbox 1203 1493 1280 1563; x_wconf 88' lang='lat'>9.)</span> 
     </span>
    </p>
   </div>
   <div class='ocr_carea' id='block_1_15' title="bbox 303 1591 1888 1661">
    <p class='ocr_par' dir='ltr' id='par_1_15' title="bbox 303 1591 1888 1661">
     <span class='ocr_line' id='line_1_15' title="bbox 303 1591 1888 1661; baseline -0.001 -15"><span class='ocrx_word' id='word_1_83' title='bbox 303 1591 550 1661; x_wconf 85' lang='lat' dir='ltr'>Suscipit</span> <span class='ocrx_word' id='word_1_84' title='bbox 581 1605 710 1644; x_wconf 89' lang='lat' dir='ltr'>eum</span> <span class='ocrx_word' id='word_1_85' title='bbox 748 1591 820 1644; x_wconf 86' lang='lat' dir='ltr'>ad</span> <span class='ocrx_word' id='word_1_86' title='bbox 869 1593 1132 1646; x_wconf 69' lang='lat' dir='ltr'>Romanae</span> <span class='ocrx_word' id='word_1_87' title='bbox 1176 1591 1439 1645; x_wconf 64' lang='lat' dir='ltr'>Ecclesia</span> <span class='ocrx_word' id='word_1_88' title='bbox 1486 1591 1765 1661; x_wconf 76' lang='lat' dir='ltr'>gremium</span> <span class='ocrx_word' id='word_1_89' title='bbox 1794 1605 1888 1645; x_wconf 83' lang='lat' dir='ltr'>re-</span> 
     </span>
    </p>
   </div>
   <div class='ocr_carea' id='block_1_16' title="bbox 372 1660 1886 1732">
    <p class='ocr_par' dir='ltr' id='par_1_16' title="bbox 372 1660 1886 1732">
     <span class='ocr_line' id='line_1_16' title="bbox 372 1660 1886 1732; baseline 0.001 -18"><span class='ocrx_word' id='word_1_90' title='bbox 372 1660 670 1727; x_wconf 85' lang='lat' dir='ltr'>deuntem;</span> <span class='ocrx_word' id='word_1_91' title='bbox 716 1665 907 1717; x_wconf 84' lang='lat' dir='ltr'>monet</span> <span class='ocrx_word' id='word_1_92' title='bbox 951 1666 1016 1715; x_wconf 87' lang='lat' dir='ltr'>ut</span> <span class='ocrx_word' id='word_1_93' title='bbox 1060 1661 1124 1715; x_wconf 84' lang='lat' dir='ltr'>in</span> <span class='ocrx_word' id='word_1_94' title='bbox 1173 1662 1273 1716; x_wconf 88' lang='lat' dir='ltr'>Dei</span> <span class='ocrx_word' id='word_1_95' title='bbox 1301 1660 1494 1732; x_wconf 83' lang='lat' dir='ltr'>amore</span> <span class='ocrx_word' id='word_1_96' title='bbox 1516 1665 1840 1732; x_wconf 80' lang='lat' dir='ltr'>perseveret</span> <span class='ocrx_word' id='word_1_97' title='bbox 1867 1680 1886 1716; x_wconf 90' lang='lat'><strong><em>:</em></strong></span> 
     </span>
    </p>
   </div>
   <div class='ocr_carea' id='block_1_17' title="bbox 369 1731 1889 1803">
    <p class='ocr_par' dir='ltr' id='par_1_17' title="bbox 369 1731 1889 1803">
     <span class='ocr_line' id='line_1_17' title="bbox 369 1731 1889 1803; baseline 0 -17"><span class='ocrx_word' id='word_1_98' title='bbox 369 1732 707 1803; x_wconf 75' lang='lat' dir='ltr'>impertitur</span> <span class='ocrx_word' id='word_1_99' title='bbox 765 1732 1204 1788; x_wconf 79' lang='lat' dir='ltr'>benedictionem</span> <span class='ocrx_word' id='word_1_100' title='bbox 1259 1731 1660 1803; x_wconf 80' lang='lat' dir='ltr'>apostolicam,</span> <span class='ocrx_word' id='word_1_101' title='bbox 1719 1748 1889 1803; x_wconf 88' lang='lat' dir='ltr'>quam</span> 
     </span>
    </p>
   </div>
   <div class='ocr_carea' id='block_1_18' title="bbox 2003 579 3598 659">
    <p class='ocr_par' dir='ltr' id='par_1_18' title="bbox 2003 579 3598 659">
     <span class='ocr_line' id='line_1_18' title="bbox 2003 579 3598 659; baseline 0.008 -27"><span class='ocrx_word' id='word_1_102' title='bbox 2003 579 2454 636; x_wconf 84' lang='lat' dir='ltr'>benediceremus</span> <span class='ocrx_word' id='word_1_103' title='bbox 2482 596 2580 651; x_wconf 88' lang='lat' dir='ltr'>pro</span> <span class='ocrx_word' id='word_1_104' title='bbox 2619 589 2726 637; x_wconf 70' lang='lat' dir='ltr'>tuae</span> <span class='ocrx_word' id='word_1_105' title='bbox 2772 583 2960 638; x_wconf 90' lang='lat' dir='ltr'>salutis</span> <span class='ocrx_word' id='word_1_106' title='bbox 2993 593 3303 657; x_wconf 84' lang='lat' dir='ltr'>augmento,</span> <span class='ocrx_word' id='word_1_107' title='bbox 3333 586 3390 642; x_wconf 89' lang='lat' dir='ltr'>id</span> <span class='ocrx_word' id='word_1_108' title='bbox 3417 588 3598 659; x_wconf 89' lang='lat' dir='ltr'>ipsum</span> 
     </span>
    </p>
   </div>
   <div class='ocr_carea' id='block_1_19' title="bbox 1999 667 3596 732">
    <p class='ocr_par' dir='ltr' id='par_1_19' title="bbox 1999 667 3596 732">
     <span class='ocr_line' id='line_1_19' title="bbox 1999 667 3596 732; baseline 0.008 -12"><span class='ocrx_word' id='word_1_109' title='bbox 1999 667 2233 724; x_wconf 87' lang='lat' dir='ltr'>libenter</span> <span class='ocrx_word' id='word_1_110' title='bbox 2276 669 2521 724; x_wconf 86' lang='lat' dir='ltr'>fecimus.</span> <span class='ocrx_word' id='word_1_111' title='bbox 2576 671 2715 724; x_wconf 90' lang='lat' dir='ltr'>Nam</span> <span class='ocrx_word' id='word_1_112' title='bbox 2763 671 2818 724; x_wconf 92' lang='lat' dir='ltr'>in</span> <span class='ocrx_word' id='word_1_113' title='bbox 2866 671 2954 726; x_wconf 91' lang='lat' dir='ltr'>die</span> <span class='ocrx_word' id='word_1_114' title='bbox 3000 673 3348 729; x_wconf 84' lang='lat' dir='ltr'>Ascensionis</span> <span class='ocrx_word' id='word_1_115' title='bbox 3377 675 3596 732; x_wconf 88' lang='lat' dir='ltr'>Domini</span> 
     </span>
    </p>
   </div>
   <div class='ocr_carea' id='block_1_20' title="bbox 1999 755 3595 831">
    <p class='ocr_par' dir='ltr' id='par_1_20' title="bbox 1999 755 3595 831">
     <span class='ocr_line' id='line_1_20' title="bbox 1999 755 3595 831; baseline 0.008 -23"><span class='ocrx_word' id='word_1_116' title='bbox 1999 755 2140 812; x_wconf 91' lang='lat' dir='ltr'>inter</span> <span class='ocrx_word' id='word_1_117' title='bbox 2167 773 2325 813; x_wconf 91' lang='lat' dir='ltr'>sacra</span> <span class='ocrx_word' id='word_1_118' title='bbox 2354 758 2648 812; x_wconf 91' lang='lat' dir='ltr'>missarum</span> <span class='ocrx_word' id='word_1_119' title='bbox 2698 759 2962 814; x_wconf 88' lang='lat' dir='ltr'>solemnia</span> <span class='ocrx_word' id='word_1_120' title='bbox 2992 777 3159 831; x_wconf 88' lang='lat' dir='ltr'>super</span> <span class='ocrx_word' id='word_1_121' title='bbox 3189 777 3399 817; x_wconf 88' lang='lat' dir='ltr'>sacrum</span> <span class='ocrx_word' id='word_1_122' title='bbox 3426 764 3595 820; x_wconf 82' lang='lat' dir='ltr'>altare</span> 
     </span>
    </p>
   </div>
   <div class='ocr_carea' id='block_1_21' title="bbox 1999 843 3596 916">
    <p class='ocr_par' dir='ltr' id='par_1_21' title="bbox 1999 843 3596 916">
     <span class='ocr_line' id='line_1_21' title="bbox 1999 843 3596 916; baseline 0.006 -18"><span class='ocrx_word' id='word_1_123' title='bbox 1999 843 2055 898; x_wconf 92' lang='lat' dir='ltr'>S.</span> <span class='ocrx_word' id='word_1_124' title='bbox 2089 845 2232 900; x_wconf 87' lang='lat' dir='ltr'>Petri</span> <span class='ocrx_word' id='word_1_125' title='bbox 2263 847 2491 916; x_wconf 89' lang='lat' dir='ltr'>apostoli</span> <span class='ocrx_word' id='word_1_126' title='bbox 2521 846 2883 914; x_wconf 88' lang='lat' dir='ltr'>celebrantes,</span> <span class='ocrx_word' id='word_1_127' title='bbox 2919 847 3148 903; x_wconf 82' lang='lat' dir='ltr'>elevatis</span> <span class='ocrx_word' id='word_1_128' title='bbox 3179 865 3400 906; x_wconf 83' lang='lat' dir='ltr'>sursum</span> <span class='ocrx_word' id='word_1_129' title='bbox 3424 851 3596 907; x_wconf 88' lang='lat' dir='ltr'>mani-</span> 
     </span>
    </p>
   </div>
   <div class='ocr_carea' id='block_1_22' title="bbox 1997 932 3595 1010">
    <p class='ocr_par' dir='ltr' id='par_1_22' title="bbox 1997 932 3595 1010">
     <span class='ocr_line' id='line_1_22' title="bbox 1997 932 3595 1010; baseline 0.006 -24"><span class='ocrx_word' id='word_1_130' title='bbox 1997 932 2100 986; x_wconf 93' lang='lat' dir='ltr'>bus</span> <span class='ocrx_word' id='word_1_131' title='bbox 2125 933 2499 989; x_wconf 86' lang='lat' dir='ltr'>benediximus</span> <span class='ocrx_word' id='word_1_132' title='bbox 2546 934 2660 1002; x_wconf 88' lang='lat' dir='ltr'>tibi,</span> <span class='ocrx_word' id='word_1_133' title='bbox 2711 943 2763 989; x_wconf 92' lang='lat' dir='ltr'>et</span> <span class='ocrx_word' id='word_1_134' title='bbox 2811 935 2961 989; x_wconf 92' lang='lat' dir='ltr'>omni</span> <span class='ocrx_word' id='word_1_135' title='bbox 2989 937 3193 1007; x_wconf 90' lang='lat' dir='ltr'>populo</span> <span class='ocrx_word' id='word_1_136' title='bbox 3219 944 3312 993; x_wconf 92' lang='lat' dir='ltr'>tuo</span> <span class='ocrx_word' id='word_1_137' title='bbox 3340 939 3595 1010; x_wconf 78' lang='lat' dir='ltr'>omnique</span> 
     </span>
    </p>
   </div>
   <div class='ocr_carea' id='block_1_23' title="bbox 1998 1021 3597 1096">
    <p class='ocr_par' dir='ltr' id='par_1_23' title="bbox 1998 1021 3597 1096">
     <span class='ocr_line' id='line_1_23' title="bbox 1998 1021 3597 1096; baseline 0.004 -22"><span class='ocrx_word' id='word_1_138' title='bbox 1998 1027 2152 1075; x_wconf 66' lang='lat' dir='ltr'>terrae</span> <span class='ocrx_word' id='word_1_139' title='bbox 2179 1029 2302 1089; x_wconf 72' lang='lat' dir='ltr'>tuae,</span> <span class='ocrx_word' id='word_1_140' title='bbox 2352 1030 2410 1076; x_wconf 91' lang='lat' dir='ltr'>ut</span> <span class='ocrx_word' id='word_1_141' title='bbox 2451 1021 2538 1076; x_wconf 91' lang='lat' dir='ltr'>hic</span> <span class='ocrx_word' id='word_1_142' title='bbox 2585 1030 2638 1076; x_wconf 92' lang='lat' dir='ltr'>et</span> <span class='ocrx_word' id='word_1_143' title='bbox 2694 1021 2751 1076; x_wconf 91' lang='lat' dir='ltr'>in</span> <span class='ocrx_word' id='word_1_144' title='bbox 2804 1031 3066 1078; x_wconf 64' lang='lat' dir='ltr'>aeternum</span> <span class='ocrx_word' id='word_1_145' title='bbox 3097 1039 3323 1096; x_wconf 87' lang='lat' dir='ltr'>corpore</span> <span class='ocrx_word' id='word_1_146' title='bbox 3352 1024 3513 1081; x_wconf 84' lang='lat' dir='ltr'>simul</span> <span class='ocrx_word' id='word_1_147' title='bbox 3542 1032 3597 1081; x_wconf 88' lang='lat' dir='ltr'>et</span> 
     </span>
    </p>
   </div>
   <div class='ocr_carea' id='block_1_24' title="bbox 1995 1108 3594 1184">
    <p class='ocr_par' dir='ltr' id='par_1_24' title="bbox 1995 1108 3594 1184">
     <span class='ocr_line' id='line_1_24' title="bbox 1995 1108 3594 1184; baseline 0.004 -23"><span class='ocrx_word' id='word_1_148' title='bbox 1995 1108 2172 1163; x_wconf 89' lang='lat' dir='ltr'>anima</span> <span class='ocrx_word' id='word_1_149' title='bbox 2199 1110 2454 1176; x_wconf 87' lang='lat' dir='ltr'>salvatus,</span> <span class='ocrx_word' id='word_1_150' title='bbox 2487 1118 2537 1164; x_wconf 91' lang='lat' dir='ltr'>et</span> <span class='ocrx_word' id='word_1_151' title='bbox 2575 1110 2935 1181; x_wconf 87' lang='lat' dir='ltr'>principatum</span> <span class='ocrx_word' id='word_1_152' title='bbox 2985 1119 3257 1168; x_wconf 88' lang='lat' dir='ltr'>terrenum</span> <span class='ocrx_word' id='word_1_153' title='bbox 3297 1129 3460 1184; x_wconf 85' lang='lat' dir='ltr'>quem</span> <span class='ocrx_word' id='word_1_154' title='bbox 3487 1115 3594 1168; x_wconf 86' lang='lat' dir='ltr'>ha-</span> 
     </span>
    </p>
   </div>
   <div class='ocr_carea' id='block_1_25' title="bbox 1997 1198 3592 1272">
    <p class='ocr_par' dir='ltr' id='par_1_25' title="bbox 1997 1198 3592 1272">
     <span class='ocr_line' id='line_1_25' title="bbox 1997 1198 3592 1272; baseline 0.005 -21"><span class='ocrx_word' id='word_1_155' title='bbox 1997 1198 2114 1262; x_wconf 90' lang='lat' dir='ltr'>bes,</span> <span class='ocrx_word' id='word_1_156' title='bbox 2147 1214 2409 1268; x_wconf 90' lang='lat' dir='ltr'>prospere</span> <span class='ocrx_word' id='word_1_157' title='bbox 2440 1215 2504 1254; x_wconf 94' lang='lat' dir='ltr'>ac</span> <span class='ocrx_word' id='word_1_158' title='bbox 2534 1198 2797 1254; x_wconf 88' lang='lat' dir='ltr'>securiter</span> <span class='ocrx_word' id='word_1_159' title='bbox 2839 1216 3038 1272; x_wconf 91' lang='lat' dir='ltr'>regere</span> <span class='ocrx_word' id='word_1_160' title='bbox 3085 1200 3267 1271; x_wconf 90' lang='lat' dir='ltr'>possis</span> <span class='ocrx_word' id='word_1_161' title='bbox 3310 1207 3366 1256; x_wconf 76' lang='lat' dir='ltr'>et</span> <span class='ocrx_word' id='word_1_162' title='bbox 3387 1199 3446 1256; x_wconf 90' lang='lat' dir='ltr'>in</span> <span class='ocrx_word' id='word_1_163' title='bbox 3475 1216 3592 1258; x_wconf 75' lang='lat' dir='ltr'>cm-</span> 
     </span>
    </p>
   </div>
   <div class='ocr_carea' id='block_1_26' title="bbox 1993 1284 3593 1360">
    <p class='ocr_par' dir='ltr' id='par_1_26' title="bbox 1993 1284 3593 1360">
     <span class='ocr_line' id='line_1_26' title="bbox 1993 1284 3593 1360; baseline 0.005 -22"><span class='ocrx_word' id='word_1_164' title='bbox 1993 1284 2113 1340; x_wconf 89' lang='lat' dir='ltr'>lesti</span> <span class='ocrx_word' id='word_1_165' title='bbox 2143 1285 2368 1358; x_wconf 76' lang='lat' dir='ltr'>regione</span> <span class='ocrx_word' id='word_1_166' title='bbox 2398 1293 2518 1356; x_wconf 88' lang='lat' dir='ltr'>post</span> <span class='ocrx_word' id='word_1_167' title='bbox 2549 1294 2777 1341; x_wconf 90' lang='lat' dir='ltr'>mortem</span> <span class='ocrx_word' id='word_1_168' title='bbox 2807 1302 2932 1342; x_wconf 91' lang='lat' dir='ltr'>cum</span> <span class='ocrx_word' id='word_1_169' title='bbox 2951 1288 3067 1342; x_wconf 90' lang='lat' dir='ltr'>Deo</span> <span class='ocrx_word' id='word_1_170' title='bbox 3087 1287 3320 1344; x_wconf 85' lang='lat' dir='ltr'>feliciter</span> <span class='ocrx_word' id='word_1_171' title='bbox 3349 1289 3593 1360; x_wconf 79' lang='lat' dir='ltr'>gaudeas</span> 
     </span>
    </p>
   </div>
   <div class='ocr_carea' id='block_1_27' title="bbox 1992 1373 3589 1446">
    <p class='ocr_par' dir='ltr' id='par_1_27' title="bbox 1992 1373 3589 1446">
     <span class='ocr_line' id='line_1_27' title="bbox 1992 1373 3589 1446; baseline 0.003 -18"><span class='ocrx_word' id='word_1_172' title='bbox 1992 1381 2045 1428; x_wconf 88' lang='lat' dir='ltr'>et</span> <span class='ocrx_word' id='word_1_173' title='bbox 2069 1373 2125 1428; x_wconf 90' lang='lat' dir='ltr'>in</span> <span class='ocrx_word' id='word_1_174' title='bbox 2156 1380 2477 1444; x_wconf 89' lang='lat' dir='ltr'>perpetuum</span> <span class='ocrx_word' id='word_1_175' title='bbox 2521 1390 2742 1446; x_wconf 84' lang='lat' dir='ltr'>regnes.</span> <span class='ocrx_word' id='word_1_176' title='bbox 2776 1375 2844 1428; x_wconf 92' lang='lat' dir='ltr'>Et</span> <span class='ocrx_word' id='word_1_177' title='bbox 2873 1375 3002 1446; x_wconf 85' lang='lat' dir='ltr'>quia</span> <span class='ocrx_word' id='word_1_178' title='bbox 3031 1375 3176 1430; x_wconf 88' lang='lat' dir='ltr'>hunc</span> <span class='ocrx_word' id='word_1_179' title='bbox 3205 1375 3387 1446; x_wconf 89' lang='lat' dir='ltr'>ipsum</span> <span class='ocrx_word' id='word_1_180' title='bbox 3417 1377 3589 1434; x_wconf 85' lang='lat' dir='ltr'>Joan-</span> 
     </span>
    </p>
   </div>
   <div class='ocr_carea' id='block_1_28' title="bbox 1990 1458 3588 1533">
    <p class='ocr_par' dir='ltr' id='par_1_28' title="bbox 1990 1458 3588 1533">
     <span class='ocr_line' id='line_1_28' title="bbox 1990 1458 3588 1533; baseline 0.003 -18"><span class='ocrx_word' id='word_1_181' title='bbox 1990 1477 2116 1516; x_wconf 91' lang='lat' dir='ltr'>nem</span> <span class='ocrx_word' id='word_1_182' title='bbox 2173 1458 2558 1533; x_wconf 86' lang='lat' dir='ltr'>presbyterum</span> <span class='ocrx_word' id='word_1_183' title='bbox 2622 1462 2718 1516; x_wconf 92' lang='lat' dir='ltr'>tibi</span> <span class='ocrx_word' id='word_1_184' title='bbox 2762 1469 2815 1517; x_wconf 91' lang='lat' dir='ltr'>et</span> <span class='ocrx_word' id='word_1_185' title='bbox 2858 1463 3018 1518; x_wconf 88' lang='lat' dir='ltr'>nobis</span> <span class='ocrx_word' id='word_1_186' title='bbox 3064 1479 3254 1518; x_wconf 89' lang='lat' dir='ltr'>verum</span> <span class='ocrx_word' id='word_1_187' title='bbox 3282 1462 3500 1520; x_wconf 86' lang='lat' dir='ltr'>ﬁdelem</span> <span class='ocrx_word' id='word_1_188' title='bbox 3530 1465 3588 1520; x_wconf 83' lang='lat' dir='ltr'>in</span> 
     </span>
    </p>
   </div>
   <div class='ocr_carea' id='block_1_29' title="bbox 1989 1549 3585 1624">
    <p class='ocr_par' dir='ltr' id='par_1_29' title="bbox 1989 1549 3585 1624">
     <span class='ocr_line' id='line_1_29' title="bbox 1989 1549 3585 1624; baseline 0.003 -21"><span class='ocrx_word' id='word_1_189' title='bbox 1989 1549 2242 1605; x_wconf 90' lang='lat' dir='ltr'>omnibus</span> <span class='ocrx_word' id='word_1_190' title='bbox 2299 1566 2422 1606; x_wconf 90' lang='lat' dir='ltr'>esse</span> <span class='ocrx_word' id='word_1_191' title='bbox 2477 1550 2878 1624; x_wconf 83' lang='lat' dir='ltr'>cognoscimus,</span> <span class='ocrx_word' id='word_1_192' title='bbox 2921 1551 3170 1606; x_wconf 88' lang='lat' dir='ltr'>dedimus</span> <span class='ocrx_word' id='word_1_193' title='bbox 3216 1550 3296 1606; x_wconf 92' lang='lat' dir='ltr'>illi</span> <span class='ocrx_word' id='word_1_194' title='bbox 3341 1559 3585 1608; x_wconf 88' lang='lat' dir='ltr'>nostram</span> 
     </span>
    </p>
   </div>
   <div class='ocr_carea' id='block_1_30' title="bbox 1987 1637 3580 1712">
    <p class='ocr_par' dir='ltr' id='par_1_30' title="bbox 1987 1637 3580 1712">
     <span class='ocr_line' id='line_1_30' title="bbox 1987 1637 3580 1712; baseline 0.003 -21"><span class='ocrx_word' id='word_1_195' title='bbox 1987 1637 2341 1708; x_wconf 86' lang='lat' dir='ltr'>apostolicam</span> <span class='ocrx_word' id='word_1_196' title='bbox 2372 1639 2656 1709; x_wconf 87' lang='lat' dir='ltr'>epistolam</span> <span class='ocrx_word' id='word_1_197' title='bbox 2686 1637 3038 1694; x_wconf 86' lang='lat' dir='ltr'>deferendam</span> <span class='ocrx_word' id='word_1_198' title='bbox 3057 1639 3179 1712; x_wconf 87' lang='lat' dir='ltr'>regi</span> <span class='ocrx_word' id='word_1_199' title='bbox 3207 1639 3580 1710; x_wconf 83' lang='lat' dir='ltr'>Bulgarorum.</span> 
     </span>
    </p>
   </div>
   <div class='ocr_carea' id='block_1_31' title="bbox 1987 1726 3582 1796">
    <p class='ocr_par' dir='ltr' id='par_1_31' title="bbox 1987 1726 3582 1796">
     <span class='ocr_line' id='line_1_31' title="bbox 1987 1726 3582 1796; baseline 0.003 -16"><span class='ocrx_word' id='word_1_200' title='bbox 1987 1726 2116 1781; x_wconf 90' lang='lat' dir='ltr'>Ideo</span> <span class='ocrx_word' id='word_1_201' title='bbox 2159 1727 2392 1796; x_wconf 89' lang='lat' dir='ltr'>petimus</span> <span class='ocrx_word' id='word_1_202' title='bbox 2437 1735 2495 1780; x_wconf 91' lang='lat' dir='ltr'>ut</span> <span class='ocrx_word' id='word_1_203' title='bbox 2538 1743 2638 1796; x_wconf 92' lang='lat' dir='ltr'>pro</span> <span class='ocrx_word' id='word_1_204' title='bbox 2681 1741 2862 1782; x_wconf 89' lang='lat' dir='ltr'>amore</span> <span class='ocrx_word' id='word_1_205' title='bbox 2911 1727 3083 1784; x_wconf 87' lang='lat' dir='ltr'>sancti</span> <span class='ocrx_word' id='word_1_206' title='bbox 3126 1727 3268 1782; x_wconf 90' lang='lat' dir='ltr'>Petri</span> <span class='ocrx_word' id='word_1_207' title='bbox 3311 1736 3364 1784; x_wconf 84' lang='lat' dir='ltr'>et</span> <span class='ocrx_word' id='word_1_208' title='bbox 3391 1735 3582 1784; x_wconf 82' lang='lat' dir='ltr'>nostro</span> 
     </span>
    </p>
   </div>
   <div class='ocr_carea' id='block_1_32' title="bbox 367 1801 1880 1898">
    <p class='ocr_par' dir='ltr' id='par_1_32' title="bbox 367 1801 1880 1898">
     <span class='ocr_line' id='line_1_32' title="bbox 367 1801 1880 1898; baseline 0.001 -42"><span class='ocrx_word' id='word_1_209' title='bbox 367 1803 646 1898; x_wconf 54' lang='lat' dir='ltr'>petifi&#39;at;</span> <span class='ocrx_word' id='word_1_210' title='bbox 677 1801 960 1898; x_wconf 53' lang='lat' dir='ltr'>h&#39;pr&#39;tatur,</span> <span class='ocrx_word' id='word_1_211' title='bbox 994 1806 1062 1856; x_wconf 85' lang='lat' dir='ltr'>ut</span> <span class='ocrx_word' id='word_1_212' title='bbox 1095 1803 1399 1898; x_wconf 53' lang='lat' dir='ltr'>permittat</span> <span class='ocrx_word' id='word_1_213' title='bbox 1443 1802 1689 1872; x_wconf 84' lang='lat' dir='ltr'>legatum</span> <span class='ocrx_word' id='word_1_214' title='bbox 1718 1801 1880 1858; x_wconf 77' lang='lat' dir='ltr'>suum</span> 
     </span>
    </p>
   </div>
   <div class='ocr_carea' id='block_1_33' title="bbox 1982 1801 3584 1898">
    <p class='ocr_par' dir='ltr' id='par_1_33' title="bbox 1987 1814 3584 1886">
     <span class='ocr_line' id='line_1_33' title="bbox 1987 1814 3584 1886; baseline 0.003 -17"><span class='ocrx_word' id='word_1_215' title='bbox 1987 1829 2110 1869; x_wconf 90' lang='lat' dir='ltr'>cum</span> <span class='ocrx_word' id='word_1_216' title='bbox 2140 1822 2228 1868; x_wconf 88' lang='lat' dir='ltr'>tua</span> <span class='ocrx_word' id='word_1_217' title='bbox 2257 1814 2375 1884; x_wconf 91' lang='lat' dir='ltr'>ipse</span> <span class='ocrx_word' id='word_1_218' title='bbox 2407 1814 2621 1870; x_wconf 89' lang='lat' dir='ltr'>licentia</span> <span class='ocrx_word' id='word_1_219' title='bbox 2652 1815 2981 1886; x_wconf 86' lang='lat' dir='ltr'>legationem</span> <span class='ocrx_word' id='word_1_220' title='bbox 3020 1815 3163 1872; x_wconf 88' lang='lat' dir='ltr'>hanc</span> <span class='ocrx_word' id='word_1_221' title='bbox 3188 1823 3435 1873; x_wconf 85' lang='lat' dir='ltr'>nostram</span> <span class='ocrx_word' id='word_1_222' title='bbox 3464 1815 3584 1874; x_wconf 85' lang='lat' dir='ltr'>sine</span> 
     </span>
    </p>
   </div>
   <div class='ocr_carea' id='block_1_34' title="bbox 371 1873 1328 1944">
    <p class='ocr_par' dir='ltr' id='par_1_34' title="bbox 371 1873 1328 1944">
     <span class='ocr_line' id='line_1_34' title="bbox 371 1873 1328 1944; baseline 0 -18"><span class='ocrx_word' id='word_1_223' title='bbox 371 1873 662 1944; x_wconf 82' lang='lat' dir='ltr'>epistolam</span> <span class='ocrx_word' id='word_1_224' title='bbox 690 1873 1060 1942; x_wconf 82' lang='lat' dir='ltr'>Bulgarorum</span> <span class='ocrx_word' id='word_1_225' title='bbox 1089 1873 1328 1942; x_wconf 80' lang='lat' dir='ltr'>deferre.</span> 
     </span>
    </p>
   </div>
   <div class='ocr_carea' id='block_1_35' title="bbox 367 1967 1043 2025">
    <p class='ocr_par' dir='ltr' id='par_1_35' title="bbox 367 1967 1043 2025">
     <span class='ocr_line' id='line_1_35' title="bbox 367 1967 1043 2025; baseline 0 -2"><span class='ocrx_word' id='word_1_226' title='bbox 367 1969 577 2025; x_wconf 90' lang='lat' dir='ltr'>Dilecto</span> <span class='ocrx_word' id='word_1_227' title='bbox 607 1967 718 2024; x_wconf 89' lang='lat' dir='ltr'>ﬁlio</span> <span class='ocrx_word' id='word_1_228' title='bbox 747 1970 1043 2024; x_wconf 76' lang='lat' dir='ltr'>BRANIMIB.</span> 
     </span>
    </p>
   </div>
   <div class='ocr_carea' id='block_1_36' title="bbox 367 2057 1889 2130">
    <p class='ocr_par' dir='ltr' id='par_1_36' title="bbox 367 2057 1889 2130">
     <span class='ocr_line' id='line_1_36' title="bbox 367 2057 1889 2130; baseline -0.001 -17"><span class='ocrx_word' id='word_1_229' title='bbox 367 2057 690 2130; x_wconf 82' lang='lat' dir='ltr'>Relegentes</span> <span class='ocrx_word' id='word_1_230' title='bbox 718 2057 1010 2112; x_wconf 88' lang='lat' dir='ltr'>nobilitatis</span> <span class='ocrx_word' id='word_1_231' title='bbox 1041 2065 1146 2113; x_wconf 62' lang='lat' dir='ltr'>tua:</span> <span class='ocrx_word' id='word_1_232' title='bbox 1174 2057 1403 2127; x_wconf 86' lang='lat' dir='ltr'>litteras,</span> <span class='ocrx_word' id='word_1_233' title='bbox 1437 2072 1571 2129; x_wconf 91' lang='lat' dir='ltr'>quas</span> <span class='ocrx_word' id='word_1_234' title='bbox 1599 2073 1700 2128; x_wconf 90' lang='lat' dir='ltr'>per</span> <span class='ocrx_word' id='word_1_235' title='bbox 1728 2059 1889 2113; x_wconf 84' lang='lat' dir='ltr'>Joan-</span> 
     </span>
    </p>
   </div>
   <div class='ocr_carea' id='block_1_37' title="bbox 293 2145 1890 2218">
    <p class='ocr_par' dir='ltr' id='par_1_37' title="bbox 293 2145 1890 2218">
     <span class='ocr_line' id='line_1_37' title="bbox 293 2145 1890 2218; baseline 0.001 -18"><span class='ocrx_word' id='word_1_236' title='bbox 293 2162 421 2202; x_wconf 90' lang='lat' dir='ltr'>nem</span> <span class='ocrx_word' id='word_1_237' title='bbox 451 2145 817 2202; x_wconf 84' lang='lat' dir='ltr'>venerabilem</span> <span class='ocrx_word' id='word_1_238' title='bbox 862 2147 1238 2218; x_wconf 84' lang='lat' dir='ltr'>presbyterum</span> <span class='ocrx_word' id='word_1_239' title='bbox 1287 2161 1630 2202; x_wconf 89' lang='lat' dir='ltr'>communem</span> <span class='ocrx_word' id='word_1_240' title='bbox 1672 2145 1890 2202; x_wconf 86' lang='lat' dir='ltr'>ﬁdelem</span> 
     </span>
    </p>
   </div>
   <div class='ocr_carea' id='block_1_38' title="bbox 293 2235 1888 2308">
    <p class='ocr_par' dir='ltr' id='par_1_38' title="bbox 293 2235 1888 2308">
     <span class='ocr_line' id='line_1_38' title="bbox 293 2235 1888 2308; baseline 0.001 -19"><span class='ocrx_word' id='word_1_241' title='bbox 293 2235 453 2290; x_wconf 89' lang='lat' dir='ltr'>nobis</span> <span class='ocrx_word' id='word_1_242' title='bbox 480 2235 770 2302; x_wconf 88' lang='lat' dir='ltr'>mandasti,</span> <span class='ocrx_word' id='word_1_243' title='bbox 810 2243 1064 2308; x_wconf 86' lang='lat' dir='ltr'>quantam</span> <span class='ocrx_word' id='word_1_244' title='bbox 1113 2235 1276 2290; x_wconf 91' lang='lat' dir='ltr'>ﬁdem</span> <span class='ocrx_word' id='word_1_245' title='bbox 1325 2242 1375 2290; x_wconf 91' lang='lat' dir='ltr'>ct</span> <span class='ocrx_word' id='word_1_246' title='bbox 1417 2235 1685 2292; x_wconf 89' lang='lat' dir='ltr'>sinceram</span> <span class='ocrx_word' id='word_1_247' title='bbox 1714 2237 1888 2291; x_wconf 87' lang='lat' dir='ltr'>devo-</span> 
     </span>
    </p>
   </div>
   <div class='ocr_carea' id='block_1_39' title="bbox 293 2323 1890 2395">
    <p class='ocr_par' dir='ltr' id='par_1_39' title="bbox 293 2323 1890 2395">
     <span class='ocr_line' id='line_1_39' title="bbox 293 2323 1890 2395; baseline 0 -15"><span class='ocrx_word' id='word_1_248' title='bbox 293 2323 496 2380; x_wconf 90' lang='lat' dir='ltr'>tionem</span> <span class='ocrx_word' id='word_1_249' title='bbox 526 2323 670 2380; x_wconf 90' lang='lat' dir='ltr'>circa</span> <span class='ocrx_word' id='word_1_250' title='bbox 694 2325 994 2380; x_wconf 85' lang='lat' dir='ltr'>Ecclesiam</span> <span class='ocrx_word' id='word_1_251' title='bbox 1016 2333 1329 2380; x_wconf 90' lang='lat' dir='ltr'>sanctorum</span> <span class='ocrx_word' id='word_1_252' title='bbox 1351 2325 1721 2395; x_wconf 88' lang='lat' dir='ltr'>apostolorum</span> <span class='ocrx_word' id='word_1_253' title='bbox 1743 2325 1890 2380; x_wconf 88' lang='lat' dir='ltr'>Petri</span> 
     </span>
    </p>
   </div>
   <div class='ocr_carea' id='block_1_40' title="bbox 296 2412 1882 2470">
    <p class='ocr_par' dir='ltr' id='par_1_40' title="bbox 296 2412 1882 2470">
     <span class='ocr_line' id='line_1_40' title="bbox 296 2412 1882 2470; baseline 0.001 -3"><span class='ocrx_word' id='word_1_254' title='bbox 296 2428 363 2468; x_wconf 90' lang='lat' dir='ltr'>ac</span> <span class='ocrx_word' id='word_1_255' title='bbox 389 2412 538 2468; x_wconf 88' lang='lat' dir='ltr'>Pauli</span> <span class='ocrx_word' id='word_1_256' title='bbox 563 2429 627 2469; x_wconf 89' lang='lat' dir='ltr'>ac</span> <span class='ocrx_word' id='word_1_257' title='bbox 657 2413 800 2470; x_wconf 90' lang='lat' dir='ltr'>circa</span> <span class='ocrx_word' id='word_1_258' title='bbox 830 2428 930 2469; x_wconf 92' lang='lat' dir='ltr'>nos</span> <span class='ocrx_word' id='word_1_259' title='bbox 971 2414 1172 2469; x_wconf 86' lang='lat' dir='ltr'>habeas</span> <span class='ocrx_word' id='word_1_260' title='bbox 1218 2413 1339 2469; x_wconf 92' lang='lat' dir='ltr'>luce</span> <span class='ocrx_word' id='word_1_261' title='bbox 1383 2413 1583 2470; x_wconf 87' lang='lat' dir='ltr'>clarius</span> <span class='ocrx_word' id='word_1_262' title='bbox 1613 2413 1882 2470; x_wconf 78' lang='lat' dir='ltr'>novimus.</span> 
     </span>
    </p>
   </div>
   <div class='ocr_carea' id='block_1_41' title="bbox 292 2497 1888 2574">
    <p class='ocr_par' dir='ltr' id='par_1_41' title="bbox 292 2497 1888 2574">
     <span class='ocr_line' id='line_1_41' title="bbox 292 2497 1888 2574; baseline 0.003 -20"><span class='ocrx_word' id='word_1_263' title='bbox 292 2497 362 2554; x_wconf 90' lang='lat' dir='ltr'>Et</span> <span class='ocrx_word' id='word_1_264' title='bbox 393 2500 533 2572; x_wconf 90' lang='lat' dir='ltr'>quia,</span> <span class='ocrx_word' id='word_1_265' title='bbox 573 2501 692 2557; x_wconf 93' lang='lat' dir='ltr'>Deo</span> <span class='ocrx_word' id='word_1_266' title='bbox 737 2500 974 2567; x_wconf 83' lang='lat' dir='ltr'>favente,</span> <span class='ocrx_word' id='word_1_267' title='bbox 1032 2501 1190 2574; x_wconf 90' lang='lat' dir='ltr'>quasi</span> <span class='ocrx_word' id='word_1_268' title='bbox 1235 2501 1466 2557; x_wconf 85' lang='lat' dir='ltr'>dilectus</span> <span class='ocrx_word' id='word_1_269' title='bbox 1511 2500 1653 2557; x_wconf 91' lang='lat' dir='ltr'>ﬁlius</span> <span class='ocrx_word' id='word_1_270' title='bbox 1699 2509 1888 2558; x_wconf 89' lang='lat' dir='ltr'>sancto</span> 
     </span>
    </p>
   </div>
   <div class='ocr_carea' id='block_1_42' title="bbox 292 2587 1888 2663">
    <p class='ocr_par' dir='ltr' id='par_1_42' title="bbox 292 2587 1888 2663">
     <span class='ocr_line' id='line_1_42' title="bbox 292 2587 1888 2663; baseline 0.001 -21"><span class='ocrx_word' id='word_1_271' title='bbox 292 2587 452 2644; x_wconf 89' lang='lat' dir='ltr'>Petro</span> <span class='ocrx_word' id='word_1_272' title='bbox 481 2597 534 2644; x_wconf 92' lang='lat' dir='ltr'>et</span> <span class='ocrx_word' id='word_1_273' title='bbox 562 2590 737 2659; x_wconf 88' lang='lat' dir='ltr'>nobis,</span> <span class='ocrx_word' id='word_1_274' title='bbox 773 2589 865 2662; x_wconf 88' lang='lat' dir='ltr'>qui</span> <span class='ocrx_word' id='word_1_275' title='bbox 896 2606 996 2660; x_wconf 90' lang='lat' dir='ltr'>per</span> <span class='ocrx_word' id='word_1_276' title='bbox 1025 2590 1262 2644; x_wconf 88' lang='lat' dir='ltr'>divinam</span> <span class='ocrx_word' id='word_1_277' title='bbox 1300 2589 1534 2663; x_wconf 86' lang='lat' dir='ltr'>gratiam</span> <span class='ocrx_word' id='word_1_278' title='bbox 1564 2590 1739 2646; x_wconf 87' lang='lat' dir='ltr'>vicem</span> <span class='ocrx_word' id='word_1_279' title='bbox 1771 2590 1888 2658; x_wconf 85' lang='lat' dir='ltr'>ejus</span> 
     </span>
    </p>
   </div>
   <div class='ocr_carea' id='block_1_43' title="bbox 293 2676 1883 2748">
    <p class='ocr_par' dir='ltr' id='par_1_43' title="bbox 293 2676 1883 2748">
     <span class='ocr_line' id='line_1_43' title="bbox 293 2676 1883 2748; baseline 0 -16"><span class='ocrx_word' id='word_1_280' title='bbox 293 2683 559 2743; x_wconf 91' lang='lat' dir='ltr'>tenemus,</span> <span class='ocrx_word' id='word_1_281' title='bbox 592 2676 767 2733; x_wconf 90' lang='lat' dir='ltr'>ﬁdelis</span> <span class='ocrx_word' id='word_1_282' title='bbox 795 2679 850 2732; x_wconf 91' lang='lat' dir='ltr'>in</span> <span class='ocrx_word' id='word_1_283' title='bbox 885 2678 1136 2732; x_wconf 89' lang='lat' dir='ltr'>omnibus</span> <span class='ocrx_word' id='word_1_284' title='bbox 1157 2686 1209 2733; x_wconf 85' lang='lat' dir='ltr'>et</span> <span class='ocrx_word' id='word_1_285' title='bbox 1239 2678 1500 2734; x_wconf 91' lang='lat' dir='ltr'>obediens</span> <span class='ocrx_word' id='word_1_286' title='bbox 1528 2694 1650 2733; x_wconf 89' lang='lat' dir='ltr'>esse</span> <span class='ocrx_word' id='word_1_287' title='bbox 1678 2678 1883 2748; x_wconf 89' lang='lat' dir='ltr'>cupias,</span> 
     </span>
    </p>
   </div>
   <div class='ocr_carea' id='block_1_44' title="bbox 289 2765 1887 2840">
    <p class='ocr_par' dir='ltr' id='par_1_44' title="bbox 289 2765 1887 2840">
     <span class='ocr_line' id='line_1_44' title="bbox 289 2765 1887 2840; baseline 0.003 -22"><span class='ocrx_word' id='word_1_288' title='bbox 289 2765 566 2822; x_wconf 87' lang='lat' dir='ltr'>humiliter</span> <span class='ocrx_word' id='word_1_289' title='bbox 591 2765 879 2838; x_wconf 86' lang='lat' dir='ltr'>proﬁteris,</span> <span class='ocrx_word' id='word_1_290' title='bbox 909 2774 1016 2822; x_wconf 72' lang='lat' dir='ltr'>tuae</span> <span class='ocrx_word' id='word_1_291' title='bbox 1048 2767 1314 2822; x_wconf 90' lang='lat' dir='ltr'>nobilitati</span> <span class='ocrx_word' id='word_1_292' title='bbox 1343 2766 1540 2839; x_wconf 89' lang='lat' dir='ltr'>dignas</span> <span class='ocrx_word' id='word_1_293' title='bbox 1569 2767 1730 2822; x_wconf 67' lang='lat' dir='ltr'>valde</span> <span class='ocrx_word' id='word_1_294' title='bbox 1756 2783 1887 2840; x_wconf 90' lang='lat' dir='ltr'>gra-</span> 
     </span>
    </p>
   </div>
   <div class='ocr_carea' id='block_1_45' title="bbox 287 2851 1888 2928">
    <p class='ocr_par' dir='ltr' id='par_1_45' title="bbox 287 2851 1888 2928">
     <span class='ocr_line' id='line_1_45' title="bbox 287 2851 1888 2928; baseline 0.002 -22"><span class='ocrx_word' id='word_1_295' title='bbox 287 2851 391 2908; x_wconf 89' lang='lat' dir='ltr'>tias</span> <span class='ocrx_word' id='word_1_296' title='bbox 419 2853 502 2909; x_wconf 91' lang='lat' dir='ltr'>his</span> <span class='ocrx_word' id='word_1_297' title='bbox 531 2856 702 2910; x_wconf 91' lang='lat' dir='ltr'>nostri</span> <span class='ocrx_word' id='word_1_298' title='bbox 732 2857 1065 2927; x_wconf 89' lang='lat' dir='ltr'>apostolatus</span> <span class='ocrx_word' id='word_1_299' title='bbox 1094 2855 1284 2910; x_wconf 90' lang='lat' dir='ltr'>litteris</span> <span class='ocrx_word' id='word_1_300' title='bbox 1305 2856 1520 2928; x_wconf 77' lang='lat' dir='ltr'>agimus</span> <span class='ocrx_word' id='word_1_301' title='bbox 1550 2863 1888 2926; x_wconf 89' lang='lat' dir='ltr'>paternoque</span> 
     </span>
    </p>
   </div>
   <div class='ocr_carea' id='block_1_46' title="bbox 289 2943 1893 3015">
    <p class='ocr_par' dir='ltr' id='par_1_46' title="bbox 289 2943 1893 3015">
     <span class='ocr_line' id='line_1_46' title="bbox 289 2943 1893 3015; baseline 0 -17"><span class='ocrx_word' id='word_1_302' title='bbox 289 2957 497 3013; x_wconf 87' lang='lat' dir='ltr'>amore,</span> <span class='ocrx_word' id='word_1_303' title='bbox 527 2951 711 3015; x_wconf 91' lang='lat' dir='ltr'>utpote</span> <span class='ocrx_word' id='word_1_304' title='bbox 741 2944 1120 2999; x_wconf 87' lang='lat' dir='ltr'>charissimum</span> <span class='ocrx_word' id='word_1_305' title='bbox 1151 2943 1339 3010; x_wconf 91' lang='lat' dir='ltr'>ﬁlium,</span> <span class='ocrx_word' id='word_1_306' title='bbox 1375 2944 1443 2998; x_wconf 91' lang='lat' dir='ltr'>ad</span> <span class='ocrx_word' id='word_1_307' title='bbox 1473 2943 1740 3015; x_wconf 85' lang='lat' dir='ltr'>gremium</span> <span class='ocrx_word' id='word_1_308' title='bbox 1768 2957 1893 2998; x_wconf 86' lang='lat' dir='ltr'>san&#39;</span> 
     </span>
    </p>
   </div>
   <div class='ocr_carea' id='block_1_47' title="bbox 287 3031 1889 3103">
    <p class='ocr_par' dir='ltr' id='par_1_47' title="bbox 287 3031 1889 3103">
     <span class='ocr_line' id='line_1_47' title="bbox 287 3031 1889 3103; baseline -0.001 -15"><span class='ocrx_word' id='word_1_309' title='bbox 287 3039 388 3088; x_wconf 76' lang='lat' dir='ltr'>ctae</span> <span class='ocrx_word' id='word_1_310' title='bbox 419 3031 565 3087; x_wconf 88' lang='lat' dir='ltr'>sedis</span> <span class='ocrx_word' id='word_1_311' title='bbox 593 3032 904 3103; x_wconf 73' lang='lat' dir='ltr'>apostolicae</span> <span class='ocrx_word' id='word_1_312' title='bbox 947 3032 1139 3088; x_wconf 89' lang='lat' dir='ltr'>matris</span> <span class='ocrx_word' id='word_1_313' title='bbox 1186 3039 1312 3099; x_wconf 73' lang='lat' dir='ltr'>tuae,</span> <span class='ocrx_word' id='word_1_314' title='bbox 1353 3033 1422 3087; x_wconf 90' lang='lat' dir='ltr'>de</span> <span class='ocrx_word' id='word_1_315' title='bbox 1453 3032 1604 3101; x_wconf 87' lang='lat' dir='ltr'>cujus</span> <span class='ocrx_word' id='word_1_316' title='bbox 1635 3031 1889 3089; x_wconf 90' lang='lat' dir='ltr'>videlicet</span> 
     </span>
    </p>
   </div>
   <div class='ocr_carea' id='block_1_48' title="bbox 286 3120 1887 3192">
    <p class='ocr_par' dir='ltr' id='par_1_48' title="bbox 286 3120 1887 3192">
     <span class='ocr_line' id='line_1_48' title="bbox 286 3120 1887 3192; baseline -0.001 -17"><span class='ocrx_word' id='word_1_317' title='bbox 286 3121 582 3192; x_wconf 88' lang='lat' dir='ltr'>purissimo</span> <span class='ocrx_word' id='word_1_318' title='bbox 612 3120 762 3176; x_wconf 87' lang='lat' dir='ltr'>fonte</span> <span class='ocrx_word' id='word_1_319' title='bbox 811 3128 998 3192; x_wconf 89' lang='lat' dir='ltr'>patres</span> <span class='ocrx_word' id='word_1_320' title='bbox 1047 3121 1125 3176; x_wconf 91' lang='lat' dir='ltr'>tui</span> <span class='ocrx_word' id='word_1_321' title='bbox 1169 3121 1427 3176; x_wconf 84' lang='lat' dir='ltr'>melliﬂua</span> <span class='ocrx_word' id='word_1_322' title='bbox 1453 3130 1658 3178; x_wconf 72' lang='lat' dir='ltr'>sanctae</span> <span class='ocrx_word' id='word_1_323' title='bbox 1684 3120 1887 3192; x_wconf 83' lang='lat' dir='ltr'>praedi-</span> 
     </span>
    </p>
   </div>
   <div class='ocr_carea' id='block_1_49' title="bbox 1991 1901 3583 1974">
    <p class='ocr_par' dir='ltr' id='par_1_49' title="bbox 1991 1901 3583 1974">
     <span class='ocr_line' id='line_1_49' title="bbox 1991 1901 3583 1974; baseline 0.002 -18"><span class='ocrx_word' id='word_1_324' title='bbox 1991 1903 2244 1957; x_wconf 87' lang='lat' dir='ltr'>tarditate</span> <span class='ocrx_word' id='word_1_325' title='bbox 2273 1901 2538 1973; x_wconf 88' lang='lat' dir='ltr'>perﬁciat,</span> <span class='ocrx_word' id='word_1_326' title='bbox 2584 1911 2643 1957; x_wconf 90' lang='lat' dir='ltr'>ut</span> <span class='ocrx_word' id='word_1_327' title='bbox 2689 1911 2740 1958; x_wconf 89' lang='lat' dir='ltr'>et</span> <span class='ocrx_word' id='word_1_328' title='bbox 2784 1911 3012 1974; x_wconf 87' lang='lat' dir='ltr'>propter</span> <span class='ocrx_word' id='word_1_329' title='bbox 3039 1903 3144 1959; x_wconf 90' lang='lat' dir='ltr'>hoc</span> <span class='ocrx_word' id='word_1_330' title='bbox 3173 1910 3280 1960; x_wconf 71' lang='lat' dir='ltr'>tuas</span> <span class='ocrx_word' id='word_1_331' title='bbox 3307 1902 3583 1960; x_wconf 87' lang='lat' dir='ltr'>dilectioni</span> 
     </span>
    </p>
   </div>
   <div class='ocr_carea' id='block_1_50' title="bbox 1989 1989 3582 2061">
    <p class='ocr_par' dir='ltr' id='par_1_50' title="bbox 1989 1989 3582 2061">
     <span class='ocr_line' id='line_1_50' title="bbox 1989 1989 3582 2061; baseline 0.002 -17"><span class='ocrx_word' id='word_1_332' title='bbox 1989 1989 2316 2061; x_wconf 89' lang='lat' dir='ltr'>multiplices</span> <span class='ocrx_word' id='word_1_333' title='bbox 2363 1992 2564 2061; x_wconf 88' lang='lat' dir='ltr'>gratias</span> <span class='ocrx_word' id='word_1_334' title='bbox 2610 1990 2926 2047; x_wconf 86' lang='lat' dir='ltr'>habeamus.</span> <span class='ocrx_word' id='word_1_335' title='bbox 2977 1991 3110 2046; x_wconf 85' lang='lat' dir='ltr'>Data</span> <span class='ocrx_word' id='word_1_336' title='bbox 3155 2005 3231 2048; x_wconf 82' lang='lat' dir='ltr'>vn</span> <span class='ocrx_word' id='word_1_337' title='bbox 3257 1990 3350 2047; x_wconf 81' lang='lat' dir='ltr'>die</span> <span class='ocrx_word' id='word_1_338' title='bbox 3375 1989 3582 2047; x_wconf 78' lang='lat' dir='ltr'>mensis</span> 
     </span>
    </p>
   </div>
   <div class='ocr_carea' id='block_1_51' title="bbox 1989 2077 2608 2147">
    <p class='ocr_par' dir='ltr' id='par_1_51' title="bbox 1989 2077 2608 2147">
     <span class='ocr_line' id='line_1_51' title="bbox 1989 2077 2608 2147; baseline 0.003 -16"><span class='ocrx_word' id='word_1_339' title='bbox 1989 2077 2153 2147; x_wconf 87' lang='lat' dir='ltr'>Junii,</span> <span class='ocrx_word' id='word_1_340' title='bbox 2183 2078 2478 2134; x_wconf 91' lang='lat' dir='ltr'>indictione</span> <span class='ocrx_word' id='word_1_341' title='bbox 2505 2092 2608 2134; x_wconf 85' lang='lat' dir='ltr'>xu.</span> 
     </span>
    </p>
   </div>
   <div class='ocr_carea' id='block_1_52' title="bbox 2654 2213 2923 2273">
    <p class='ocr_par' dir='ltr' id='par_1_52' title="bbox 2654 2213 2923 2273">
     <span class='ocr_line' id='line_1_52' title="bbox 2654 2213 2923 2273; baseline 0.007 -2"><span class='ocrx_word' id='word_1_342' title='bbox 2654 2213 2923 2273; x_wconf 85' lang='lat' dir='ltr'>CCXXX.</span> 
     </span>
    </p>
   </div>
   <div class='ocr_carea' id='block_1_53' title="bbox 1988 2323 3575 2372">
    <p class='ocr_par' dir='ltr' id='par_1_53' title="bbox 1988 2323 3575 2372">
     <span class='ocr_line' id='line_1_53' title="bbox 1988 2323 3575 2372; baseline 0.005 -8"><span class='ocrx_word' id='word_1_343' title='bbox 1988 2324 2062 2364; x_wconf 76' lang='lat' dir='ltr'>AD</span> <span class='ocrx_word' id='word_1_344' title='bbox 2099 2323 2451 2366; x_wconf 71' lang='lat' dir='ltr'>SACERDOTES</span> <span class='ocrx_word' id='word_1_345' title='bbox 2497 2325 2568 2366; x_wconf 77' lang='grc' dir='ltr'>ΒΤ</span> <span class='ocrx_word' id='word_1_346' title='bbox 2611 2327 2860 2369; x_wconf 72' lang='grc' dir='ltr'>Ροιδιγιοε</span> <span class='ocrx_word' id='word_1_347' title='bbox 2911 2327 3220 2370; x_wconf 71' lang='lat' dir='ltr'>nmmo</span> <span class='ocrx_word' id='word_1_348' title='bbox 3256 2328 3575 2372; x_wconf 68' lang='lat' dir='ltr'>summos.</span> 
     </span>
    </p>
   </div>
   <div class='ocr_carea' id='block_1_54' title="bbox 2597 2409 2960 2481">
    <p class='ocr_par' dir='ltr' id='par_1_54' title="bbox 2597 2409 2960 2481">
     <span class='ocr_line' id='line_1_54' title="bbox 2597 2409 2960 2481; baseline 0 -16"><span class='ocrx_word' id='word_1_349' title='bbox 2597 2409 2779 2477; x_wconf 78' lang='lat' dir='ltr'>(Anno</span> <span class='ocrx_word' id='word_1_350' title='bbox 2811 2411 2960 2481; x_wconf 84' lang='lat'>8&#39;19.)</span> 
     </span>
    </p>
   </div>
   <div class='ocr_carea' id='block_1_55' title="bbox 2125 2508 3448 2580">
    <p class='ocr_par' dir='ltr' id='par_1_55' title="bbox 2125 2508 3448 2580">
     <span class='ocr_line' id='line_1_55' title="bbox 2125 2508 3448 2580; baseline 0.002 -18"><span class='ocrx_word' id='word_1_351' title='bbox 2125 2508 2467 2580; x_wconf 72' lang='lat' dir='ltr'>Excipiteos</span> <span class='ocrx_word' id='word_1_352' title='bbox 2493 2508 2567 2563; x_wconf 88' lang='lat' dir='ltr'>ad</span> <span class='ocrx_word' id='word_1_353' title='bbox 2597 2509 2858 2564; x_wconf 67' lang='lat' dir='ltr'>Romanae</span> <span class='ocrx_word' id='word_1_354' title='bbox 2877 2509 3140 2566; x_wconf 61' lang='lat' dir='ltr'>Ecclesiae</span> <span class='ocrx_word' id='word_1_355' title='bbox 3166 2511 3448 2580; x_wconf 78' lang='lat' dir='ltr'>gremium</span> 
     </span>
    </p>
   </div>
   <div class='ocr_carea' id='block_1_56' title="bbox 2271 2578 3291 2651">
    <p class='ocr_par' dir='ltr' id='par_1_56' title="bbox 2271 2578 3291 2651">
     <span class='ocr_line' id='line_1_56' title="bbox 2271 2578 3291 2651; baseline 0.004 -19"><span class='ocrx_word' id='word_1_356' title='bbox 2271 2578 2588 2643; x_wconf 80' lang='lat' dir='ltr'>redeuntes,</span> <span class='ocrx_word' id='word_1_357' title='bbox 2611 2583 2804 2636; x_wconf 85' lang='lat' dir='ltr'>monet</span> <span class='ocrx_word' id='word_1_358' title='bbox 2830 2583 2898 2634; x_wconf 93' lang='lat' dir='ltr'>ut</span> <span class='ocrx_word' id='word_1_359' title='bbox 2913 2578 3291 2651; x_wconf 74' lang='lat' dir='ltr'>perseverent.</span> 
     </span>
    </p>
   </div>
   <div class='ocr_carea' id='block_1_57' title="bbox 2060 2673 3579 2744">
    <p class='ocr_par' dir='ltr' id='par_1_57' title="bbox 2060 2673 3579 2744">
     <span class='ocr_line' id='line_1_57' title="bbox 2060 2673 3579 2744; baseline 0.005 -16"><span class='ocrx_word' id='word_1_360' title='bbox 2060 2673 2326 2728; x_wconf 89' lang='lat' dir='ltr'>Omnibus</span> <span class='ocrx_word' id='word_1_361' title='bbox 2370 2674 2773 2730; x_wconf 87' lang='lat' dir='ltr'>venerabilibus</span> <span class='ocrx_word' id='word_1_362' title='bbox 2815 2675 3210 2744; x_wconf 86' lang='lat' dir='ltr'>sacerdotibus,</span> <span class='ocrx_word' id='word_1_363' title='bbox 3244 2683 3298 2732; x_wconf 83' lang='lat' dir='ltr'>et</span> <span class='ocrx_word' id='word_1_364' title='bbox 3323 2675 3579 2734; x_wconf 82' lang='lat' dir='ltr'>universo</span> 
     </span>
    </p>
   </div>
   <div class='ocr_carea' id='block_1_58' title="bbox 1987 2762 2208 2832">
    <p class='ocr_par' dir='ltr' id='par_1_58' title="bbox 1987 2762 2208 2832">
     <span class='ocr_line' id='line_1_58' title="bbox 1987 2762 2208 2832; baseline 0 -16"><span class='ocrx_word' id='word_1_365' title='bbox 1987 2762 2208 2832; x_wconf 93' lang='lat' dir='ltr'>populo.</span> 
     </span>
    </p>
   </div>
   <div class='ocr_carea' id='block_1_59' title="bbox 2060 2858 3579 2935">
    <p class='ocr_par' dir='ltr' id='par_1_59' title="bbox 2060 2858 3579 2935">
     <span class='ocr_line' id='line_1_59' title="bbox 2060 2858 3579 2935; baseline 0.004 -22"><span class='ocrx_word' id='word_1_366' title='bbox 2060 2859 2194 2913; x_wconf 88' lang='lat' dir='ltr'>Cum</span> <span class='ocrx_word' id='word_1_367' title='bbox 2221 2859 2428 2914; x_wconf 89' lang='lat' dir='ltr'>litteras</span> <span class='ocrx_word' id='word_1_368' title='bbox 2450 2858 2712 2929; x_wconf 89' lang='lat' dir='ltr'>principis</span> <span class='ocrx_word' id='word_1_369' title='bbox 2737 2861 2902 2916; x_wconf 91' lang='lat' dir='ltr'>vestri</span> <span class='ocrx_word' id='word_1_370' title='bbox 2931 2860 3220 2929; x_wconf 90' lang='lat' dir='ltr'>Branimir,</span> <span class='ocrx_word' id='word_1_371' title='bbox 3252 2875 3392 2935; x_wconf 87' lang='lat' dir='ltr'>quas</span> <span class='ocrx_word' id='word_1_372' title='bbox 3421 2859 3579 2919; x_wconf 87' lang='lat' dir='ltr'>nobis</span> 
     </span>
    </p>
   </div>
   <div class='ocr_carea' id='block_1_60' title="bbox 1991 2947 3576 3020">
    <p class='ocr_par' dir='ltr' id='par_1_60' title="bbox 1991 2947 3576 3020">
     <span class='ocr_line' id='line_1_60' title="bbox 1991 2947 3576 3020; baseline 0.003 -18"><span class='ocrx_word' id='word_1_373' title='bbox 1991 2962 2089 3017; x_wconf 90' lang='lat' dir='ltr'>per</span> <span class='ocrx_word' id='word_1_374' title='bbox 2117 2947 2378 3002; x_wconf 83' lang='lat' dir='ltr'>Joannem</span> <span class='ocrx_word' id='word_1_375' title='bbox 2407 2947 2772 3004; x_wconf 89' lang='lat' dir='ltr'>venerabilem</span> <span class='ocrx_word' id='word_1_376' title='bbox 2801 2949 3187 3020; x_wconf 90' lang='lat' dir='ltr'>presbyterum</span> <span class='ocrx_word' id='word_1_377' title='bbox 3213 2949 3332 3020; x_wconf 81' lang='lat' dir='ltr'>ipse</span> <span class='ocrx_word' id='word_1_378' title='bbox 3363 2950 3576 3018; x_wconf 86' lang='lat' dir='ltr'>direxit,</span> 
     </span>
    </p>
   </div>
   <div class='ocr_carea' id='block_1_61' title="bbox 1988 3035 3579 3107">
    <p class='ocr_par' dir='ltr' id='par_1_61' title="bbox 1988 3035 3579 3107">
     <span class='ocr_line' id='line_1_61' title="bbox 1988 3035 3579 3107; baseline 0.003 -18"><span class='ocrx_word' id='word_1_379' title='bbox 1988 3035 2314 3107; x_wconf 88' lang='lat' dir='ltr'>legeremus,</span> <span class='ocrx_word' id='word_1_380' title='bbox 2349 3051 2458 3090; x_wconf 90' lang='lat' dir='ltr'>non</span> <span class='ocrx_word' id='word_1_381' title='bbox 2489 3035 2665 3091; x_wconf 90' lang='lat' dir='ltr'>solum</span> <span class='ocrx_word' id='word_1_382' title='bbox 2707 3036 2854 3092; x_wconf 87' lang='lat' dir='ltr'>illius</span> <span class='ocrx_word' id='word_1_383' title='bbox 2893 3037 3258 3104; x_wconf 85' lang='lat' dir='ltr'>devotionem,</span> <span class='ocrx_word' id='word_1_384' title='bbox 3291 3039 3389 3094; x_wconf 82' lang='lat' dir='ltr'>sed</span> <span class='ocrx_word' id='word_1_385' title='bbox 3417 3038 3579 3095; x_wconf 85' lang='lat' dir='ltr'>etiam</span> 
     </span>
    </p>
   </div>
   <div class='ocr_carea' id='block_1_62' title="bbox 1992 3122 3580 3197">
    <p class='ocr_par' dir='ltr' id='par_1_62' title="bbox 1992 3122 3580 3197">
     <span class='ocr_line' id='line_1_62' title="bbox 1992 3122 3580 3197; baseline 0.004 -20"><span class='ocrx_word' id='word_1_386' title='bbox 1992 3122 2116 3178; x_wconf 91' lang='lat' dir='ltr'>ﬁdei</span> <span class='ocrx_word' id='word_1_387' title='bbox 2147 3133 2342 3179; x_wconf 76' lang='lat' dir='ltr'>vestrae</span> <span class='ocrx_word' id='word_1_388' title='bbox 2372 3123 2735 3179; x_wconf 90' lang='lat' dir='ltr'>sinceritatem</span> <span class='ocrx_word' id='word_1_389' title='bbox 2765 3132 2816 3179; x_wconf 90' lang='lat' dir='ltr'>et</span> <span class='ocrx_word' id='word_1_390' title='bbox 2845 3124 3210 3191; x_wconf 87' lang='lat' dir='ltr'>dilectionem,</span> <span class='ocrx_word' id='word_1_391' title='bbox 3243 3141 3406 3197; x_wconf 85' lang='lat' dir='ltr'>quam</span> <span class='ocrx_word' id='word_1_392' title='bbox 3435 3125 3580 3184; x_wconf 82' lang='lat' dir='ltr'>circa</span> 
     </span>
    </p>
   </div>
   <div class='ocr_carea' id='block_1_63' title="bbox 284 3189 3578 3284">
    <p class='ocr_par' dir='ltr' id='par_1_63' title="bbox 284 3189 3578 3284">
     <span class='ocr_line' id='line_1_63' title="bbox 284 3189 3578 3284; baseline 0.002 -19"><span class='ocrx_word' id='word_1_393' title='bbox 284 3189 513 3265; x_wconf 76' lang='lat' dir='ltr'>cationis</span> <span class='ocrx_word' id='word_1_394' title='bbox 542 3189 1046 3280; x_wconf 68' lang='lat' dir='ltr'>potavereﬂuenta,</span> <span class='ocrx_word' id='word_1_395' title='bbox 1095 3209 1411 3265; x_wconf 90' lang='lat' dir='ltr'>redeuntem</span> <span class='ocrx_word' id='word_1_396' title='bbox 1451 3189 1792 3280; x_wconf 81' lang='lat' dir='ltr'>suscipimus,</span> <span class='ocrx_word' id='word_1_397' title='bbox 1825 3217 1878 3264; x_wconf 91' lang='lat' dir='ltr'>et</span> <span class='ocrx_word' id='word_1_398' title='bbox 1898 3189 1948 3253; x_wconf 69' lang='grc' dir='ltr'>α</span> <span class='ocrx_word' id='word_1_399' title='bbox 1979 3219 2225 3266; x_wconf 89' lang='lat' dir='ltr'>sanctum</span> <span class='ocrx_word' id='word_1_400' title='bbox 2255 3213 2472 3266; x_wconf 89' lang='lat' dir='ltr'>Petrum</span> <span class='ocrx_word' id='word_1_401' title='bbox 2499 3213 2866 3282; x_wconf 90' lang='lat' dir='ltr'>apostolorum</span> <span class='ocrx_word' id='word_1_402' title='bbox 2893 3189 3203 3284; x_wconf 87' lang='lat' dir='ltr'>principem</span> <span class='ocrx_word' id='word_1_403' title='bbox 3227 3189 3279 3268; x_wconf 76' lang='lat' dir='ltr'>et</span> <span class='ocrx_word' id='word_1_404' title='bbox 3306 3213 3450 3270; x_wconf 87' lang='lat' dir='ltr'>circa</span> <span class='ocrx_word' id='word_1_405' title='bbox 3467 3212 3578 3270; x_wconf 81' lang='lat' dir='ltr'>nos</span> 
     </span>
    </p>
   </div>
   <div class='ocr_carea' id='block_1_64' title="bbox 286 3297 1876 3370">
    <p class='ocr_par' dir='ltr' id='par_1_64' title="bbox 286 3297 1876 3370">
     <span class='ocr_line' id='line_1_64' title="bbox 286 3297 1876 3370; baseline 0 -17"><span class='ocrx_word' id='word_1_406' title='bbox 286 3297 616 3370; x_wconf 87' lang='lat' dir='ltr'>spiritalibus</span> <span class='ocrx_word' id='word_1_407' title='bbox 643 3298 1024 3368; x_wconf 90' lang='lat' dir='ltr'>amplectimur</span> <span class='ocrx_word' id='word_1_408' title='bbox 1051 3297 1213 3364; x_wconf 90' lang='lat' dir='ltr'>ulnis,</span> <span class='ocrx_word' id='word_1_409' title='bbox 1257 3306 1421 3368; x_wconf 91' lang='lat' dir='ltr'>atque</span> <span class='ocrx_word' id='word_1_410' title='bbox 1446 3299 1744 3368; x_wconf 90' lang='lat' dir='ltr'>apostolica</span> <span class='ocrx_word' id='word_1_411' title='bbox 1773 3313 1876 3353; x_wconf 89' lang='lat' dir='ltr'>vo-</span> 
     </span>
    </p>
   </div>
   <div class='ocr_carea' id='block_1_65' title="bbox 281 3386 1876 3461">
    <p class='ocr_par' dir='ltr' id='par_1_65' title="bbox 281 3386 1876 3461">
     <span class='ocr_line' id='line_1_65' title="bbox 281 3386 1876 3461; baseline -0.001 -19"><span class='ocrx_word' id='word_1_412' title='bbox 281 3387 462 3443; x_wconf 91' lang='lat' dir='ltr'>lumus</span> <span class='ocrx_word' id='word_1_413' title='bbox 491 3387 824 3461; x_wconf 86' lang='lat' dir='ltr'>benignitate</span> <span class='ocrx_word' id='word_1_414' title='bbox 842 3387 1054 3453; x_wconf 85' lang='lat' dir='ltr'>fovere;</span> <span class='ocrx_word' id='word_1_415' title='bbox 1088 3394 1146 3442; x_wconf 87' lang='lat' dir='ltr'>ut</span> <span class='ocrx_word' id='word_1_416' title='bbox 1164 3387 1420 3459; x_wconf 88' lang='lat' dir='ltr'>gratiam,</span> <span class='ocrx_word' id='word_1_417' title='bbox 1444 3386 1876 3441; x_wconf 89' lang='lat' dir='ltr'>benedictionem</span> 
     </span>
    </p>
   </div>
   <div class='ocr_carea' id='block_1_66' title="bbox 281 3474 1875 3548">
    <p class='ocr_par' dir='ltr' id='par_1_66' title="bbox 281 3474 1875 3548">
     <span class='ocr_line' id='line_1_66' title="bbox 281 3474 1875 3548; baseline -0.003 -16"><span class='ocrx_word' id='word_1_418' title='bbox 281 3475 384 3532; x_wconf 89' lang='lat' dir='ltr'>Dei</span> <span class='ocrx_word' id='word_1_419' title='bbox 408 3484 821 3548; x_wconf 91' lang='lat' dir='ltr'>sanctorumque</span> <span class='ocrx_word' id='word_1_420' title='bbox 849 3475 991 3531; x_wconf 88' lang='lat' dir='ltr'>Petri</span> <span class='ocrx_word' id='word_1_421' title='bbox 1023 3493 1086 3532; x_wconf 89' lang='lat' dir='ltr'>ac</span> <span class='ocrx_word' id='word_1_422' title='bbox 1116 3475 1266 3530; x_wconf 87' lang='lat' dir='ltr'>Pauli</span> <span class='ocrx_word' id='word_1_423' title='bbox 1316 3475 1688 3546; x_wconf 90' lang='lat' dir='ltr'>apostolorum</span> <span class='ocrx_word' id='word_1_424' title='bbox 1717 3474 1875 3545; x_wconf 83' lang='lat' dir='ltr'>prin-</span> 
     </span>
    </p>
   </div>
   <div class='ocr_carea' id='block_1_67' title="bbox 282 3562 1875 3636">
    <p class='ocr_par' dir='ltr' id='par_1_67' title="bbox 282 3562 1875 3636">
     <span class='ocr_line' id='line_1_67' title="bbox 282 3562 1875 3636; baseline -0.003 -15"><span class='ocrx_word' id='word_1_425' title='bbox 282 3564 483 3636; x_wconf 89' lang='lat' dir='ltr'>cipum,</span> <span class='ocrx_word' id='word_1_426' title='bbox 515 3573 568 3620; x_wconf 91' lang='lat' dir='ltr'>et</span> <span class='ocrx_word' id='word_1_427' title='bbox 595 3574 836 3621; x_wconf 87' lang='lat' dir='ltr'>nostram</span> <span class='ocrx_word' id='word_1_428' title='bbox 871 3582 1034 3636; x_wconf 89' lang='lat' dir='ltr'>super</span> <span class='ocrx_word' id='word_1_429' title='bbox 1061 3571 1114 3620; x_wconf 91' lang='lat' dir='ltr'>te</span> <span class='ocrx_word' id='word_1_430' title='bbox 1143 3565 1350 3618; x_wconf 89' lang='lat' dir='ltr'>habens</span> <span class='ocrx_word' id='word_1_431' title='bbox 1381 3563 1652 3628; x_wconf 74' lang='lat' dir='ltr'>diﬁ‘usam,</span> <span class='ocrx_word' id='word_1_432' title='bbox 1685 3580 1716 3617; x_wconf 89' lang='lat' dir='ltr'>a</span> <span class='ocrx_word' id='word_1_433' title='bbox 1746 3562 1875 3618; x_wconf 87' lang='lat' dir='ltr'>visi-</span> 
     </span>
    </p>
   </div>
   <div class='ocr_carea' id='block_1_68' title="bbox 283 3651 1875 3723">
    <p class='ocr_par' dir='ltr' id='par_1_68' title="bbox 283 3651 1875 3723">
     <span class='ocr_line' id='line_1_68' title="bbox 283 3651 1875 3723; baseline 0 -17"><span class='ocrx_word' id='word_1_434' title='bbox 283 3652 482 3707; x_wconf 91' lang='lat' dir='ltr'>bilibus</span> <span class='ocrx_word' id='word_1_435' title='bbox 511 3661 562 3708; x_wconf 91' lang='lat' dir='ltr'>et</span> <span class='ocrx_word' id='word_1_436' title='bbox 590 3653 950 3708; x_wconf 88' lang='lat' dir='ltr'>invisibilibus</span> <span class='ocrx_word' id='word_1_437' title='bbox 997 3652 1262 3717; x_wconf 88' lang='lat' dir='ltr'>hostibus,</span> <span class='ocrx_word' id='word_1_438' title='bbox 1317 3652 1408 3723; x_wconf 90' lang='lat' dir='ltr'>qui</span> <span class='ocrx_word' id='word_1_439' title='bbox 1439 3651 1600 3706; x_wconf 91' lang='lat' dir='ltr'>saluti</span> <span class='ocrx_word' id='word_1_440' title='bbox 1628 3653 1875 3706; x_wconf 62' lang='lat' dir='ltr'>humana;</span> 
     </span>
    </p>
   </div>
   <div class='ocr_carea' id='block_1_69' title="bbox 279 3739 1874 3812">
    <p class='ocr_par' dir='ltr' id='par_1_69' title="bbox 279 3739 1874 3812">
     <span class='ocr_line' id='line_1_69' title="bbox 279 3739 1874 3812; baseline 0.001 -18"><span class='ocrx_word' id='word_1_441' title='bbox 279 3739 524 3796; x_wconf 90' lang='lat' dir='ltr'>insidiari</span> <span class='ocrx_word' id='word_1_442' title='bbox 549 3749 603 3796; x_wconf 87' lang='lat' dir='ltr'>et</span> <span class='ocrx_word' id='word_1_443' title='bbox 632 3741 898 3812; x_wconf 91' lang='lat' dir='ltr'>impedire</span> <span class='ocrx_word' id='word_1_444' title='bbox 929 3757 1038 3796; x_wconf 92' lang='lat' dir='ltr'>non</span> <span class='ocrx_word' id='word_1_445' title='bbox 1080 3748 1313 3809; x_wconf 83' lang='lat' dir='ltr'>cessant,</span> <span class='ocrx_word' id='word_1_446' title='bbox 1347 3741 1534 3796; x_wconf 87' lang='lat' dir='ltr'>salvus</span> <span class='ocrx_word' id='word_1_447' title='bbox 1565 3756 1784 3810; x_wconf 90' lang='lat' dir='ltr'>semper</span> <span class='ocrx_word' id='word_1_448' title='bbox 1811 3754 1874 3795; x_wconf 89' lang='lat' dir='ltr'>ac</span> 
     </span>
    </p>
   </div>
   <div class='ocr_carea' id='block_1_70' title="bbox 280 3828 1874 3901">
    <p class='ocr_par' dir='ltr' id='par_1_70' title="bbox 280 3828 1874 3901">
     <span class='ocr_line' id='line_1_70' title="bbox 280 3828 1874 3901; baseline -0.001 -17"><span class='ocrx_word' id='word_1_449' title='bbox 280 3844 504 3885; x_wconf 87' lang='lat' dir='ltr'>securus</span> <span class='ocrx_word' id='word_1_450' title='bbox 534 3829 752 3896; x_wconf 87' lang='lat' dir='ltr'>existas,</span> <span class='ocrx_word' id='word_1_451' title='bbox 807 3838 1155 3901; x_wconf 86' lang='lat' dir='ltr'>Optatamque</span> <span class='ocrx_word' id='word_1_452' title='bbox 1203 3829 1272 3884; x_wconf 91' lang='lat' dir='ltr'>de</span> <span class='ocrx_word' id='word_1_453' title='bbox 1310 3829 1543 3885; x_wconf 90' lang='lat' dir='ltr'>inimicis</span> <span class='ocrx_word' id='word_1_454' title='bbox 1593 3828 1874 3884; x_wconf 85' lang='lat' dir='ltr'>victoriam</span> 
     </span>
    </p>
   </div>
   <div class='ocr_carea' id='block_1_71' title="bbox 277 3917 1873 3990">
    <p class='ocr_par' dir='ltr' id='par_1_71' title="bbox 277 3917 1873 3990">
     <span class='ocr_line' id='line_1_71' title="bbox 277 3917 1873 3990; baseline -0.001 -19"><span class='ocrx_word' id='word_1_455' title='bbox 277 3917 488 3973; x_wconf 85' lang='lat' dir='ltr'>facilius</span> <span class='ocrx_word' id='word_1_456' title='bbox 517 3917 694 3988; x_wconf 91' lang='lat' dir='ltr'>possis</span> <span class='ocrx_word' id='word_1_457' title='bbox 725 3919 944 3973; x_wconf 89' lang='lat' dir='ltr'>habere.</span> <span class='ocrx_word' id='word_1_458' title='bbox 977 3919 1118 3972; x_wconf 76' lang='lat' dir='ltr'>Nam</span> <span class='ocrx_word' id='word_1_459' title='bbox 1148 3925 1347 3990; x_wconf 89' lang='lat' dir='ltr'>quanto</span> <span class='ocrx_word' id='word_1_460' title='bbox 1380 3917 1499 3988; x_wconf 88' lang='lat' dir='ltr'>ipse</span> <span class='ocrx_word' id='word_1_461' title='bbox 1540 3924 1593 3973; x_wconf 89' lang='lat' dir='ltr'>te</span> <span class='ocrx_word' id='word_1_462' title='bbox 1623 3918 1737 3971; x_wconf 90' lang='lat' dir='ltr'>Deo</span> <span class='ocrx_word' id='word_1_463' title='bbox 1765 3917 1873 3970; x_wconf 85' lang='lat' dir='ltr'>hu-</span> 
     </span>
    </p>
   </div>
   <div class='ocr_carea' id='block_1_72' title="bbox 278 4005 1873 4078">
    <p class='ocr_par' dir='ltr' id='par_1_72' title="bbox 278 4005 1873 4078">
     <span class='ocr_line' id='line_1_72' title="bbox 278 4005 1873 4078; baseline -0.001 -18"><span class='ocrx_word' id='word_1_464' title='bbox 278 4006 475 4061; x_wconf 90' lang='lat' dir='ltr'>militer</span> <span class='ocrx_word' id='word_1_465' title='bbox 501 4007 732 4062; x_wconf 88' lang='lat' dir='ltr'>subdere</span> <span class='ocrx_word' id='word_1_466' title='bbox 762 4007 1071 4078; x_wconf 87' lang='lat' dir='ltr'>sanctisque</span> <span class='ocrx_word' id='word_1_467' title='bbox 1120 4006 1292 4076; x_wconf 90' lang='lat' dir='ltr'>ipsius</span> <span class='ocrx_word' id='word_1_468' title='bbox 1332 4005 1554 4060; x_wconf 90' lang='lat' dir='ltr'>obedire</span> <span class='ocrx_word' id='word_1_469' title='bbox 1583 4005 1873 4076; x_wconf 70' lang='lat' dir='ltr'>prmceptis</span> 
     </span>
    </p>
   </div>
   <div class='ocr_carea' id='block_1_73' title="bbox 275 4092 1872 4168">
    <p class='ocr_par' dir='ltr' id='par_1_73' title="bbox 275 4092 1872 4168">
     <span class='ocr_line' id='line_1_73' title="bbox 275 4092 1872 4168; baseline -0.003 -19"><span class='ocrx_word' id='word_1_470' title='bbox 275 4095 566 4160; x_wconf 90' lang='lat' dir='ltr'>studueris,</span> <span class='ocrx_word' id='word_1_471' title='bbox 625 4103 786 4168; x_wconf 90' lang='lat' dir='ltr'>atque</span> <span class='ocrx_word' id='word_1_472' title='bbox 839 4095 1010 4167; x_wconf 90' lang='lat' dir='ltr'>ipsius</span> <span class='ocrx_word' id='word_1_473' title='bbox 1068 4094 1444 4150; x_wconf 88' lang='lat' dir='ltr'>sacerdotibus</span> <span class='ocrx_word' id='word_1_474' title='bbox 1505 4102 1558 4148; x_wconf 91' lang='lat' dir='ltr'>et</span> <span class='ocrx_word' id='word_1_475' title='bbox 1613 4092 1872 4148; x_wconf 89' lang='lat' dir='ltr'>ministris</span> 
     </span>
    </p>
   </div>
   <div class='ocr_carea' id='block_1_74' title="bbox 274 4180 1867 4255">
    <p class='ocr_par' dir='ltr' id='par_1_74' title="bbox 274 4180 1867 4255">
     <span class='ocr_line' id='line_1_74' title="bbox 274 4180 1867 4255; baseline -0.003 -17"><span class='ocrx_word' id='word_1_476' title='bbox 274 4184 542 4240; x_wconf 90' lang='lat' dir='ltr'>honorem</span> <span class='ocrx_word' id='word_1_477' title='bbox 597 4184 838 4239; x_wconf 91' lang='lat' dir='ltr'>debitum</span> <span class='ocrx_word' id='word_1_478' title='bbox 895 4199 995 4255; x_wconf 89' lang='lat' dir='ltr'>pro</span> <span class='ocrx_word' id='word_1_479' title='bbox 1041 4199 1222 4238; x_wconf 90' lang='lat' dir='ltr'>amore</span> <span class='ocrx_word' id='word_1_480' title='bbox 1272 4182 1487 4237; x_wconf 90' lang='lat' dir='ltr'>Domini</span> <span class='ocrx_word' id='word_1_481' title='bbox 1533 4180 1867 4250; x_wconf 84' lang='lat' dir='ltr'>exhibueris,</span> 
     </span>
    </p>
   </div>
   <div class='ocr_carea' id='block_1_75' title="bbox 278 4269 1870 4344">
    <p class='ocr_par' dir='ltr' id='par_1_75' title="bbox 278 4269 1870 4344">
     <span class='ocr_line' id='line_1_75' title="bbox 278 4269 1870 4344; baseline -0.003 -18"><span class='ocrx_word' id='word_1_482' title='bbox 278 4280 424 4328; x_wconf 90' lang='lat' dir='ltr'>tanto</span> <span class='ocrx_word' id='word_1_483' title='bbox 453 4288 617 4344; x_wconf 86' lang='lat' dir='ltr'>super</span> <span class='ocrx_word' id='word_1_484' title='bbox 645 4289 835 4328; x_wconf 92' lang='lat' dir='ltr'>omnes</span> <span class='ocrx_word' id='word_1_485' title='bbox 867 4271 1116 4326; x_wconf 90' lang='lat' dir='ltr'>inimicos</span> <span class='ocrx_word' id='word_1_486' title='bbox 1147 4279 1268 4325; x_wconf 91' lang='lat' dir='ltr'>tuos</span> <span class='ocrx_word' id='word_1_487' title='bbox 1316 4278 1366 4325; x_wconf 90' lang='lat' dir='ltr'>et</span> <span class='ocrx_word' id='word_1_488' title='bbox 1412 4269 1644 4324; x_wconf 89' lang='lat' dir='ltr'>rebelles</span> <span class='ocrx_word' id='word_1_489' title='bbox 1673 4269 1870 4324; x_wconf 86' lang='lat' dir='ltr'>adver-</span> 
     </span>
    </p>
   </div>
   <div class='ocr_carea' id='block_1_76' title="bbox 277 4357 1869 4432">
    <p class='ocr_par' dir='ltr' id='par_1_76' title="bbox 277 4357 1869 4432">
     <span class='ocr_line' id='line_1_76' title="bbox 277 4357 1869 4432; baseline -0.003 -17"><span class='ocrx_word' id='word_1_490' title='bbox 277 4359 451 4416; x_wconf 90' lang='lat' dir='ltr'>sarios</span> <span class='ocrx_word' id='word_1_491' title='bbox 481 4360 588 4416; x_wconf 91' lang='lat' dir='ltr'>eris</span> <span class='ocrx_word' id='word_1_492' title='bbox 639 4361 831 4432; x_wconf 91' lang='lat' dir='ltr'>procul</span> <span class='ocrx_word' id='word_1_493' title='bbox 874 4361 1040 4416; x_wconf 88' lang='lat' dir='ltr'>dubio</span> <span class='ocrx_word' id='word_1_494' title='bbox 1083 4360 1258 4416; x_wconf 86' lang='lat' dir='ltr'>victor</span> <span class='ocrx_word' id='word_1_495' title='bbox 1303 4367 1356 4413; x_wconf 91' lang='lat' dir='ltr'>et</span> <span class='ocrx_word' id='word_1_496' title='bbox 1402 4365 1616 4429; x_wconf 87' lang='lat' dir='ltr'>potens.</span> <span class='ocrx_word' id='word_1_497' title='bbox 1650 4357 1718 4412; x_wconf 89' lang='lat' dir='ltr'>Et</span> <span class='ocrx_word' id='word_1_498' title='bbox 1745 4357 1869 4412; x_wconf 88' lang='lat' dir='ltr'>ideo</span> 
     </span>
    </p>
   </div>
   <div class='ocr_carea' id='block_1_77' title="bbox 273 4435 1869 4505">
    <p class='ocr_par' dir='ltr' id='par_1_77' title="bbox 273 4435 1869 4505">
     <span class='ocr_line' id='line_1_77' title="bbox 273 4435 1869 4505; baseline -0.002 -2"><span class='ocrx_word' id='word_1_499' title='bbox 273 4464 560 4505; x_wconf 90' lang='lat' dir='ltr'>monemus</span> <span class='ocrx_word' id='word_1_500' title='bbox 587 4449 910 4504; x_wconf 90' lang='lat' dir='ltr'>industriam</span> <span class='ocrx_word' id='word_1_501' title='bbox 938 4456 1085 4503; x_wconf 86' lang='lat' dir='ltr'>tuam</span> <span class='ocrx_word' id='word_1_502' title='bbox 1134 4455 1190 4501; x_wconf 93' lang='lat' dir='ltr'>ut</span> <span class='ocrx_word' id='word_1_503' title='bbox 1227 4447 1283 4501; x_wconf 93' lang='lat' dir='ltr'>in</span> <span class='ocrx_word' id='word_1_504' title='bbox 1312 4446 1562 4502; x_wconf 91' lang='lat' dir='ltr'>omnibus</span> <span class='ocrx_word' id='word_1_505' title='bbox 1592 4446 1701 4501; x_wconf 90' lang='lat' dir='ltr'>tuis</span> <span class='ocrx_word' id='word_1_506' title='bbox 1730 4435 1869 4501; x_wconf 78' lang='lat' dir='ltr'>acti-</span> 
     </span>
    </p>
   </div>
   <div class='ocr_carea' id='block_1_78' title="bbox 1977 3299 3576 3372">
    <p class='ocr_par' dir='ltr' id='par_1_78' title="bbox 1977 3299 3576 3372">
     <span class='ocr_line' id='line_1_78' title="bbox 1977 3299 3576 3372; baseline 0.002 -18"><span class='ocrx_word' id='word_1_507' title='bbox 1977 3300 2243 3367; x_wconf 90' lang='lat' dir='ltr'>habeatis,</span> <span class='ocrx_word' id='word_1_508' title='bbox 2277 3299 2653 3370; x_wconf 84' lang='lat' dir='ltr'>cognovimus.</span> <span class='ocrx_word' id='word_1_509' title='bbox 2703 3301 2772 3356; x_wconf 91' lang='lat' dir='ltr'>Et</span> <span class='ocrx_word' id='word_1_510' title='bbox 2813 3301 2940 3372; x_wconf 89' lang='lat' dir='ltr'>quia</span> <span class='ocrx_word' id='word_1_511' title='bbox 2967 3300 3115 3356; x_wconf 88' lang='lat' dir='ltr'>velut</span> <span class='ocrx_word' id='word_1_512' title='bbox 3144 3301 3454 3357; x_wconf 87' lang='lat' dir='ltr'>charissimi</span> <span class='ocrx_word' id='word_1_513' title='bbox 3477 3299 3576 3357; x_wconf 88' lang='lat' dir='ltr'>ﬁlii</span> 
     </span>
    </p>
   </div>
   <div class='ocr_carea' id='block_1_79' title="bbox 1975 3388 3575 3460">
    <p class='ocr_par' dir='ltr' id='par_1_79' title="bbox 1975 3388 3575 3460">
     <span class='ocr_line' id='line_1_79' title="bbox 1975 3388 3575 3460; baseline 0.003 -18"><span class='ocrx_word' id='word_1_514' title='bbox 1975 3388 2043 3442; x_wconf 89' lang='lat' dir='ltr'>ad</span> <span class='ocrx_word' id='word_1_515' title='bbox 2071 3396 2315 3444; x_wconf 88' lang='lat' dir='ltr'>sanctam</span> <span class='ocrx_word' id='word_1_516' title='bbox 2346 3389 2646 3444; x_wconf 84' lang='lat' dir='ltr'>Romanam</span> <span class='ocrx_word' id='word_1_517' title='bbox 2676 3388 2984 3455; x_wconf 89' lang='lat' dir='ltr'>ecclesiam,</span> <span class='ocrx_word' id='word_1_518' title='bbox 3016 3390 3162 3444; x_wconf 91' lang='lat' dir='ltr'>unde</span> <span class='ocrx_word' id='word_1_519' title='bbox 3189 3397 3446 3460; x_wconf 85' lang='lat' dir='ltr'>parentes</span> <span class='ocrx_word' id='word_1_520' title='bbox 3473 3403 3575 3446; x_wconf 86' lang='lat' dir='ltr'>ve-</span> 
     </span>
    </p>
   </div>
   <div class='ocr_carea' id='block_1_80' title="bbox 1977 3475 3574 3550">
    <p class='ocr_par' dir='ltr' id='par_1_80' title="bbox 1977 3475 3574 3550">
     <span class='ocr_line' id='line_1_80' title="bbox 1977 3475 3574 3550; baseline 0.003 -20"><span class='ocrx_word' id='word_1_521' title='bbox 1977 3485 2120 3531; x_wconf 89' lang='lat' dir='ltr'>stros</span> <span class='ocrx_word' id='word_1_522' title='bbox 2147 3477 2405 3532; x_wconf 83' lang='lat' dir='ltr'>melliﬂua</span> <span class='ocrx_word' id='word_1_523' title='bbox 2435 3484 2638 3532; x_wconf 73' lang='lat' dir='ltr'>sanctae</span> <span class='ocrx_word' id='word_1_524' title='bbox 2664 3475 3067 3547; x_wconf 69' lang='lat' dir='ltr'>praadicationis</span> <span class='ocrx_word' id='word_1_525' title='bbox 3096 3478 3357 3550; x_wconf 86' lang='lat' dir='ltr'>dogmata</span> <span class='ocrx_word' id='word_1_526' title='bbox 3385 3493 3574 3535; x_wconf 87' lang='lat' dir='ltr'>susce-</span> 
     </span>
    </p>
   </div>
   <div class='ocr_carea' id='block_1_81' title="bbox 1974 3565 3575 3638">
    <p class='ocr_par' dir='ltr' id='par_1_81' title="bbox 1974 3565 3575 3638">
     <span class='ocr_line' id='line_1_81' title="bbox 1974 3565 3575 3638; baseline 0.004 -20"><span class='ocrx_word' id='word_1_527' title='bbox 1974 3565 2122 3635; x_wconf 90' lang='lat' dir='ltr'>pisse</span> <span class='ocrx_word' id='word_1_528' title='bbox 2151 3565 2469 3638; x_wconf 89' lang='lat' dir='ltr'>agnoscitis,</span> <span class='ocrx_word' id='word_1_529' title='bbox 2499 3572 2610 3620; x_wconf 92' lang='lat' dir='ltr'>toto</span> <span class='ocrx_word' id='word_1_530' title='bbox 2639 3565 2820 3620; x_wconf 90' lang='lat' dir='ltr'>animo</span> <span class='ocrx_word' id='word_1_531' title='bbox 2841 3573 3062 3636; x_wconf 88' lang='lat' dir='ltr'>totaque</span> <span class='ocrx_word' id='word_1_532' title='bbox 3085 3565 3360 3622; x_wconf 89' lang='lat' dir='ltr'>voluntate</span> <span class='ocrx_word' id='word_1_533' title='bbox 3390 3566 3575 3624; x_wconf 87' lang='lat' dir='ltr'>redire</span> 
     </span>
    </p>
   </div>
   <div class='ocr_carea' id='block_1_82' title="bbox 1975 3653 3572 3724">
    <p class='ocr_par' dir='ltr' id='par_1_82' title="bbox 1975 3653 3572 3724">
     <span class='ocr_line' id='line_1_82' title="bbox 1975 3653 3572 3724; baseline 0.002 -17"><span class='ocrx_word' id='word_1_534' title='bbox 1975 3653 2222 3724; x_wconf 77' lang='lat' dir='ltr'>cupiatis,</span> <span class='ocrx_word' id='word_1_535' title='bbox 2247 3661 2493 3708; x_wconf 88' lang='lat' dir='ltr'>nostram</span> <span class='ocrx_word' id='word_1_536' title='bbox 2523 3653 2878 3724; x_wconf 89' lang='lat' dir='ltr'>apostolicam</span> <span class='ocrx_word' id='word_1_537' title='bbox 2908 3654 3140 3724; x_wconf 87' lang='lat' dir='ltr'>gratiam</span> <span class='ocrx_word' id='word_1_538' title='bbox 3157 3663 3210 3709; x_wconf 88' lang='lat' dir='ltr'>et</span> <span class='ocrx_word' id='word_1_539' title='bbox 3230 3653 3572 3711; x_wconf 88' lang='lat' dir='ltr'>benedictio-</span> 
     </span>
    </p>
   </div>
   <div class='ocr_carea' id='block_1_83' title="bbox 1975 3741 3574 3816">
    <p class='ocr_par' dir='ltr' id='par_1_83' title="bbox 1975 3741 3574 3816">
     <span class='ocr_line' id='line_1_83' title="bbox 1975 3741 3574 3816; baseline 0.001 -20"><span class='ocrx_word' id='word_1_540' title='bbox 1975 3759 2100 3797; x_wconf 92' lang='lat' dir='ltr'>nem</span> <span class='ocrx_word' id='word_1_541' title='bbox 2131 3742 2336 3798; x_wconf 88' lang='lat' dir='ltr'>habere</span> <span class='ocrx_word' id='word_1_542' title='bbox 2364 3757 2702 3814; x_wconf 89' lang='lat' dir='ltr'>magnopere</span> <span class='ocrx_word' id='word_1_543' title='bbox 2731 3741 3124 3813; x_wconf 90' lang='lat' dir='ltr'>desiderantes,</span> <span class='ocrx_word' id='word_1_544' title='bbox 3156 3759 3354 3816; x_wconf 87' lang='lat' dir='ltr'>magna</span> <span class='ocrx_word' id='word_1_545' title='bbox 3384 3757 3574 3799; x_wconf 83' lang='lat' dir='ltr'>sumus</span> 
     </span>
    </p>
   </div>
   <div class='ocr_carea' id='block_1_84' title="bbox 1974 3829 3573 3903">
    <p class='ocr_par' dir='ltr' id='par_1_84' title="bbox 1974 3829 3573 3903">
     <span class='ocr_line' id='line_1_84' title="bbox 1974 3829 3573 3903; baseline 0.003 -20"><span class='ocrx_word' id='word_1_546' title='bbox 1974 3829 2167 3900; x_wconf 85' lang='lat' dir='ltr'>repleti</span> <span class='ocrx_word' id='word_1_547' title='bbox 2196 3829 2398 3885; x_wconf 82' lang='lat' dir='ltr'>laetitia.</span> <span class='ocrx_word' id='word_1_548' title='bbox 2423 3830 2492 3885; x_wconf 89' lang='lat' dir='ltr'>Et</span> <span class='ocrx_word' id='word_1_549' title='bbox 2520 3830 2644 3886; x_wconf 90' lang='lat' dir='ltr'>ideo</span> <span class='ocrx_word' id='word_1_550' title='bbox 2675 3829 2915 3886; x_wconf 88' lang='lat' dir='ltr'>brachiis</span> <span class='ocrx_word' id='word_1_551' title='bbox 2937 3829 3174 3887; x_wconf 88' lang='lat' dir='ltr'>extensis</span> <span class='ocrx_word' id='word_1_552' title='bbox 3203 3846 3304 3888; x_wconf 90' lang='lat' dir='ltr'>vos</span> <span class='ocrx_word' id='word_1_553' title='bbox 3333 3831 3573 3903; x_wconf 86' lang='lat' dir='ltr'>amplec-</span> 
     </span>
    </p>
   </div>
   <div class='ocr_carea' id='block_1_85' title="bbox 1973 3919 3573 3991">
    <p class='ocr_par' dir='ltr' id='par_1_85' title="bbox 1973 3919 3573 3991">
     <span class='ocr_line' id='line_1_85' title="bbox 1973 3919 3573 3991; baseline 0.003 -19"><span class='ocrx_word' id='word_1_554' title='bbox 1973 3919 2154 3984; x_wconf 88' lang='lat' dir='ltr'>timur,</span> <span class='ocrx_word' id='word_1_555' title='bbox 2205 3926 2538 3990; x_wconf 90' lang='lat' dir='ltr'>paternoque</span> <span class='ocrx_word' id='word_1_556' title='bbox 2592 3932 2780 3974; x_wconf 87' lang='lat' dir='ltr'>amore</span> <span class='ocrx_word' id='word_1_557' title='bbox 2824 3919 3142 3989; x_wconf 88' lang='lat' dir='ltr'>recipimus,</span> <span class='ocrx_word' id='word_1_558' title='bbox 3186 3927 3238 3976; x_wconf 91' lang='lat' dir='ltr'>et</span> <span class='ocrx_word' id='word_1_559' title='bbox 3269 3919 3573 3991; x_wconf 79' lang='lat' dir='ltr'>apostolica</span> 
     </span>
    </p>
   </div>
   <div class='ocr_carea' id='block_1_86' title="bbox 1975 4005 3570 4078">
    <p class='ocr_par' dir='ltr' id='par_1_86' title="bbox 1975 4005 3570 4078">
     <span class='ocr_line' id='line_1_86' title="bbox 1975 4005 3570 4078; baseline 0.003 -18"><span class='ocrx_word' id='word_1_560' title='bbox 1975 4007 2225 4062; x_wconf 86' lang='lat' dir='ltr'>volumus</span> <span class='ocrx_word' id='word_1_561' title='bbox 2253 4023 2472 4078; x_wconf 90' lang='lat' dir='ltr'>semper</span> <span class='ocrx_word' id='word_1_562' title='bbox 2492 4006 2821 4076; x_wconf 88' lang='lat' dir='ltr'>benignitate</span> <span class='ocrx_word' id='word_1_563' title='bbox 2853 4005 3055 4076; x_wconf 83' lang='lat' dir='ltr'>fovere,</span> <span class='ocrx_word' id='word_1_564' title='bbox 3089 4007 3136 4060; x_wconf 89' lang='lat' dir='ltr'>si</span> <span class='ocrx_word' id='word_1_565' title='bbox 3167 4022 3267 4063; x_wconf 87' lang='lat' dir='ltr'>vos</span> <span class='ocrx_word' id='word_1_566' title='bbox 3297 4008 3438 4064; x_wconf 86' lang='lat' dir='ltr'>hanc</span> <span class='ocrx_word' id='word_1_567' title='bbox 3465 4021 3570 4065; x_wconf 83' lang='lat' dir='ltr'>vo-</span> 
     </span>
    </p>
   </div>
   <div class='ocr_carea' id='block_1_87' title="bbox 1973 4091 3569 4166">
    <p class='ocr_par' dir='ltr' id='par_1_87' title="bbox 1973 4091 3569 4166">
     <span class='ocr_line' id='line_1_87' title="bbox 1973 4091 3569 4166; baseline 0.001 -18"><span class='ocrx_word' id='word_1_568' title='bbox 1973 4095 2233 4148; x_wconf 91' lang='lat' dir='ltr'>luntatem</span> <span class='ocrx_word' id='word_1_569' title='bbox 2287 4103 2340 4148; x_wconf 88' lang='lat' dir='ltr'>et</span> <span class='ocrx_word' id='word_1_570' title='bbox 2388 4094 2738 4163; x_wconf 89' lang='lat' dir='ltr'>sponsionem</span> <span class='ocrx_word' id='word_1_571' title='bbox 2785 4101 3022 4149; x_wconf 88' lang='lat' dir='ltr'>vestram</span> <span class='ocrx_word' id='word_1_572' title='bbox 3067 4109 3240 4166; x_wconf 87' lang='lat' dir='ltr'>usque</span> <span class='ocrx_word' id='word_1_573' title='bbox 3283 4095 3355 4149; x_wconf 89' lang='lat' dir='ltr'>ad</span> <span class='ocrx_word' id='word_1_574' title='bbox 3401 4091 3569 4150; x_wconf 88' lang='lat' dir='ltr'>ﬁnem</span> 
     </span>
    </p>
   </div>
   <div class='ocr_carea' id='block_1_88' title="bbox 1973 4179 3564 4254">
    <p class='ocr_par' dir='ltr' id='par_1_88' title="bbox 1973 4179 3564 4254">
     <span class='ocr_line' id='line_1_88' title="bbox 1973 4179 3564 4254; baseline 0.001 -17"><span class='ocrx_word' id='word_1_575' title='bbox 1973 4181 2258 4238; x_wconf 89' lang='lat' dir='ltr'>sinceriter</span> <span class='ocrx_word' id='word_1_576' title='bbox 2312 4181 2625 4246; x_wconf 88' lang='lat' dir='ltr'>habueritis,</span> <span class='ocrx_word' id='word_1_577' title='bbox 2689 4189 2742 4236; x_wconf 92' lang='lat' dir='ltr'>et</span> <span class='ocrx_word' id='word_1_578' title='bbox 2786 4179 3018 4236; x_wconf 87' lang='lat' dir='ltr'>ﬁdeliter</span> <span class='ocrx_word' id='word_1_579' title='bbox 3055 4181 3372 4246; x_wconf 86' lang='lat' dir='ltr'>tenueritis;</span> <span class='ocrx_word' id='word_1_580' title='bbox 3417 4182 3564 4254; x_wconf 89' lang='lat' dir='ltr'>quia,</span> 
     </span>
    </p>
   </div>
   <div class='ocr_carea' id='block_1_89' title="bbox 1972 4268 3562 4342">
    <p class='ocr_par' dir='ltr' id='par_1_89' title="bbox 1972 4268 3562 4342">
     <span class='ocr_line' id='line_1_89' title="bbox 1972 4268 3562 4342; baseline 0.001 -18"><span class='ocrx_word' id='word_1_581' title='bbox 1972 4270 2186 4326; x_wconf 89' lang='lat' dir='ltr'>dicente</span> <span class='ocrx_word' id='word_1_582' title='bbox 2218 4268 2480 4324; x_wconf 92' lang='lat' dir='ltr'>Domino:</span> <span class='ocrx_word' id='word_1_583' title='bbox 2504 4269 2610 4336; x_wconf 83' lang='lat' dir='ltr'>Qui</span> <span class='ocrx_word' id='word_1_584' title='bbox 2638 4271 3266 4342; x_wconf 82' lang='lat' dir='ltr'>perseveraveritusque</span> <span class='ocrx_word' id='word_1_585' title='bbox 3284 4271 3348 4326; x_wconf 82' lang='lat' dir='ltr'>in</span> <span class='ocrx_word' id='word_1_586' title='bbox 3366 4271 3562 4339; x_wconf 83' lang='lat' dir='ltr'>ﬁnem,</span> 
     </span>
    </p>
   </div>
   <div class='ocr_carea' id='block_1_90' title="bbox 1973 4356 3567 4429">
    <p class='ocr_par' dir='ltr' id='par_1_90' title="bbox 1973 4356 3567 4429">
     <span class='ocr_line' id='line_1_90' title="bbox 1973 4356 3567 4429; baseline 0 -15"><span class='ocrx_word' id='word_1_587' title='bbox 1973 4359 2062 4414; x_wconf 72' lang='lat' dir='ltr'>hic</span> <span class='ocrx_word' id='word_1_588' title='bbox 2091 4359 2281 4414; x_wconf 84' lang='lat' dir='ltr'>salvus</span> <span class='ocrx_word' id='word_1_589' title='bbox 2331 4359 2444 4414; x_wconf 84' lang='lat' dir='ltr'>erit</span> <span class='ocrx_word' id='word_1_590' title='bbox 2498 4357 2718 4429; x_wconf 80' lang='lat' dir='ltr'>(Matth.</span> <span class='ocrx_word' id='word_1_591' title='bbox 2772 4357 2868 4428; x_wconf 80' lang='lat' dir='ltr'>x);</span> <span class='ocrx_word' id='word_1_592' title='bbox 2919 4364 2970 4413; x_wconf 89' lang='lat' dir='ltr'>et</span> <span class='ocrx_word' id='word_1_593' title='bbox 3019 4357 3268 4428; x_wconf 90' lang='lat' dir='ltr'>apostolo</span> <span class='ocrx_word' id='word_1_594' title='bbox 3313 4357 3480 4414; x_wconf 88' lang='lat' dir='ltr'>Paulo</span> <span class='ocrx_word' id='word_1_595' title='bbox 3509 4356 3567 4414; x_wconf 92' lang='lat' dir='ltr'>id</span> 
     </span>
    </p>
   </div>
   <div class='ocr_carea' id='block_1_91' title="bbox 1971 4444 3570 4518">
    <p class='ocr_par' dir='ltr' id='par_1_91' title="bbox 1971 4444 3570 4518">
     <span class='ocr_line' id='line_1_91' title="bbox 1971 4444 3570 4518; baseline 0.002 -19"><span class='ocrx_word' id='word_1_596' title='bbox 1971 4445 2148 4518; x_wconf 90' lang='lat' dir='ltr'>ipsum</span> <span class='ocrx_word' id='word_1_597' title='bbox 2177 4445 2388 4500; x_wconf 89' lang='lat' dir='ltr'>dicente</span> <span class='ocrx_word' id='word_1_598' title='bbox 2421 4462 2434 4499; x_wconf 94' lang='lat'>:</span> <span class='ocrx_word' id='word_1_599' title='bbox 2459 4445 2756 4517; x_wconf 87' lang='lat' dir='ltr'>Participes</span> <span class='ocrx_word' id='word_1_600' title='bbox 2784 4445 2929 4501; x_wconf 92' lang='lat' dir='ltr'>enim</span> <span class='ocrx_word' id='word_1_601' title='bbox 2958 4444 3154 4501; x_wconf 89' lang='lat' dir='ltr'>Christi</span> <span class='ocrx_word' id='word_1_602' title='bbox 3187 4445 3316 4502; x_wconf 86' lang='lat' dir='ltr'>facti</span> <span class='ocrx_word' id='word_1_603' title='bbox 3337 4445 3488 4512; x_wconf 87' lang='lat' dir='ltr'>estis,</span> <span class='ocrx_word' id='word_1_604' title='bbox 3521 4445 3570 4502; x_wconf 89' lang='lat' dir='ltr'>si</span> 
     </span>
    </p>
   </div>
   <div class='ocr_carea' id='block_1_92' title="bbox 272 4532 3570 4610">
    <p class='ocr_par' dir='ltr' id='par_1_92' title="bbox 272 4532 3570 4610">
     <span class='ocr_line' id='line_1_92' title="bbox 272 4532 3570 4610; baseline -0.001 -18"><span class='ocrx_word' id='word_1_605' title='bbox 272 4538 376 4592; x_wconf 89' lang='lat' dir='ltr'>bus</span> <span class='ocrx_word' id='word_1_606' title='bbox 409 4539 582 4593; x_wconf 90' lang='lat' dir='ltr'>Deum</span> <span class='ocrx_word' id='word_1_607' title='bbox 612 4554 829 4610; x_wconf 90' lang='lat' dir='ltr'>semper</span> <span class='ocrx_word' id='word_1_608' title='bbox 857 4555 972 4608; x_wconf 65' lang='lat' dir='ltr'>pra:</span> <span class='ocrx_word' id='word_1_609' title='bbox 1001 4536 1175 4592; x_wconf 89' lang='lat' dir='ltr'>oculis</span> <span class='ocrx_word' id='word_1_610' title='bbox 1205 4536 1430 4602; x_wconf 89' lang='lat' dir='ltr'>habeas,</span> <span class='ocrx_word' id='word_1_611' title='bbox 1453 4535 1646 4589; x_wconf 88' lang='lat' dir='ltr'>timeas</span> <span class='ocrx_word' id='word_1_612' title='bbox 1675 4542 1728 4590; x_wconf 88' lang='lat' dir='ltr'>et</span> <span class='ocrx_word' id='word_1_613' title='bbox 1756 4541 1869 4588; x_wconf 89' lang='lat' dir='ltr'>toto</span> <span class='ocrx_word' id='word_1_614' title='bbox 1897 4541 1950 4601; x_wconf 88' lang='lat' dir='ltr'>D</span> <span class='ocrx_word' id='word_1_615' title='bbox 1972 4541 2154 4590; x_wconf 88' lang='lat' dir='ltr'>tamen</span> <span class='ocrx_word' id='word_1_616' title='bbox 2183 4533 2393 4590; x_wconf 90' lang='lat' dir='ltr'>initium</span> <span class='ocrx_word' id='word_1_617' title='bbox 2423 4532 2549 4588; x_wconf 89' lang='lat' dir='ltr'>ﬁdei</span> <span class='ocrx_word' id='word_1_618' title='bbox 2577 4549 2752 4605; x_wconf 90' lang='lat' dir='ltr'>usque</span> <span class='ocrx_word' id='word_1_619' title='bbox 2783 4535 2852 4589; x_wconf 92' lang='lat' dir='ltr'>ad</span> <span class='ocrx_word' id='word_1_620' title='bbox 2873 4533 3040 4589; x_wconf 91' lang='lat' dir='ltr'>ﬁnem</span> <span class='ocrx_word' id='word_1_621' title='bbox 3059 4533 3272 4590; x_wconf 88' lang='lat' dir='ltr'>ﬁrmum</span> <span class='ocrx_word' id='word_1_622' title='bbox 3292 4533 3570 4590; x_wconf 87' lang='lat' dir='ltr'>retineatis</span> 
     </span>
    </p>
   </div>
   <div class='ocr_carea' id='block_1_93' title="bbox 272 4620 3569 4699">
    <p class='ocr_par' dir='ltr' id='par_1_93' title="bbox 272 4620 3569 4699">
     <span class='ocr_line' id='line_1_93' title="bbox 272 4620 3569 4699; baseline -0.002 -17"><span class='ocrx_word' id='word_1_623' title='bbox 272 4625 472 4699; x_wconf 91' lang='lat' dir='ltr'>diligas</span> <span class='ocrx_word' id='word_1_624' title='bbox 501 4627 688 4694; x_wconf 91' lang='lat' dir='ltr'>corde,</span> <span class='ocrx_word' id='word_1_625' title='bbox 721 4627 996 4698; x_wconf 88' lang='lat' dir='ltr'>quoniam,</span> <span class='ocrx_word' id='word_1_626' title='bbox 1041 4625 1255 4681; x_wconf 89' lang='lat' dir='ltr'>dicente</span> <span class='ocrx_word' id='word_1_627' title='bbox 1297 4624 1586 4680; x_wconf 85' lang='lat' dir='ltr'>Psalmista</span> <span class='ocrx_word' id='word_1_628' title='bbox 1619 4641 1631 4678; x_wconf 93' lang='lat'><strong>:</strong></span> <span class='ocrx_word' id='word_1_629' title='bbox 1664 4625 1870 4680; x_wconf 77' lang='lat' dir='ltr'>Beatus</span> <span class='ocrx_word' id='word_1_630' title='bbox 1967 4621 2152 4694; x_wconf 85' lang='lat' dir='ltr'>(Hebr.</span> <span class='ocrx_word' id='word_1_631' title='bbox 2188 4621 2293 4693; x_wconf 84' lang='lat' dir='ltr'>In).</span> <span class='ocrx_word' id='word_1_632' title='bbox 2327 4620 2670 4693; x_wconf 82' lang='lat' dir='ltr'>QuaprOpter</span> <span class='ocrx_word' id='word_1_633' title='bbox 2704 4629 2876 4678; x_wconf 88' lang='lat' dir='ltr'>estote</span> <span class='ocrx_word' id='word_1_634' title='bbox 2907 4621 3098 4678; x_wconf 85' lang='lat' dir='ltr'>fideles</span> <span class='ocrx_word' id='word_1_635' title='bbox 3129 4623 3266 4688; x_wconf 92' lang='lat' dir='ltr'>Deo,</span> <span class='ocrx_word' id='word_1_636' title='bbox 3300 4629 3354 4677; x_wconf 90' lang='lat' dir='ltr'>et</span> <span class='ocrx_word' id='word_1_637' title='bbox 3380 4628 3569 4677; x_wconf 90' lang='lat' dir='ltr'>sancto</span> 
     </span>
    </p>
   </div>
   <div class='ocr_carea' id='block_1_94' title="bbox 273 4713 1871 4787">
    <p class='ocr_par' dir='ltr' id='par_1_94' title="bbox 273 4713 1871 4787">
     <span class='ocr_line' id='line_1_94' title="bbox 273 4713 1871 4787; baseline -0.003 -16"><span class='ocrx_word' id='word_1_638' title='bbox 273 4719 359 4772; x_wconf 89' lang='lat' dir='ltr'>est</span> <span class='ocrx_word' id='word_1_639' title='bbox 389 4717 476 4771; x_wconf 84' lang='lat' dir='ltr'>vir</span> <span class='ocrx_word' id='word_1_640' title='bbox 502 4717 598 4787; x_wconf 86' lang='lat' dir='ltr'>qui</span> <span class='ocrx_word' id='word_1_641' title='bbox 624 4717 788 4771; x_wconf 88' lang='lat' dir='ltr'>timet</span> <span class='ocrx_word' id='word_1_642' title='bbox 817 4717 1140 4780; x_wconf 84' lang='lat' dir='ltr'>Dominum,</span> <span class='ocrx_word' id='word_1_643' title='bbox 1165 4717 1227 4769; x_wconf 87' lang='lat' dir='ltr'>in</span> <span class='ocrx_word' id='word_1_644' title='bbox 1249 4714 1536 4770; x_wconf 80' lang='lat' dir='ltr'>mandatis</span> <span class='ocrx_word' id='word_1_645' title='bbox 1559 4715 1681 4785; x_wconf 84' lang='lat' dir='ltr'>ejus</span> <span class='ocrx_word' id='word_1_646' title='bbox 1712 4713 1871 4785; x_wconf 88' lang='lat' dir='ltr'>cupit</span> 
     </span>
    </p>
   </div>
   <div class='ocr_carea' id='block_1_95' title="bbox 273 4801 1866 4877">
    <p class='ocr_par' dir='ltr' id='par_1_95' title="bbox 273 4801 1866 4877">
     <span class='ocr_line' id='line_1_95' title="bbox 273 4801 1866 4877; baseline -0.003 -17"><span class='ocrx_word' id='word_1_647' title='bbox 273 4805 452 4860; x_wconf 86' lang='lat' dir='ltr'>nimis</span> <span class='ocrx_word' id='word_1_648' title='bbox 484 4824 501 4860; x_wconf 92' lang='lat'><strong><em>:</em></strong></span> <span class='ocrx_word' id='word_1_649' title='bbox 519 4808 718 4877; x_wconf 85' lang='lat' dir='ltr'>potens</span> <span class='ocrx_word' id='word_1_650' title='bbox 747 4807 810 4860; x_wconf 87' lang='lat' dir='ltr'>in</span> <span class='ocrx_word' id='word_1_651' title='bbox 842 4807 996 4860; x_wconf 83' lang='lat' dir='ltr'>terra</span> <span class='ocrx_word' id='word_1_652' title='bbox 1027 4804 1137 4858; x_wconf 85' lang='lat' dir='ltr'>erit</span> <span class='ocrx_word' id='word_1_653' title='bbox 1156 4819 1346 4858; x_wconf 84' lang='lat' dir='ltr'>semen</span> <span class='ocrx_word' id='word_1_654' title='bbox 1384 4805 1502 4874; x_wconf 86' lang='lat' dir='ltr'>ejus</span> <span class='ocrx_word' id='word_1_655' title='bbox 1523 4803 1697 4872; x_wconf 84' lang='lat' dir='ltr'>(Psal.</span> <span class='ocrx_word' id='word_1_656' title='bbox 1732 4801 1866 4872; x_wconf 74' lang='lat' dir='ltr'>cxx).</span> 
     </span>
    </p>
   </div>
   <div class='ocr_carea' id='block_1_96' title="bbox 272 4891 1870 4966">
    <p class='ocr_par' dir='ltr' id='par_1_96' title="bbox 272 4891 1870 4966">
     <span class='ocr_line' id='line_1_96' title="bbox 272 4891 1870 4966; baseline -0.002 -17"><span class='ocrx_word' id='word_1_657' title='bbox 272 4893 344 4949; x_wconf 93' lang='lat' dir='ltr'>Et</span> <span class='ocrx_word' id='word_1_658' title='bbox 374 4892 490 4964; x_wconf 91' lang='lat' dir='ltr'>ipse</span> <span class='ocrx_word' id='word_1_659' title='bbox 519 4893 574 4948; x_wconf 89' lang='lat' dir='ltr'>in</span> <span class='ocrx_word' id='word_1_660' title='bbox 598 4892 900 4966; x_wconf 87' lang='lat' dir='ltr'>Evangelio</span> <span class='ocrx_word' id='word_1_661' title='bbox 935 4911 948 4945; x_wconf 91' lang='lat'>:</span> <span class='ocrx_word' id='word_1_662' title='bbox 986 4894 1090 4961; x_wconf 85' lang='lat' dir='ltr'>Qui</span> <span class='ocrx_word' id='word_1_663' title='bbox 1117 4908 1224 4957; x_wconf 86' lang='lat' dir='ltr'>me,</span> <span class='ocrx_word' id='word_1_664' title='bbox 1264 4891 1456 4962; x_wconf 86' lang='lat' dir='ltr'>inquit,</span> <span class='ocrx_word' id='word_1_665' title='bbox 1503 4892 1708 4962; x_wconf 81' lang='lat' dir='ltr'>diligit,</span> <span class='ocrx_word' id='word_1_666' title='bbox 1747 4907 1870 4946; x_wconf 88' lang='lat' dir='ltr'>ser-</span> 
     </span>
    </p>
   </div>
   <div class='ocr_carea' id='block_1_97' title="bbox 273 4972 1866 5050">
    <p class='ocr_par' dir='ltr' id='par_1_97' title="bbox 273 4972 1866 5050">
     <span class='ocr_line' id='line_1_97' title="bbox 273 4972 1866 5050; baseline -0.002 -13"><span class='ocrx_word' id='word_1_667' title='bbox 273 4999 500 5040; x_wconf 87' lang='lat' dir='ltr'>monem</span> <span class='ocrx_word' id='word_1_668' title='bbox 527 4999 717 5038; x_wconf 88' lang='lat' dir='ltr'>meum</span> <span class='ocrx_word' id='word_1_669' title='bbox 746 4983 1006 5047; x_wconf 84' lang='lat' dir='ltr'>servabit,</span> <span class='ocrx_word' id='word_1_670' title='bbox 1031 4985 1087 5036; x_wconf 84' lang='lat' dir='ltr'>et</span> <span class='ocrx_word' id='word_1_671' title='bbox 1116 4983 1287 5036; x_wconf 85' lang='lat' dir='ltr'>Pater</span> <span class='ocrx_word' id='word_1_672' title='bbox 1305 4996 1462 5035; x_wconf 83' lang='lat' dir='ltr'>meus</span> <span class='ocrx_word' id='word_1_673' title='bbox 1493 4972 1690 5050; x_wconf 80' lang='lat' dir='ltr'>diliget</span> <span class='ocrx_word' id='word_1_674' title='bbox 1719 4995 1866 5044; x_wconf 89' lang='lat' dir='ltr'>eum,</span> 
     </span>
    </p>
   </div>
   <div class='ocr_carea' id='block_1_98' title="bbox 275 5067 1872 5139">
    <p class='ocr_par' dir='ltr' id='par_1_98' title="bbox 275 5067 1872 5139">
     <span class='ocr_line' id='line_1_98' title="bbox 275 5067 1872 5139; baseline -0.002 -13"><span class='ocrx_word' id='word_1_675' title='bbox 275 5075 330 5126; x_wconf 90' lang='lat' dir='ltr'>et</span> <span class='ocrx_word' id='word_1_676' title='bbox 351 5071 423 5126; x_wconf 88' lang='lat' dir='ltr'>ad</span> <span class='ocrx_word' id='word_1_677' title='bbox 451 5087 580 5126; x_wconf 87' lang='lat' dir='ltr'>eum</span> <span class='ocrx_word' id='word_1_678' title='bbox 610 5072 918 5136; x_wconf 83' lang='lat' dir='ltr'>veniemus,</span> <span class='ocrx_word' id='word_1_679' title='bbox 958 5073 1014 5125; x_wconf 90' lang='lat' dir='ltr'>et</span> <span class='ocrx_word' id='word_1_680' title='bbox 1056 5071 1410 5124; x_wconf 82' lang='lat' dir='ltr'>mansionem</span> <span class='ocrx_word' id='word_1_681' title='bbox 1440 5067 1591 5139; x_wconf 82' lang='lat' dir='ltr'>apud</span> <span class='ocrx_word' id='word_1_682' title='bbox 1624 5084 1754 5123; x_wconf 89' lang='lat' dir='ltr'>eum</span> <span class='ocrx_word' id='word_1_683' title='bbox 1781 5071 1872 5138; x_wconf 83' lang='lat' dir='ltr'>fa-</span> 
     </span>
    </p>
   </div>
   <div class='ocr_carea' id='block_1_99' title="bbox 277 5153 1872 5230">
    <p class='ocr_par' dir='ltr' id='par_1_99' title="bbox 277 5153 1872 5230">
     <span class='ocr_line' id='line_1_99' title="bbox 277 5153 1872 5230; baseline -0.004 -16"><span class='ocrx_word' id='word_1_684' title='bbox 277 5160 492 5215; x_wconf 87' lang='lat' dir='ltr'>ciemus</span> <span class='ocrx_word' id='word_1_685' title='bbox 519 5159 703 5230; x_wconf 85' lang='lat' dir='ltr'>(Joan.</span> <span class='ocrx_word' id='word_1_686' title='bbox 739 5159 881 5229; x_wconf 72' lang='lat' dir='ltr'>xxv).</span> <span class='ocrx_word' id='word_1_687' title='bbox 915 5157 1075 5227; x_wconf 87' lang='lat' dir='ltr'>Quod</span> <span class='ocrx_word' id='word_1_688' title='bbox 1112 5173 1234 5212; x_wconf 91' lang='lat' dir='ltr'>cum</span> <span class='ocrx_word' id='word_1_689' title='bbox 1281 5156 1355 5211; x_wconf 90' lang='lat' dir='ltr'>ita</span> <span class='ocrx_word' id='word_1_690' title='bbox 1384 5155 1468 5221; x_wconf 92' lang='lat' dir='ltr'>sit,</span> <span class='ocrx_word' id='word_1_691' title='bbox 1505 5155 1550 5208; x_wconf 90' lang='lat' dir='ltr'>si</span> <span class='ocrx_word' id='word_1_692' title='bbox 1579 5155 1699 5209; x_wconf 82' lang='lat' dir='ltr'>tuis‘</span> <span class='ocrx_word' id='word_1_693' title='bbox 1713 5153 1872 5209; x_wconf 89' lang='lat' dir='ltr'>bonis</span> 
     </span>
    </p>
   </div>
   <div class='ocr_carea' id='block_1_100' title="bbox 275 5243 1869 5318">
    <p class='ocr_par' dir='ltr' id='par_1_100' title="bbox 275 5243 1869 5318">
     <span class='ocr_line' id='line_1_100' title="bbox 275 5243 1869 5318; baseline -0.003 -16"><span class='ocrx_word' id='word_1_694' title='bbox 275 5246 536 5318; x_wconf 86' lang='lat' dir='ltr'>Operibus</span> <span class='ocrx_word' id='word_1_695' title='bbox 566 5247 620 5301; x_wconf 91' lang='lat' dir='ltr'>in</span> <span class='ocrx_word' id='word_1_696' title='bbox 648 5246 901 5318; x_wconf 66' lang='lat' dir='ltr'>praesenti</span> <span class='ocrx_word' id='word_1_697' title='bbox 930 5245 1234 5302; x_wconf 90' lang='lat' dir='ltr'>lucentibus</span> <span class='ocrx_word' id='word_1_698' title='bbox 1255 5246 1427 5299; x_wconf 91' lang='lat' dir='ltr'>Deum</span> <span class='ocrx_word' id='word_1_699' title='bbox 1457 5243 1869 5316; x_wconf 82' lang='lat' dir='ltr'>gloriﬁcaveris,</span> 
     </span>
    </p>
   </div>
   <div class='ocr_carea' id='block_1_101' title="bbox 273 5333 1868 5409">
    <p class='ocr_par' dir='ltr' id='par_1_101' title="bbox 273 5333 1868 5409">
     <span class='ocr_line' id='line_1_101' title="bbox 273 5333 1868 5409; baseline -0.003 -19"><span class='ocrx_word' id='word_1_700' title='bbox 273 5335 454 5409; x_wconf 87' lang='lat' dir='ltr'>gloria</span> <span class='ocrx_word' id='word_1_701' title='bbox 483 5335 591 5392; x_wconf 91' lang='lat' dir='ltr'>eris</span> <span class='ocrx_word' id='word_1_702' title='bbox 620 5336 946 5407; x_wconf 90' lang='lat' dir='ltr'>sempiterna</span> <span class='ocrx_word' id='word_1_703' title='bbox 974 5335 1028 5389; x_wconf 91' lang='lat' dir='ltr'>in</span> <span class='ocrx_word' id='word_1_704' title='bbox 1047 5336 1225 5389; x_wconf 79' lang='lat' dir='ltr'>futuro</span> <span class='ocrx_word' id='word_1_705' title='bbox 1244 5333 1360 5388; x_wconf 89' lang='lat' dir='ltr'>sine</span> <span class='ocrx_word' id='word_1_706' title='bbox 1379 5333 1545 5387; x_wconf 92' lang='lat' dir='ltr'>dubio</span> <span class='ocrx_word' id='word_1_707' title='bbox 1562 5333 1868 5400; x_wconf 90' lang='lat' dir='ltr'>decoratus,</span> 
     </span>
    </p>
   </div>
   <div class='ocr_carea' id='block_1_102' title="bbox 277 5420 1868 5498">
    <p class='ocr_par' dir='ltr' id='par_1_102' title="bbox 277 5420 1868 5498">
     <span class='ocr_line' id='line_1_102' title="bbox 277 5420 1868 5498; baseline -0.004 -18"><span class='ocrx_word' id='word_1_708' title='bbox 277 5425 532 5498; x_wconf 90' lang='lat' dir='ltr'>quoniam</span> <span class='ocrx_word' id='word_1_709' title='bbox 561 5425 680 5496; x_wconf 91' lang='lat' dir='ltr'>ipse</span> <span class='ocrx_word' id='word_1_710' title='bbox 724 5441 822 5496; x_wconf 90' lang='lat' dir='ltr'>per</span> <span class='ocrx_word' id='word_1_711' title='bbox 867 5425 1093 5494; x_wconf 79' lang='lat' dir='ltr'>Moysen</span> <span class='ocrx_word' id='word_1_712' title='bbox 1141 5423 1243 5478; x_wconf 89' lang='lat' dir='ltr'>hoc</span> <span class='ocrx_word' id='word_1_713' title='bbox 1289 5438 1345 5476; x_wconf 93' lang='lat' dir='ltr'>se</span> <span class='ocrx_word' id='word_1_714' title='bbox 1390 5420 1573 5476; x_wconf 86' lang='lat' dir='ltr'>facere</span> <span class='ocrx_word' id='word_1_715' title='bbox 1623 5427 1868 5487; x_wconf 89' lang='lat' dir='ltr'>testatur,</span> 
     </span>
    </p>
   </div>
   <div class='ocr_carea' id='block_1_103' title="bbox 280 5509 1873 5583">
    <p class='ocr_par' dir='ltr' id='par_1_103' title="bbox 280 5509 1873 5583">
     <span class='ocr_line' id='line_1_103' title="bbox 280 5509 1873 5583; baseline -0.004 -15"><span class='ocrx_word' id='word_1_716' title='bbox 280 5513 471 5570; x_wconf 89' lang='lat' dir='ltr'>dicens</span> <span class='ocrx_word' id='word_1_717' title='bbox 503 5531 519 5568; x_wconf 86' lang='lat'><strong>:</strong></span> <span class='ocrx_word' id='word_1_718' title='bbox 557 5514 944 5583; x_wconf 68' lang='lat' dir='ltr'>Gloriﬁcantes</span> <span class='ocrx_word' id='word_1_719' title='bbox 966 5528 1055 5568; x_wconf 86' lang='lat' dir='ltr'>me</span> <span class='ocrx_word' id='word_1_720' title='bbox 1074 5511 1388 5583; x_wconf 81' lang='lat' dir='ltr'>gloriﬁcabo</span> <span class='ocrx_word' id='word_1_721' title='bbox 1409 5510 1462 5581; x_wconf 84' lang='lat' dir='ltr'>(I</span> <span class='ocrx_word' id='word_1_722' title='bbox 1475 5513 1602 5582; x_wconf 83' lang='lat' dir='ltr'>Reg.</span> <span class='ocrx_word' id='word_1_723' title='bbox 1623 5510 1706 5579; x_wconf 85' lang='grc' dir='ltr'>ιι).</span> <span class='ocrx_word' id='word_1_724' title='bbox 1724 5509 1873 5565; x_wconf 91' lang='lat' dir='ltr'>Sicut</span> 
     </span>
    </p>
   </div>
   <div class='ocr_carea' id='block_1_104' title="bbox 275 5598 1872 5674">
    <p class='ocr_par' dir='ltr' id='par_1_104' title="bbox 275 5598 1872 5674">
     <span class='ocr_line' id='line_1_104' title="bbox 275 5598 1872 5674; baseline -0.002 -18"><span class='ocrx_word' id='word_1_725' title='bbox 275 5611 457 5659; x_wconf 84' lang='lat' dir='ltr'>autem</span> <span class='ocrx_word' id='word_1_726' title='bbox 486 5609 672 5660; x_wconf 91' lang='lat' dir='ltr'>nostro</span> <span class='ocrx_word' id='word_1_727' title='bbox 701 5600 1015 5674; x_wconf 58' lang='lat' dir='ltr'>praesulatui</span> <span class='ocrx_word' id='word_1_728' title='bbox 1043 5615 1139 5670; x_wconf 91' lang='lat' dir='ltr'>pcr</span> <span class='ocrx_word' id='word_1_729' title='bbox 1160 5600 1273 5668; x_wconf 90' lang='lat' dir='ltr'>jam</span> <span class='ocrx_word' id='word_1_730' title='bbox 1303 5599 1468 5654; x_wconf 87' lang='lat' dir='ltr'>fatum</span> <span class='ocrx_word' id='word_1_731' title='bbox 1496 5598 1872 5670; x_wconf 77' lang='lat' dir='ltr'>presbyterum</span> 
     </span>
    </p>
   </div>
   <div class='ocr_carea' id='block_1_105' title="bbox 639 5723 1156 5782">
    <p class='ocr_par' dir='ltr' id='par_1_105' title="bbox 639 5723 1156 5782">
     <span class='ocr_line' id='line_1_105' title="bbox 639 5723 1156 5782; baseline -0.004 -2"><span class='ocrx_word' id='word_1_732' title='bbox 639 5725 875 5782; x_wconf 73' lang='lat' dir='ltr'>PATROL.</span> <span class='ocrx_word' id='word_1_733' title='bbox 911 5723 1156 5780; x_wconf 79' lang='lat' dir='ltr'>CXXVI.</span> 
     </span>
    </p>
   </div>
   <div class='ocr_carea' id='block_1_106' title="bbox 1973 4708 3566 4782">
    <p class='ocr_par' dir='ltr' id='par_1_106' title="bbox 1973 4708 3566 4782">
     <span class='ocr_line' id='line_1_106' title="bbox 1973 4708 3566 4782; baseline -0.001 -17"><span class='ocrx_word' id='word_1_734' title='bbox 1973 4711 2153 4778; x_wconf 90' lang='lat' dir='ltr'>Petro,</span> <span class='ocrx_word' id='word_1_735' title='bbox 2187 4709 2324 4766; x_wconf 90' lang='lat' dir='ltr'>sicut</span> <span class='ocrx_word' id='word_1_736' title='bbox 2352 4709 2672 4777; x_wconf 86' lang='lat' dir='ltr'>mandastis,</span> <span class='ocrx_word' id='word_1_737' title='bbox 2714 4726 2884 4782; x_wconf 91' lang='lat' dir='ltr'>usque</span> <span class='ocrx_word' id='word_1_738' title='bbox 2931 4709 3000 4764; x_wconf 89' lang='lat' dir='ltr'>ad</span> <span class='ocrx_word' id='word_1_739' title='bbox 3046 4716 3298 4778; x_wconf 91' lang='lat' dir='ltr'>mortem,</span> <span class='ocrx_word' id='word_1_740' title='bbox 3333 4716 3388 4764; x_wconf 88' lang='lat' dir='ltr'>et</span> <span class='ocrx_word' id='word_1_741' title='bbox 3415 4708 3566 4765; x_wconf 87' lang='lat' dir='ltr'>acci-</span> 
     </span>
    </p>
   </div>
   <div class='ocr_carea' id='block_1_107' title="bbox 1969 4796 3568 4870">
    <p class='ocr_par' dir='ltr' id='par_1_107' title="bbox 1969 4796 3568 4870">
     <span class='ocr_line' id='line_1_107' title="bbox 1969 4796 3568 4870; baseline -0.001 -16"><span class='ocrx_word' id='word_1_742' title='bbox 1969 4799 2128 4870; x_wconf 90' lang='lat' dir='ltr'>pietis</span> <span class='ocrx_word' id='word_1_743' title='bbox 2161 4814 2420 4855; x_wconf 90' lang='lat' dir='ltr'>coronam</span> <span class='ocrx_word' id='word_1_744' title='bbox 2449 4798 2592 4866; x_wconf 75' lang='lat' dir='ltr'>vitae,</span> <span class='ocrx_word' id='word_1_745' title='bbox 2627 4814 2786 4870; x_wconf 87' lang='lat' dir='ltr'>quam</span> <span class='ocrx_word' id='word_1_746' title='bbox 2816 4796 3125 4868; x_wconf 89' lang='lat' dir='ltr'>repromisit</span> <span class='ocrx_word' id='word_1_747' title='bbox 3151 4797 3302 4852; x_wconf 85' lang='lat' dir='ltr'>Deus</span> <span class='ocrx_word' id='word_1_748' title='bbox 3331 4796 3568 4870; x_wconf 84' lang='lat' dir='ltr'>diligen-</span> 
     </span>
    </p>
   </div>
   <div class='ocr_carea' id='block_1_108' title="bbox 1971 4880 3640 4942">
    <p class='ocr_par' dir='ltr' id='par_1_108' title="bbox 1971 4880 3640 4942">
     <span class='ocr_line' id='line_1_108' title="bbox 1971 4880 3640 4942; baseline -0.001 0"><span class='ocrx_word' id='word_1_749' title='bbox 1971 4888 2112 4942; x_wconf 86' lang='lat' dir='ltr'>tibus</span> <span class='ocrx_word' id='word_1_750' title='bbox 2143 4905 2220 4942; x_wconf 87' lang='lat' dir='ltr'>se.</span> <span class='ocrx_word' id='word_1_751' title='bbox 2251 4887 2375 4942; x_wconf 92' lang='lat' dir='ltr'>Non</span> <span class='ocrx_word' id='word_1_752' title='bbox 2403 4887 2548 4942; x_wconf 91' lang='lat' dir='ltr'>enim</span> <span class='ocrx_word' id='word_1_753' title='bbox 2577 4886 2748 4942; x_wconf 89' lang='lat' dir='ltr'>sacris</span> <span class='ocrx_word' id='word_1_754' title='bbox 2777 4885 3110 4941; x_wconf 89' lang='lat' dir='ltr'>orationibus</span> <span class='ocrx_word' id='word_1_755' title='bbox 3137 4883 3336 4941; x_wconf 88' lang='lat' dir='ltr'>nostris</span> <span class='ocrx_word' id='word_1_756' title='bbox 3365 4899 3570 4941; x_wconf 64' lang='lat' dir='ltr'>memoo</span> <span class='ocrx_word' id='word_1_757' title='bbox 3631 4880 3640 4894; x_wconf 88' lang='lat'><em>&#39;</em></span> 
     </span>
    </p>
   </div>
   <div class='ocr_carea' id='block_1_109' title="bbox 1971 4971 3572 5042">
    <p class='ocr_par' dir='ltr' id='par_1_109' title="bbox 1971 4971 3572 5042">
     <span class='ocr_line' id='line_1_109' title="bbox 1971 4971 3572 5042; baseline -0.001 -12"><span class='ocrx_word' id='word_1_758' title='bbox 1971 4975 2111 5030; x_wconf 90' lang='lat' dir='ltr'>riam</span> <span class='ocrx_word' id='word_1_759' title='bbox 2141 4975 2308 5030; x_wconf 90' lang='lat' dir='ltr'>vestri</span> <span class='ocrx_word' id='word_1_760' title='bbox 2330 4991 2510 5030; x_wconf 89' lang='lat' dir='ltr'>coram</span> <span class='ocrx_word' id='word_1_761' title='bbox 2534 4974 2766 5030; x_wconf 89' lang='lat' dir='ltr'>Domino</span> <span class='ocrx_word' id='word_1_762' title='bbox 2788 4973 3009 5029; x_wconf 90' lang='lat' dir='ltr'>assidue</span> <span class='ocrx_word' id='word_1_763' title='bbox 3025 4971 3304 5042; x_wconf 83' lang='lat' dir='ltr'>facientes,</span> <span class='ocrx_word' id='word_1_764' title='bbox 3319 4973 3572 5029; x_wconf 88' lang='lat' dir='ltr'>manibus</span> 
     </span>
    </p>
   </div>
   <div class='ocr_carea' id='block_1_110' title="bbox 1974 5060 3570 5132">
    <p class='ocr_par' dir='ltr' id='par_1_110' title="bbox 1974 5060 3570 5132">
     <span class='ocr_line' id='line_1_110' title="bbox 1974 5060 3570 5132; baseline -0.002 -14"><span class='ocrx_word' id='word_1_765' title='bbox 1974 5081 2190 5120; x_wconf 89' lang='lat' dir='ltr'>sursum</span> <span class='ocrx_word' id='word_1_766' title='bbox 2221 5064 2291 5119; x_wconf 93' lang='lat' dir='ltr'>ad</span> <span class='ocrx_word' id='word_1_767' title='bbox 2322 5063 2612 5119; x_wconf 92' lang='lat' dir='ltr'>Dominum</span> <span class='ocrx_word' id='word_1_768' title='bbox 2641 5061 2887 5128; x_wconf 88' lang='lat' dir='ltr'>elevatis,</span> <span class='ocrx_word' id='word_1_769' title='bbox 2937 5060 3294 5132; x_wconf 89' lang='lat' dir='ltr'>omnipotenti</span> <span class='ocrx_word' id='word_1_770' title='bbox 3323 5062 3440 5118; x_wconf 90' lang='lat' dir='ltr'>Deo</span> <span class='ocrx_word' id='word_1_771' title='bbox 3469 5075 3570 5118; x_wconf 85' lang='lat' dir='ltr'>vos</span> 
     </span>
    </p>
   </div>
   <div class='ocr_carea' id='block_1_111' title="bbox 1971 5149 3571 5221">
    <p class='ocr_par' dir='ltr' id='par_1_111' title="bbox 1971 5149 3571 5221">
     <span class='ocr_line' id='line_1_111' title="bbox 1971 5149 3571 5221; baseline -0.003 -13"><span class='ocrx_word' id='word_1_772' title='bbox 1971 5169 2076 5208; x_wconf 86' lang='lat' dir='ltr'>una</span> <span class='ocrx_word' id='word_1_773' title='bbox 2105 5169 2229 5208; x_wconf 92' lang='lat' dir='ltr'>cum</span> <span class='ocrx_word' id='word_1_774' title='bbox 2257 5152 2456 5208; x_wconf 91' lang='lat' dir='ltr'>dilecto</span> <span class='ocrx_word' id='word_1_775' title='bbox 2487 5151 2598 5207; x_wconf 87' lang='lat' dir='ltr'>ﬁlio</span> <span class='ocrx_word' id='word_1_776' title='bbox 2628 5158 2817 5206; x_wconf 89' lang='lat' dir='ltr'>nostro</span> <span class='ocrx_word' id='word_1_777' title='bbox 2835 5149 3080 5221; x_wconf 90' lang='lat' dir='ltr'>principe</span> <span class='ocrx_word' id='word_1_778' title='bbox 3099 5157 3280 5206; x_wconf 89' lang='lat' dir='ltr'>vestro</span> <span class='ocrx_word' id='word_1_779' title='bbox 3296 5164 3571 5206; x_wconf 84' lang='lat' dir='ltr'>commen-</span> 
     </span>
    </p>
   </div>
   <div class='ocr_carea' id='block_1_112' title="bbox 1973 5236 3571 5309">
    <p class='ocr_par' dir='ltr' id='par_1_112' title="bbox 1973 5236 3571 5309">
     <span class='ocr_line' id='line_1_112' title="bbox 1973 5236 3571 5309; baseline -0.001 -13"><span class='ocrx_word' id='word_1_780' title='bbox 1973 5242 2185 5307; x_wconf 92' lang='lat' dir='ltr'>damus,</span> <span class='ocrx_word' id='word_1_781' title='bbox 2219 5248 2272 5295; x_wconf 93' lang='lat' dir='ltr'>et</span> <span class='ocrx_word' id='word_1_782' title='bbox 2301 5239 2448 5295; x_wconf 90' lang='lat' dir='ltr'>omni</span> <span class='ocrx_word' id='word_1_783' title='bbox 2479 5238 2858 5294; x_wconf 90' lang='lat' dir='ltr'>benedictione</span> <span class='ocrx_word' id='word_1_784' title='bbox 2891 5237 3122 5309; x_wconf 86' lang='lat' dir='ltr'>spiritali</span> <span class='ocrx_word' id='word_1_785' title='bbox 3151 5237 3310 5294; x_wconf 90' lang='lat' dir='ltr'>vobis</span> <span class='ocrx_word' id='word_1_786' title='bbox 3337 5236 3571 5294; x_wconf 87' lang='lat' dir='ltr'>benedi-</span> 
     </span>
    </p>
   </div>
   <div class='ocr_carea' id='block_1_113' title="bbox 1971 5324 3572 5394">
    <p class='ocr_par' dir='ltr' id='par_1_113' title="bbox 1971 5324 3572 5394">
     <span class='ocr_line' id='line_1_113' title="bbox 1971 5324 3572 5394; baseline -0.002 -9"><span class='ocrx_word' id='word_1_787' title='bbox 1971 5330 2144 5385; x_wconf 89' lang='lat' dir='ltr'>cimus</span> <span class='ocrx_word' id='word_1_788' title='bbox 2174 5330 2230 5383; x_wconf 91' lang='lat' dir='ltr'>in</span> <span class='ocrx_word' id='word_1_789' title='bbox 2259 5329 2474 5384; x_wconf 89' lang='lat' dir='ltr'>Christo</span> <span class='ocrx_word' id='word_1_790' title='bbox 2522 5329 2650 5382; x_wconf 89' lang='lat' dir='ltr'>Jesu</span> <span class='ocrx_word' id='word_1_791' title='bbox 2695 5326 2929 5382; x_wconf 90' lang='lat' dir='ltr'>Domino</span> <span class='ocrx_word' id='word_1_792' title='bbox 2977 5334 3184 5394; x_wconf 89' lang='lat' dir='ltr'>nostro,</span> <span class='ocrx_word' id='word_1_793' title='bbox 3225 5333 3285 5382; x_wconf 88' lang='lat' dir='ltr'>ut</span> <span class='ocrx_word' id='word_1_794' title='bbox 3313 5326 3402 5382; x_wconf 90' lang='lat' dir='ltr'>hic</span> <span class='ocrx_word' id='word_1_795' title='bbox 3431 5333 3484 5381; x_wconf 92' lang='lat' dir='ltr'>et</span> <span class='ocrx_word' id='word_1_796' title='bbox 3513 5324 3572 5381; x_wconf 89' lang='lat' dir='ltr'>in</span> 
     </span>
    </p>
   </div>
   <div class='ocr_carea' id='block_1_114' title="bbox 1972 5410 3574 5487">
    <p class='ocr_par' dir='ltr' id='par_1_114' title="bbox 1972 5410 3574 5487">
     <span class='ocr_line' id='line_1_114' title="bbox 1972 5410 3574 5487; baseline -0.004 -14"><span class='ocrx_word' id='word_1_797' title='bbox 1972 5427 2236 5473; x_wconf 74' lang='lat' dir='ltr'>aeternum</span> <span class='ocrx_word' id='word_1_798' title='bbox 2267 5432 2499 5487; x_wconf 91' lang='lat' dir='ltr'>corpore</span> <span class='ocrx_word' id='word_1_799' title='bbox 2531 5415 2691 5469; x_wconf 90' lang='lat' dir='ltr'>simul</span> <span class='ocrx_word' id='word_1_800' title='bbox 2723 5421 2774 5469; x_wconf 91' lang='lat' dir='ltr'>et</span> <span class='ocrx_word' id='word_1_801' title='bbox 2805 5414 2988 5470; x_wconf 90' lang='lat' dir='ltr'>anima</span> <span class='ocrx_word' id='word_1_802' title='bbox 3013 5414 3286 5470; x_wconf 89' lang='lat' dir='ltr'>benedicti</span> <span class='ocrx_word' id='word_1_803' title='bbox 3310 5410 3574 5482; x_wconf 84' lang='lat' dir='ltr'>existatis,</span> 
     </span>
    </p>
   </div>
   <div class='ocr_carea' id='block_1_115' title="bbox 1971 5499 3576 5578">
    <p class='ocr_par' dir='ltr' id='par_1_115' title="bbox 1971 5499 3576 5578">
     <span class='ocr_line' id='line_1_115' title="bbox 1971 5499 3576 5578; baseline -0.003 -17"><span class='ocrx_word' id='word_1_804' title='bbox 1971 5515 2024 5562; x_wconf 87' lang='lat' dir='ltr'>et</span> <span class='ocrx_word' id='word_1_805' title='bbox 2066 5507 2123 5561; x_wconf 89' lang='lat' dir='ltr'>in</span> <span class='ocrx_word' id='word_1_806' title='bbox 2166 5513 2487 5577; x_wconf 88' lang='lat' dir='ltr'>perpetuum</span> <span class='ocrx_word' id='word_1_807' title='bbox 2532 5503 2768 5559; x_wconf 91' lang='lat' dir='ltr'>Domino</span> <span class='ocrx_word' id='word_1_808' title='bbox 2819 5503 3124 5578; x_wconf 85' lang='lat' dir='ltr'>gaudeatis.</span> <span class='ocrx_word' id='word_1_809' title='bbox 3175 5503 3316 5562; x_wconf 83' lang='lat' dir='ltr'>Data</span> <span class='ocrx_word' id='word_1_810' title='bbox 3360 5517 3441 5559; x_wconf 84' lang='lat' dir='ltr'>vn</span> <span class='ocrx_word' id='word_1_811' title='bbox 3485 5499 3576 5558; x_wconf 87' lang='lat' dir='ltr'>die</span> 
     </span>
    </p>
   </div>
   <div class='ocr_carea' id='block_1_116' title="bbox 1973 5591 2826 5661">
    <p class='ocr_par' dir='ltr' id='par_1_116' title="bbox 1973 5591 2826 5661">
     <span class='ocr_line' id='line_1_116' title="bbox 1973 5591 2826 5661; baseline 0.005 -11"><span class='ocrx_word' id='word_1_812' title='bbox 1973 5595 2178 5650; x_wconf 89' lang='lat' dir='ltr'>mensis</span> <span class='ocrx_word' id='word_1_813' title='bbox 2209 5594 2372 5661; x_wconf 85' lang='lat' dir='ltr'>Junii,</span> <span class='ocrx_word' id='word_1_814' title='bbox 2405 5591 2699 5650; x_wconf 89' lang='lat' dir='ltr'>indictione</span> <span class='ocrx_word' id='word_1_815' title='bbox 2729 5607 2826 5654; x_wconf 82' lang='lat' dir='ltr'>xu.</span> 
     </span>
    </p>
   </div>
   <div class='ocr_carea' id='block_1_117' title="bbox 3293 5716 3428 5778">
    <p class='ocr_par' dir='ltr' id='par_1_117' title="bbox 3293 5716 3428 5778">
     <span class='ocr_line' id='line_1_117' title="bbox 3293 5716 3428 5778; baseline -0.03 0"><span class='ocrx_word' id='word_1_816' title='bbox 3293 5716 3428 5778; x_wconf 69' lang='grc' dir='ltr'>ιτ·</span> 
     </span>
    </p>
   </div>
   <div class='ocr_carea' id='block_1_118' title="bbox 3493 378 3704 470">
    <p class='ocr_par' dir='ltr' id='par_1_118' title="bbox 3493 378 3704 470">
     <span class='ocr_line' id='line_1_118' title="bbox 3493 378 3704 470; baseline 0.019 -39"><span class='ocrx_word' id='word_1_817' title='bbox 3493 378 3594 436; x_wconf 69' lang='lat' dir='ltr'>8L2</span> <span class='ocrx_word' id='word_1_818' title='bbox 3694 462 3704 470; x_wconf 68' lang='lat'>_</span> 
     </span>
    </p>
   </div>
  </div>
