4160 6330
709 315 808 368 843
1995 303 2291 359 JOANNIS

1359 432 1650 486 CCXXXI.

971 545 1043 583 AD
1073 542 1394 582 MICHAELEM
1426 541 1612 580 REGEM
1645 541 2032 579 BULGARORL‘M.

1323 625 1504 691 (Anno
1536 624 1685 690 879.)

709 751 836 820 Agit
865 753 972 806 Deo
997 751 1212 820 gratias
1241 747 1384 820 quod
1415 748 1622 816 legatos
1647 745 1718 820 qd
1748 760 1806 820 se
1831 745 2066 820 miserit,
2093 743 2300 820 doctri-

779 838 917 875 nam
933 815 1374 874 ecclesiasticam
1395 821 1449 870 et
1468 815 1738 870 Canopica
1759 816 2031 868 instituta
2052 817 2303 883 receptu-

781 907 880 945 rus
903 909 920 943 :
943 889 1208 943 hortatur
1237 891 1301 940 ut
1329 887 1400 940 ad
1422 889 1729 940 Romanam
1751 885 2060 939 Ecclesium
2077 883 2299 948 redeat;

779 963 834 1013 et
852 961 904 1012 si
923 961 974 1013 ei
989 958 1287 1029 placuerit,
1305 972 1362 1010 se
1385 957 1630 1025 legatum
1647 956 1955 1008 missurum
1975 954 2296 1024 pollicetur.

778 1055 982 1109 Dilecto
1031 1069 1095 1108 ac
1153 1051 1379 1122 spiritali
1433 1050 1544 1105 ﬁlio
1594 1053 1867 1104 MICHAELI
1913 1049 2152 1122 glorioso
2183 1049 2302 1121 regi

703 1142 1078 1214 Bulgarorum.

781 1227 1008 1296 Quantae
1030 1227 1246 1298 pietatis
1273 1235 1326 1280 et
1359 1223 1718 1280 miseration'is
1769 1242 1880 1280 suae
1925 1225 2176 1298 largitate
2207 1240 2302 1279 vos

705 1316 1048 1386 omnipotens
1093 1316 1240 1370 Deus
1295 1313 1566 1378 dilexerit,
1626 1330 1850 1368 narrare
1897 1313 2020 1384 quis
2050 1311 2297 1377 sufﬁciat,

705 1403 1023 1458 charissima
1053 1401 1172 1456 ﬁli?
1200 1401 1432 1470 Quando
1463 1417 1562 1471 per
1601 1401 1928 1456 inlusionem
1967 1400 2142 1455 sancti
2173 1399 2300 1470 Spi-

705 1491 840 1545 ritus
870 1491 954 1545 sui
983 1491 1040 1544 in
1069 1506 1164 1546 cor
1209 1497 1452 1544 vestrum
1497 1489 1835 1562 unigenitum
1885 1488 2078 1542 Filium
2119 1505 2296 1554 suum,

700 1593 798 1648 per
825 1594 985 1648 quem
1016 1578 1199 1632 omnia
1225 1576 1461 1632 visibilia
1489 1585 1542 1631 et
1569 1576 1864 1631 invisibilia
1880 1575 2300 1641 condidit,vobis

701 1665 998 1720 clementer
1027 1665 1267 1720 revelare
1288 1665 1543 1736 dignatus
1564 1672 1664 1730 est,
1684 1671 2030 1735 mentemque
2062 1671 2300 1717 vestram

700 1752 961 1807 claritatis
1020 1768 1134 1807 suae
1180 1751 1383 1806 lumine
1431 1752 1708 1820 irradiare,
1762 1759 1815 1806 et
1857 1753 1926 1806 de
1958 1751 2197 1806 tenebris
2228 1751 2298 1805 ad

703 1855 888 1894 veram
917 1839 1084 1895 voluit
1112 1840 1412 1910 perducere
1433 1839 1610 1894 lucem
1630 1855 1879 1909 veraeque
1897 1837 2020 1893 ﬁdei
2038 1839 2294 1909 dogmate

701 1943 801 1982 suo
857 1928 1072 1982 docere.
1135 1926 1311 1996 Ipsius
1369 1927 1530 1995 etiam
1585 1927 1755 1997 gratia
1801 1925 1956 1981 vobis
1998 1926 2290 1994 revelante,

699 2016 768 2070 ad
814 2015 1002 2070 sedem
1059 2015 1204 2070 beati
1251 2014 1398 2070 Petri
1440 2015 1809 2084 apostolorum
1855 2013 2136 2084 principis,
2174 2030 2296 2085 quae

699 2111 863 2173 caput
893 2111 945 2157 et
973 2102 1236 2174 magistra
1266 2101 1506 2156 omnium
1557 2101 1932 2157 Ecclesiarum
1961 2103 2062 2157 Dei
2093 2101 2290 2171 existit,

701 2199 754 2244 et
782 2204 816 2244 a
844 2205 952 2261 qua
983 2205 1174 2244 omnes
1203 2205 1366 2261 reges
1396 2198 1448 2243 et
1477 2189 1753 2260 principes
1791 2190 2021 2244 verbum
2051 2189 2295 2245 veritatis

660 2319 664 2323 .
699 2285 1044 2348 acceperunt,
1077 2277 1292 2350 legatos
1332 2285 1564 2343 vestros,
1598 2277 1814 2332 Petrum
1846 2277 2053 2333 scilicet
2083 2293 2293 2350 cogna-

695 2373 810 2418 tum
840 2373 1101 2431 vestrum,
1151 2372 1206 2420 et
1239 2365 1506 2419 Joannem
1549 2373 1710 2436 atque
1741 2364 2044 2432 Martinum,
2078 2367 2295 2436 praede-

695 2453 936 2507 cessoris
985 2453 1170 2507 domni
1212 2453 1382 2507 nostri
1443 2452 1653 2508 Nicolai
1700 2453 2001 2508 beatissimi
2043 2453 2294 2524 praesulis

694 2548 940 2610 tempore
969 2539 1260 2609 direxistis,
1298 2549 1356 2594 ut
1385 2549 1438 2595 et
1469 2556 1566 2596 vos
1613 2541 1738 2596 inde
1777 2542 2083 2597 doctrinam
2111 2542 2294 2597 eccle-

693 2626 972 2684 siasticam
1013 2635 1173 2700 atque
1223 2629 1489 2684 canonica
1537 2628 1780 2684 instituta
1817 2629 2152 2700 reciperetis,
2199 2629 2294 2683 ubi

695 2710 1154 2770 totiusEcclesia:
1203 2715 1452 2770 Christus
1494 2716 1675 2786 posuit
1715 2717 2098 2787 principatum,
2146 2717 2294 2788 quod

667 2803 974 2870 'mmirum,
1009 2803 1310 2858 secundum
1337 2811 1578 2858 vestram
1617 2803 1970 2868 voluntatem,
2002 2805 2072 2859 ab
2101 2805 2294 2860 eadem

696 2899 885 2946 sancta
915 2891 1158 2946 Romana
1199 2890 1448 2946 Ecclesia
1491 2891 1892 2961 promeruistis.
1943 2893 2100 2947 Nunc
2131 2892 2296 2964 igitur

698 2994 813 3044 vos,
848 2979 1004 3050 quasi
1034 2979 1312 3050 propriam
1341 2978 1527 3052 gregis
1565 2978 1833 3034 Dominici
1865 2995 2022 3034 ovem
2053 2979 2210 3034 nobis
2241 2979 2296 3032 in

693 3068 812 3138 ipso
843 3067 1212 3138 apostolorum
1233 3067 1476 3138 principe
1497 3068 1865 3133 commissam,
1885 3076 2069 3139 utpote
2090 3067 2294 3124 charis-

693 3156 889 3210 simum
919 3154 1088 3211 ﬁlium
1120 3164 1371 3210 nostrum
1400 3156 1484 3210 his
1531 3155 1701 3210 nostri
1731 3156 2066 3226 apostolatus
2095 3155 2288 3210 litteris

692 3243 971 3298 visitamus
1002 3252 1054 3298 et
1083 3244 1285 3299 nostris
1321 3243 1634 3314 apostolicis
1673 3244 2030 3314 spiritualiter
2077 3245 2290 3314 ample-

692 3332 890 3386 ctimur
919 3331 1090 3397 ulnis;
1123 3331 1340 3386 assidue
1390 3347 1488 3385 vos
1537 3347 1662 3386 cum
1699 3333 1845 3386 omni
1874 3332 2074 3402 populo
2117 3340 2290 3387 vestro

694 3419 868 3474 sacris
913 3419 1250 3476 orationibus
1298 3419 1496 3474 nostris
1543 3421 1774 3474 Domino
1823 3421 2287 3487 commendantes,

691 3515 749 3562 ut
776 3507 914 3578 ipse,
950 3508 1041 3579 qui
1071 3507 1226 3562 vobis
1253 3507 1554 3579 gloriosum
1596 3507 1650 3560 in
1681 3507 1841 3562 terris
1871 3507 2054 3560 tribuit
2084 3507 2290 3577 princi-

691 3603 896 3665 patum,
927 3595 1130 3650 tribuat
1178 3603 1230 3650 et
1278 3603 1400 3665 post
1456 3603 1686 3650 mortem
1735 3595 1956 3650 caeleste
1983 3611 2210 3667 regnum
2241 3605 2292 3648 et

693 3682 926 3754 gloriam
957 3683 1361 3753 sempiternam.
1391 3682 1732 3752 Quapropter
1754 3699 2034 3737 monemus
2057 3683 2292 3754 gloriam

694 3777 948 3833 vestram,
981 3777 1038 3822 ut
1067 3769 1137 3823 ad
1167 3777 1410 3824 sanctam
1460 3777 1693 3823 matrem
1722 3779 1962 3824 vestram
1996 3771 2292 3824 Romanam

697 3855 999 3912 Ecclesiam
1027 3857 1220 3910 devota
1251 3865 1430 3912 mente
1477 3856 1774 3927 libentique
1805 3857 1985 3912 animo
2017 3857 2288 3924 redeatis;

695 3952 755 3998 ut
781 3943 1154 4014 apostolorum
1187 3952 1500 4000 sanctorum
1540 3945 1795 4015 precibus
1823 3945 1991 4014 adjuti
2023 3953 2128 3999 tam
2161 3945 2292 3999 visi-

701 4031 836 4086 biles
857 4031 1107 4088 inimicos
1137 4031 1201 4103 [f.
1226 4032 1378 4088 deest
1406 4048 1570 4104 quam
1598 4033 1918 4104 invisibiles]
1952 4031 2107 4087 facile
2139 4049 2294 4103 supe-

701 4136 820 4175 rare
851 4120 1070 4191 possitis
1103 4138 1115 4173 :
1145 4127 1198 4175 et
1226 4119 1348 4190 quia
1370 4137 1487 4186 vos,
1510 4129 1567 4176 ut
1585 4121 1904 4192 prmdictum
1935 4129 2034 4186 est,
2069 4121 2292 4175 multum

699 4209 998 4281 diligimus,
1032 4217 1277 4263 nostrum
1305 4209 1376 4263 ad
1407 4226 1504 4264 vos
1549 4209 1798 4264 volumus
1829 4225 1956 4265 cum
1986 4209 2133 4264 sedis
2164 4225 2293 4280 apo-

699 4295 904 4350 stolicae
933 4295 1236 4350 visitatione
1267 4297 1506 4366 dirigere
1539 4296 1796 4368 legatum,
1819 4297 2144 4368 visitareque
2175 4314 2291 4363 vos,

701 4383 838 4439 sicut
869 4391 1058 4454 pastor
1087 4383 1267 4438 visitat
1297 4401 1528 4455 gregem
1558 4385 1764 4438 domini
1793 4386 1874 4439 sui
1908 4385 2011 4439 sibi
2041 4385 2294 4440 commis-

701 4487 860 4526 sum:
895 4471 940 4525 si
977 4479 1162 4525 tamen
1195 4472 1617 4542 cognoverimus
1667 4472 1999 4528 voluntatem
2028 4482 2288 4539 vestram,

698 4559 846 4630 quod
875 4567 1116 4614 nostram
1145 4558 1374 4628 cupiatis
1420 4560 1664 4629 recipere
1709 4560 2038 4631 legationem
2070 4569 2121 4614 et
2156 4577 2292 4630 apo-

701 4647 945 4703 stolicam
973 4647 1353 4702 visitationem.
1406 4646 1565 4714 Quod
1609 4647 1654 4700 si
1701 4647 1998 4714 volueritis,
2032 4665 2128 4718 per
2153 4650 2293 4704 hunc

699 4736 966 4790 Joannem
983 4734 1352 4790 venerabilem
1369 4735 1748 4804 presbyterum
1787 4733 2002 4788 ﬁdelem
2027 4743 2288 4804 nostruin,

698 4823 856 4877 nobis
887 4822 988 4876 sub
1019 4821 1336 4877 certitudine
1382 4821 1681 4876 litterarum
1731 4830 2034 4877 vestrarum
2073 4841 2292 4880 reman-

701 4910 828 4964 dare
887 4917 1094 4976 curate,
1152 4908 1501 4964 dilectissime
1558 4917 1720 4980 atque
1775 4912 2146 4967 amantissime
2195 4913 2288 4969 ﬁli.

703 4996 1061 5067 Omnipotens
1091 4999 1255 5064 Deus,
1280 4997 1370 5068 qui
1401 4997 1556 5052 vobis
1589 4999 1730 5052 viam
1763 4999 2004 5054 veritatis
2035 5003 2288 5071 ostendit,

698 5092 752 5138 et
777 5085 978 5140 lumine
1025 5101 1138 5140 suae
1185 5084 1442 5140 claritatis
1491 5101 1586 5141 cor
1635 5096 1872 5142 vestrum
1904 5088 2178 5144 illustrare
2211 5091 2290 5145 di-

696 5181 894 5242 gnatus
922 5181 1006 5228 est
1034 5188 1176 5228 nunc
1204 5181 1257 5228 et
1285 5189 1503 5245 semper
1531 5191 1654 5230 cum
1684 5177 1830 5231 omni
1853 5174 2208 5247 prosperitate
2239 5187 2290 5234 et

758 5381 781 5405 ιι
805 5351 855 5400 In
880 5350 1000 5402 edit.
1038 5353 1258 5404 Romana
1296 5353 1464 5406 titulus
1499 5355 1790 5417 depravatus
1815 5362 1909 5418 est,
1939 5360 1988 5407 et
2012 5371 2122 5408 cum
2148 5357 2290 5408 dubi-

687 5445 887 5496 taverim
916 5445 1160 5496 Labbenm
1181 5461 1275 5498 sua
1288 5448 1566 5510 conjectura
1594 5451 1672 5500 hic
1692 5451 1984 5511 correxisse,
2010 5464 2172 5502 nonex
2195 5452 2287 5502 ﬁde

683 5539 858 5596 lirujus
889 5539 1090 5598 codicis,
1129 5541 1234 5590 ideo
1261 5543 1338 5590 hic
1364 5548 1510 5606 prout
1545 5547 1618 5592 est
1660 5545 1704 5591 in
1767 5545 1981 5594 ltomnna
2017 5557 2289 5604 reprrrsen-

2348 303 2539 356 PAPJS
2583 304 2716 356 \s'lll.
3873 300 3948 349 8H

2322 426 2373 483 Α
2407 427 2576 478 salute
2605 441 2701 478 vos
2746 441 3068 480 conservare
3106 425 3362 494 dignetur
3393 421 3732 478 incolumem.
3765 420 3882 473 Data
3911 435 3949 471 γι

2405 515 2529 566 ldus
2559 513 2761 576 lunias,
2798 512 3091 567 indictione
3122 526 3221 565 xu.

3031 608 3326 662 CCXXXII
3345 648 3356 660 .

2456 710 2526 746 AD
2566 709 2812 748 AIRADUM
2852 707 3294 746 ARCHIEPISOPUM
3333 704 3654 744 AUSCENSEM
3697 702 3908 748 επεοω

2969 776 3415 816 SUFF'RAGANEOS.

3015 861 3194 928 (Anno
3225 859 3373 924 8’79.)

2403 963 2672 1015 Hortatur
2700 960 2770 1014 ad
2793 959 3123 1029 depravatos
3165 957 3359 1026 populi
3383 971 3584 1029 gmores
3615 952 3946 1029 corrigemus.

2473 1033 2750 1099 praecipue
2797 1023 3011 1084 incesta
3057 1023 3426 1099 matrimonia
3459 1045 3476 1080 :
3507 1041 3578 1078 ne
3625 1025 3746 1094 quis
3785 1023 3948 1077 relicta

2473 1097 2654 1155 uxore
2673 1101 2850 1154 aliam
2881 1099 3071 1163 ducat,
3096 1101 3199 1152 aut
3219 1097 3390 1150 simul
3420 1112 3548 1150 cum
3579 1109 3756 1148 umore
3775 1108 3948 1147 concu-

2475 1172 2666 1225 binum
2695 1170 2912 1235 habent,
2967 1172 3028 1222 ut
3071 1183 3160 1222 res
3207 1167 3516 1221 immobiles
3548 1164 3792 1219 ecclesia:
3818 1177 3948 1216 nemo

2473 1241 2577 1295 sibi
2599 1243 2851 1308 usurpet,
2883 1242 2940 1292 et
2961 1241 3025 1292 ut
3045 1239 3241 1292 clerici
3265 1237 3364 1291 sub
3393 1235 3636 1307 episcopi
3657 1236 3769 1289 sint
3797 1237 3948 1302 potes-

2475 1315 2615 1366 tate.

2472 1405 2958 1462 Reverendissimis
2987 1413 3039 1459 et
3070 1403 3442 1469 sanctissimis,
3476 1405 3694 1456 Amano
3723 1398 3949 1470 archiepi-

2403 1511 2588 1566 scopo,
2623 1503 2675 1549 et
2703 1497 2985 1548 lxvonno
3015 1491 3377 1554 Conveneusi,
3410 1491 3734 1545 Wumnoa
3776 1488 3948 1542 Conse-

2402 1599 2557 1647 rano,
2589 1583 2882 1637 Sausroxo
2906 1580 3223 1652 Bigorrensi
3251 1577 3523 1648 episcOpis
3544 1586 3590 1632 ³.

2473 1671 2666 1725 Multas
2695 1669 3169 1740 prazvaricationes
3209 1675 3394 1722 contra
3423 1667 3588 1720 totius
3619 1662 3948 1719 Christianita-

2313 1769 2366 1828 D
2403 1761 2470 1814 tis
2499 1759 2821 1832 religionem
2851 1765 3014 1828 atque
3043 1764 3350 1810 sanctorum
3398 1755 3616 1808 Patrum
3653 1749 3949 1807 venerabiles

2397 1847 2704 1902 sanctiones
2735 1846 2820 1899 his
2851 1845 3048 1900 vestris
3069 1845 3122 1898 in
3150 1843 3394 1914 partibus
3424 1857 3458 1896 a
3485 1841 3672 1912 pravis
3698 1839 3807 1894 ﬁeri
3833 1839 3950 1892 Chri-

2397 1935 2585 1990 stianis
2614 1933 2859 1988 veridica
2886 1933 3178 1987 multorum
3209 1931 3471 1986 relatione
3499 1928 3801 1984 didicimus.
3832 1925 3948 1994 Quos

2395 2039 2526 2078 vero
2557 2038 2658 2078 nec
2687 2022 2791 2092 pias
2821 2019 3205 2076 admonitionis
3233 2027 3428 2074 vestrae
3460 2017 3842 2080 blandimento,
3869 2029 3947 2068 nec

2395 2111 2592 2166 debita:
2623 2108 3194 2164 excommunicationis
3227 2106 3464 2172 vinculo,
3513 2122 3618 2161 nec
3664 2105 3813 2159 etiam
3839 2116 3946 2172 apo-

2396 2199 2601 2254 stolicae
2630 2196 3030 2254 constitutionis
3077 2195 3246 2250 verbo
3290 2194 3632 2265 aliquatenus
3663 2208 3694 2247 a
3724 2200 3947 2246 tantorum

2393 2286 2658 2340 malorum
2690 2300 2916 2354 operum
2948 2283 3292 2338 infestatione
3338 2299 3400 2337 ac
3431 2280 3826 2352 perpetratione
3851 2291 3947 2347 pro-

2395 2374 2583 2428 hibere
2613 2389 2715 2428 nec
2745 2373 2960 2443 penitus
3007 2370 3200 2426 valetis
3247 2385 3616 2440 compescere.
3650 2369 3717 2422 Et
3743 2367 3852 2421 ideo
3875 2363 3948 2418 do-

2393 2463 2568 2517 lemus
2596 2461 2799 2532 pariter
2827 2459 3128 2524 vobiscum,
3178 2457 3374 2513 fratres
3417 2457 3544 2526 mei,
3581 2472 3746 2526 super
3772 2451 3948 2509 temeri-

2394 2557 2501 2605 tate
2555 2549 2742 2620 populi
2799 2548 2926 2602 talia
2978 2547 3379 2618 praesumentis,
3433 2553 3485 2600 et
3543 2545 3748 2598 nullam
3796 2559 3852 2597 ex
3885 2539 3948 2592 his

2393 2637 2785 2709 plenitudinem
2817 2635 3152 2692 fructuosam
3180 2635 3236 2688 in
3267 2632 3519 2704 praesenti
3545 2649 3712 2705 agere
3740 2627 3948 2688 volentis.

2395 2734 2744 2797 vestramque
2794 2725 3072 2778 salubrem
3121 2722 3519 2792 correptionem
3559 2737 3662 2791 pro
3693 2718 3846 2774 nihilo
3871 2715 3950 2770 du-

2392 2815 2585 2870 centis.
2619 2814 2787 2885 Igitur
2815 2813 2940 2885 quia
2967 2820 3156 2868 nostro
3197 2810 3523 2882 apostolatui
3552 2809 3822 2864 humiliter
3846 2820 3950 2874 sug-

2391 2903 2643 2976 gessistis
2701 2911 2778 2970 ut,
2840 2901 3141 2972 apostolica
3182 2899 3300 2954 fulti
3348 2898 3690 2964 auctoritate,
3734 2893 3950 2968 populum

2393 3006 2615 3063 gravem
2647 2999 2698 3045 et
2729 2990 2952 3060 plenum
3001 2989 3278 3060 iniquitate
3319 2987 3492 3042 libere
3544 2985 3780 3057 possetis
3806 2978 3950 3039 corri-

2313 3117 2362 3178 C
2393 3095 2558 3151 gere;
2593 3078 2810 3149 quando
2831 3094 2896 3133 ex
2917 3076 3102 3132 divino
3118 3075 3334 3148 eloquio
3351 3075 3611 3130 docemur
3630 3083 3686 3129 ut
3705 3066 3952 3142 aliquando

2393 3167 2642 3222 conversi
2689 3165 2881 3220 fratres
2924 3173 3142 3219 nostros
3185 3163 3364 3234 aliqua
3411 3163 3596 3219 saeculi
3647 3159 3952 3217 ﬂuctuatione

2391 3254 2696 3310 ineﬁicaces
2729 3253 3052 3308 conﬁrmare
3079 3252 3374 3307 debeamus
3395 3253 3550 3319 (Luc.
3583 3253 3710 3314 22);
3740 3265 3829 3304 vos
3853 3259 3950 3300 cum

2390 3345 2615 3398 doctore
2660 3343 2904 3414 gentium
2953 3340 3342 3405 convenimus,
3390 3340 3638 3394 dicentes
3673 3357 3685 3392 :
3719 3333 3950 3404 Corripile

2391 3430 2680 3502 inquietos,
2715 3428 3067 3484 consolamini
3098 3427 3490 3498 pusillanimes,
3525 3426 3740 3500 arguite
3767 3436 3957 3496 peccan-

2393 3527 2492 3583 tes,
2524 3519 2808 3572 obsecrate
2837 3526 3141 3587 protervos,
3162 3524 3213 3570 et.
3231 3517 3506 3586 increpate
3524 3515 3710 3586 inique
3739 3519 3950 3584 agentes.

2393 3622 2514 3661 cum
2545 3607 2690 3660 omni
2725 3606 2953 3675 imperio
2983 3607 3032 3674 (ι
3066 3606 3246 3660 Thess.
3285 3607 3361 3661 vi.
3397 3604 3564 3658 Vobis
3614 3617 3840 3672 namque
3878 3611 3954 3668 po-

2391 3694 2552 3764 pulus
2581 3694 2698 3763 ipse
2730 3693 2868 3748 sicut
2900 3711 3034 3766 grex
3084 3693 3264 3746 ovium
3310 3691 3526 3746 Domini
3571 3689 3867 3762 pastoribus
3890 3691 3954 3739 est

2393 3782 2743 3848 commissus;
2776 3789 2828 3836 ct
2859 3782 2963 3835 nisi
3008 3797 3103 3836 eos
3145 3781 3221 3835 ila
3258 3796 3401 3836 nunc
3432 3779 3718 3849 temporali
3747 3779 3954 3844 increpa-

2394 3871 2538 3924 tione
2568 3869 2932 3934 correxeritis,
2966 3878 3022 3924 ut
3052 3869 3241 3940 spiritu
3271 3868 3407 3922 salvi
3438 3868 3545 3921 sint
3575 3868 3632 3920 in
3663 3867 3749 3922 die
3777 3859 3955 3920 Domini

2394 3957 2567 4012 nostri
2593 3958 2720 4011 Jesu
2751 3957 2972 4024 Christi,
3005 3957 3232 4029 sanguis
3263 3973 3449 4012 eorum
3481 3956 3548 4010 de
3577 3955 3774 4010 vestris
3803 3945 3954 4023 procul

2394 4045 2561 4100 dubio
2589 4045 2841 4100 manibus
2872 4046 3197 4116 requiretur.
3248 4045 3342 4100 Sin
3371 4053 3549 4100 autem
3580 4044 3736 4098 vobis
3770 4053 3952 4096 annun-

2395 4134 2653 4188 tiantibus
2679 4149 2787 4188 non
2835 4133 3160 4202 obedierint,
3212 4133 3315 4202 ipsi
3364 4133 3420 4186 in
3465 4133 3579 4186 suis
3622 4126 3956 4202 iniquitatibus

2395 4221 2667 4288 deﬁcient,
2689 4238 2786 4276 vos
2817 4237 2948 4277 vero
2977 4223 3184 4276 animas
3205 4230 3412 4276 vestras
3433 4221 3725 4275 liberastis.
3760 4220 3954 4272 Prester-

2394 4327 2456 4365 ea
2484 4327 2651 4364 unum
2681 4310 2840 4364 valde
2881 4309 3122 4364 illicitum
3167 4318 3217 4364 et
3267 4309 3605 4364 exsecrabile
3635 4308 3826 4362 malum
3845 4317 3954 4359 con-

2395 4408 2479 4453 tra
2512 4398 2841 4454 venerabilia
2889 4407 3202 4453 sanctorum
3247 4398 3469 4452 Patrum
3516 4398 3736 4452 decreta
3765 4391 3954 4476 eosdem

2320 4465 2372 4526 D
2396 4496 2605 4542 vestros
2633 4487 2996 4558 parochianos
3027 4487 3362 4542 committere
3391 4486 3659 4554 audimus,
3694 4486 3793 4540 hoc
3816 4467 3891 4536 est
3914 4485 3958 4530 ut

2396 4576 2544 4630 nulla
2586 4575 2803 4648 generis
2849 4576 3316 4648 consanguinitate
3360 4575 3624 4640 custodia,
3672 4571 3809 4628 nulla
3850 4580 3957 4638 pro-

2395 4664 2708 4734 pinquitatis
2755 4663 3034 4734 parentela
3078 4663 3382 4728 observata,
3433 4662 3801 4734 unusquisque
3829 4669 3958 4712 suam

2394 4753 2755 4822 propinquam
2801 4753 2852 4805 in
2903 4768 3226 4823 quocunque
3273 4750 3470 4806 fuerint
3518 4751 3714 4824 gradu,
3762 4743 3960 4816 accipiat

2397 4857 2640 4901 uxorem.
2673 4849 2834 4912 atque
2865 4841 3072 4896 incesto
3117 4849 3167 4895 et
3207 4840 3414 4895 nefario
3452 4856 3510 4894 se
3540 4839 3790 4911 conjugio
3817 4847 3957 4903 copu-

2394 4928 2524 4982 lent.
2559 4928 2717 4996 Quod
2751 4929 2956 4984 licitum
3005 4928 3187 4984 facere
3229 4927 3552 4983 Christianis
3593 4943 3698 4982 non
3727 4935 3822 4987 est,
3851 4923 3957 4976 dum

2393 5033 2564 5088 usque
2623 5035 2682 5073 se
2734 5017 3014 5089 generatio
3068 5017 3405 5089 cognoverit.
3461 5017 3613 5072 Unde
3666 5006 3956 5070 sanctissimi

2392 5105 2831 5174 praedecessores
2855 5105 3043 5172 nostri,
3076 5106 3382 5176 Stephanus
3412 5105 3680 5168 videlicet,
3712 5098 3958 5172 Eugenius

2392 5200 2552 5262 atque
2585 5194 2711 5258 Leo,
2747 5193 2996 5264 synodali
3044 5193 3264 5248 decreto
3309 5193 3414 5247 tale
3464 5192 3752 5246 nefandum
3797 5185 3958 5253 conju-

2391 5371 2587 5422 tandum
2621 5372 2734 5423 duxi
2783 5386 2796 5422 :
2852 5371 3298 5422 Rererendissimis
3343 5378 3391 5422 et
3437 5371 3756 5423 saiwtissimis
3801 5364 3958 5418 Arretio

2389 5456 2788 5518 archiepiscopo,
2829 5463 2875 5507 et
2913 5457 3125 5506 Iurolato
3171 5457 3471 5510 Conveniat.
3515 5469 3611 5506 una
3635 5456 3683 5504 in
3712 5455 3835 5503 Anio
3857 5449 3959 5498 Cou-

2389 5554 2566 5589 srrono
2601 5541 2772 5590 Sarslo
2799 5541 2936 5588 nobis
2964 5540 3138 5588 Ηνιήιὴ
3162 5541 3419 5600 episcopis.

4087 2137 4089 2158 1

4087 2327 4089 2340 t

4088 2567 4089 2586 1

4087 2677 4089 2702 1

4088 2715 4089 2732 1

4087 2745 4089 2772 1

4087 2845 4089 2858 ι

4087 2859 4089 2886 1

4088 3063 4089 3080 1

4087 3105 4089 3124 1
