4160 6302
245 324 348 376 845

1385 317 1738 375 EPISTOLJS
1789 315 1874 368 ET
1921 313 2266 370 DECRETA.

3437 329 3540 383 866

251 446 403 518 gium
433 444 551 500 ﬁeri
579 444 985 516 prohibuerant,
1017 445 1259 500 dicentes
1293 461 1303 498 :
1343 445 1406 499 Ut
1439 441 1844 510 consobrinam,
1881 439 1927 498 A
1954 439 2054 494 clis
2113 441 2366 495 eumdem
2422 443 2848 500 Nemausensem
2896 447 3212 520 episcopum
3275 451 3344 506 ad
3389 467 3543 508 eom-

252 541 489 604 neptem,
524 549 839 599 novercam,
869 532 1050 588 fratris
1081 549 1320 596 uxorem,
1356 532 1623 587 veletiam
1657 547 1850 602 quam-

254 621 385 677 libet
415 623 484 677 de
513 623 730 692 propria
763 622 1110 694 cognatione,
1144 621 1323 675 nullus
1354 629 1644 691 praesumat
1675 619 1777 672 sibi
1799 619 1852 672 in

252 710 510 782 conjugio
539 710 816 780 copulare,
851 711 980 780 quia
1027 710 1286 780 scriptum
1333 717 1416 763 est
1461 709 1517 762 in
1564 708 1688 780 lege
1735 708 1852 761 Do-

254 798 388 852 mini
422 815 435 852 :
475 799 898 870 Turpitudinem
924 799 1120 853 uxoris
1146 799 1332 870 patris
1357 797 1460 861 tui,
1504 797 1618 851 sive
1653 796 1853 852 uxoris

255 889 460 956 featris
475 887 577 950 tui,
595 890 761 957 atque
773 887 978 940 sororis
992 890 1105 940 tute
1117 902 1229 940 non
1243 885 1510 940 reuelabis
1525 904 1542 939 :
1559 882 1852 955 turpitudo

257 976 413 1029 enim
427 979 526 1028 tua
543 978 626 1029 est
648 975 846 1043 (Leuit.
868 976 1052 1043 XVIII).
1069 974 1136 1026 Et
1150 973 1194 1026 si
1209 974 1356 1027 Deus
1369 972 1636 1026 Hebraico
1652 970 1853 1042 populo

254 1069 376 1115 ante
405 1061 832 1116 incarnationem
862 1061 1125 1132 unigeniti
1162 1061 1280 1115 Filii
1325 1060 1406 1114 sui
1435 1061 1550 1115 haec
1583 1059 1856 1114 servanda

258 1149 552 1216 mandavit,
589 1157 789 1221 quanto
819 1149 1054 1218 amplius
1085 1165 1205 1212 nos,
1239 1149 1329 1221 qui
1372 1147 1692 1203 Christiana:
1723 1146 1852 1201 reli-

258 1237 440 1310 gionis
469 1238 795 1292 documenta
823 1247 1090 1305 tenemus,
1121 1237 1192 1292 ab
1220 1236 1421 1290 illicitis
1451 1235 1737 1291 connubiis
1757 1236 1855 1289 ob-

258 1341 476 1380 servare
522 1325 806 1390 debemus,
849 1342 915 1380 ne
965 1325 1205 1380 demersi
1247 1324 1300 1378 in
1348 1324 1662 1396 voraginem
1709 1323 1854 1396 ignis

257 1413 446 1469 aeterni
477 1429 890 1468 concrememur
915 1412 1210 1467 incendio?
1241 1413 1296 1467 Si
1327 1412 1448 1483 quis
1493 1427 1620 1466 vero
1658 1411 1712 1465 in
1751 1413 1856 1466 hoc

261 1500 472 1556 nefario
503 1501 757 1572 coniugio
786 1502 1038 1556 inventus
1067 1501 1120 1554 in
1148 1516 1214 1555 eo
1241 1515 1564 1571 permanere
1601 1498 1852 1566 voluerit,

259 1599 351 1645 aut
379 1605 521 1644 nunc
552 1589 620 1643 ab
651 1605 818 1644 uxore
851 1589 1058 1643 solutus
1078 1589 1182 1644 hoc
1203 1604 1367 1659 agere
1389 1595 1691 1653 tentavertt,
1719 1586 1858 1642 sciat

263 1694 323 1733 se
369 1677 688 1732 auctoritate
730 1677 1024 1747 apostolica
1067 1677 1423 1731 anathematis
1469 1676 1686 1731 vinculo
1733 1691 1856 1730 esse

264 1767 595 1834 innodatum,
628 1774 682 1820 et
710 1765 890 1820 nullus
921 1765 1180 1820 sacerdos
1210 1763 1286 1818 illi
1314 1765 1511 1819 tribuat
1525 1762 1858 1820 communio-

262 1871 389 1910 nem
421 1871 434 1908 :
469 1862 522 1909 et
550 1854 597 1908 si
627 1853 916 1908 inclinatus
946 1853 1015 1908 ab
1038 1853 1224 1908 illicita
1271 1869 1329 1907 se
1361 1852 1552 1923 copula
1589 1851 1856 1916 diviserit,

263 1943 596 2014 poenitentia:
624 1943 1024 2007 submittantur,
1059 1950 1116 1996 ut
1146 1942 1406 1997 sacerdos
1426 1941 1860 1996 lociconsidera-

265 2031 422 2086 verit.
455 2031 570 2086 Hoc
601 2031 761 2085 etiam
790 2047 914 2086 cum
946 2030 1053 2084 illis
1081 2029 1282 2100 pariter
1301 2029 1555 2098 jubemus
1586 2037 1643 2083 ut
1681 2028 1860 2082 nullus

264 2120 547 2192 propriam
574 2119 846 2190 relinquat
873 2135 1119 2184 uxorem,
1149 2127 1200 2173 et
1239 2117 1327 2172 illa
1373 2118 1589 2173 vivente
1629 2106 1861 2171 alteram

267 2209 372 2264 sibi
403 2208 615 2264 sociare
645 2217 975 2278 praesumat;
1015 2223 1118 2262 nec
1161 2207 1322 2262 liceat
1365 2205 1416 2261 ei
1463 2221 1572 2260 uno
1620 2213 1862 2275 tempore

265 2297 401 2352 duas
430 2297 630 2352 habere
660 2311 862 2372 uxores
883 2311 1176 2350 uxoremve
1206 2303 1259 2350 et
1287 2293 1666 2350 concubinam.
1697 2293 1862 2347 Jube-

269 2401 390 2440 mus
427 2385 589 2440 etiam
635 2392 692 2438 ut
737 2384 870 2438 nulli
929 2385 1275 2439 sacerdotum
1315 2383 1556 2454 nullique
1599 2382 1862 2438 laicorum

267 2473 426 2529 liceat
457 2489 543 2528 res
573 2472 878 2528 immobiles
908 2472 1011 2526 sub
1042 2471 1283 2542 qualibet
1309 2471 1596 2526 occasione
1615 2485 1648 2524 a
1678 2469 1781 2540 piis
1811 2474 1865 2523 et

273 2561 672 2617 venerabilibus
717 2561 852 2615 locis
896 2560 1221 2614 subtrahere
1277 2568 1328 2614 et
1377 2560 1432 2614 in
1488 2559 1705 2629 prOprio
1763 2573 1864 2610 usu

277 2650 497 2706 habere.
531 2649 636 2716 Qui
667 2665 798 2712 vero
827 2648 1252 2719 pra-sumpserit,
1287 2647 1563 2704 canonicis
1587 2646 1864 2713 subjaceat

273 2737 720 2794 correctionibus.
755 2738 1050 2793 Statuimus
1082 2738 1241 2792 etiam
1265 2745 1324 2790 ut
1351 2752 1542 2791 omnes
1563 2733 1866 2806 presbyteri

272 2835 328 2882 et
357 2827 537 2882 clerici
570 2827 670 2880 sub
700 2826 907 2896 proprii
955 2833 1220 2896 potestate
1241 2825 1544 2880 consistant
1599 2822 1862 2892 episcopi,

273 2923 329 2970 et
373 2914 505 2968 nihil
549 2914 667 2969 sine
712 2915 880 2984 ipsius
927 2913 1260 2969 conscientia
1307 2920 1520 2982 gerant,
1569 2911 1866 2966 secundum

275 3001 524 3075 regulam
553 3017 586 3057 a
615 3001 864 3057 Patribus
895 3001 1260 3058 constitutam.
1294 3001 1349 3055 Si
1381 3000 1503 3071 quis
1533 3015 1666 3054 sane
1697 3013 1868 3053 sacer-

276 3090 464 3145 dotum
495 3097 584 3144 aut
613 3090 933 3145 clericorum
972 3090 1132 3145 aliter
1165 3105 1335 3162 agere
1378 3086 1806 3159 praesumpserit,
1838 3101 1869 3138 a

278 3194 381 3234 suo
411 3177 670 3234 canonice
699 3179 1066 3249 redarguetur
1095 3179 1390 3248 episcopo;
1423 3177 1590 3232 laicus
1628 3190 1866 3246 quoque,

277 3265 324 3320 si
355 3267 422 3321 de
450 3274 713 3337 potestate
742 3267 985 3336 episcopi
1015 3265 1272 3322 clericum
1305 3264 1601 3336 quemlibet
1649 3263 1868 3316 subtra-

275 3355 409 3411 here
453 3355 881 3424 praesumpserit,
940 3353 1436 3410 excommunicatus
1472 3352 1683 3406 existat.
1719 3351 1866 3416 Haec,

276 3441 473 3498 fratres
501 3443 830 3510 charissimi,
850 3459 951 3512 pro
975 3450 1156 3497 vestra
1187 3440 1578 3511 supplicatione
1609 3447 1662 3493 et
1693 3439 1870 3492 hono-

279 3529 540 3586 riﬁcentia
571 3531 624 3585 in
646 3531 1023 3586 auctoritatem
1041 3530 1293 3584 habenda
1312 3527 1700 3598 descripsimus
1716 3525 1872 3580 vobis

278 3627 541 3690 quatenus
571 3619 655 3672 his
684 3628 886 3673 nostra:
914 3617 1312 3673 constitutionis
1351 3615 1538 3671 muniti
1565 3613 1870 3686 praceptis,

275 3708 444 3780 digna
473 3707 588 3762 Deo
617 3715 802 3761 nostro
831 3707 1050 3776 possitis
1081 3706 1350 3762 securiter
1377 3703 1589 3759 deferre
1609 3701 1874 3772 obsequia

276 3795 600 3866 debitasque
629 3795 941 3865 persolvere
971 3795 1178 3850 laudes.
1225 3793 1486 3864 Optamus
1534 3790 1873 3846 sanctitatem

277 3892 516 3940 vestram
547 3883 604 3938 in
632 3883 848 3938 Christo
879 3884 1017 3938 bene
1049 3883 1249 3939 valere.
1283 3883 1421 3937 Data
1459 3881 1642 3936 Idibus
1680 3877 1872 3943 Iuniis,

279 3971 579 4028 indictione
609 3987 710 4026 xu.

907 4071 1253 4126 CCXXXIII.

696 4175 768 4214 AD
809 4174 1141 4214 ROSTAGNUM
1183 4173 1251 4212 ET
1288 4171 1465 4211 ALIOS.

753 4247 972 4320 Fragm.
1004 4277 1074 4286 —
1105 4248 1230 4315 (An.
1265 4247 1366 4299 879
1394 4243 1413 4313 )

357 4337 658 4392 Bosncno
687 4335 1104 4405 archiepiscopo
1139 4331 1457 4400 Arelatensi,
1477 4331 1776 4386 SIGIBOLDO
1793 4347 1880 4385 ar-

283 4423 632 4494 chiepiscopo
662 4423 1027 4488 Narbonensi,
1063 4430 1116 4476 et
1157 4422 1420 4476 Ronaaro
1467 4419 1880 4490 archiepiscopo

284 4511 545 4583 Aquensi,
578 4527 611 4566 a
640 4511 884 4582 paribus.

359 4599 648 4655 Veracium
703 4599 967 4654 relatione
1015 4596 1380 4668 comperimus
1423 4596 1726 4651 Gilbertum
1768 4596 1884 4650 Ne-

286 4703 637 4743 mausensem
667 4687 1034 4745 venerabilem
1066 4687 1401 4756 episcopum,
1435 4684 1582 4756 quod
1611 4684 1886 4756 quoddam

287 4776 678 4831 monasterium
708 4785 953 4830 nostmm
1001 4775 1148 4846 quod
1195 4789 1359 4844 super
1387 4773 1636 4828 eumdem
1667 4771 1883 4842 episco-

292 4879 425 4934 pum
456 4863 860 4934 acquisivimus,
893 4862 1011 4934 ipse
1043 4861 1315 4916 Gilberlus
1351 4869 1557 4916 temere
1602 4859 1882 4926 invaserit,

291 4960 628 5023 cunctasque
659 4968 745 5007 res
775 4951 944 5022 ipsius
972 4949 1285 5006 monasterii
1332 4965 1432 5020 per
1479 4963 1608 5003 suos
1635 4948 1886 5002 homines

289 5039 641 5105 distribuerit,
693 5048 744 5095 et
793 5040 936 5093 illius
984 5039 1281 5094 monachos
1325 5036 1449 5092 inde
1478 5044 1669 5092 contra
1709 5051 1887 5090 sacras

289 5128 511 5200 regulas
540 5128 761 5182 omnino
791 5127 1076 5197 expulerit.
1111 5126 1270 5195 Quod
1314 5133 1517 5178 tantum
1562 5125 1721 5179 nobis
1767 5123 1885 5178 dis-

289 5216 496 5288 plicuit,
556 5203 815 5288 quantum
843 5260 856 5279 ,
915 5217 1054 5271 sicut
1109 5215 1225 5286 ipse
1287 5213 1572 5268 nobiscum
1628 5211 1884 5281 advertis,

291 5304 506 5360 calcata
564 5305 867 5360 rererentia
913 5302 1344 5359 venerandorum
1375 5315 1642 5357 canonum
1699 5307 1890 5354 contra

291 5393 634 5465 privilegium
667 5393 980 5463 apostolica:
1011 5391 1156 5446 sedis
1187 5407 1312 5445 eum
1352 5389 1545 5445 fecisse
1569 5403 1679 5442 non
1707 5387 1887 5442 ambi-

291 5482 397 5553 gis.
454 5481 796 5552 Quapropter
849 5479 1160 5535 fraternitati
1212 5487 1313 5532 tuae
1364 5477 1649 5548 dirigimus
1683 5483 1740 5529 ut
1769 5475 1888 5530 vice

293 5578 479 5622 nostra
509 5585 629 5622 cum
662 5570 1024 5622 cont'ratribus
1069 5575 1122 5620 et
1165 5564 1502 5636 coepisc0pis
1535 5564 1732 5617 nostris
1757 5564 1888 5630 jun-

1954 545 2117 586 mune
2147 529 2475 601 colloquium
2506 533 2836 598 convocatis,
2887 543 2940 589 et
2983 551 3050 590 ex
3089 539 3408 596 auctoritate
3438 557 3544 598 no-

1953 626 2067 672 stra
2095 619 2432 676 conveniatis
2461 628 2517 673 ut
2546 621 2616 674 ab
2647 621 2794 675 omni
2827 621 3108 679 invasione
3148 625 3320 695 ipsius
3347 645 3544 684 mona-

1951 705 2100 760 sterii
2129 715 2236 759 tam
2280 723 2340 760 se
2371 724 2528 778 quam
2561 725 2691 762 suos
2739 719 3036 778 removeat,
3075 720 3128 766 et
3170 714 3394 770 ulterius
3441 733 3546 774 nec

1953 809 2040 847 res
2089 794 2227 862 ejus,
2279 811 2380 848 nec
2427 797 2726 851 monachos
2783 797 2892 852 illic
2950 799 3182 855 Domino
3223 800 3546 860 famulantes

1953 881 2250 936 molestare
2280 891 2595 953 praesumat.
2629 883 2784 952 Quod
2815 885 2861 938 si
2893 885 3010 954 ipse
3038 887 3201 942 surda
3225 903 3377 956 aure,
3401 892 3549 962 quod

1955 969 2116 1034 absit,
2147 986 2247 1040 per
2277 986 2375 1024 vos
2404 971 2609 1026 monita
2637 981 2818 1026 nostra
2861 974 3112 1040 audierit,
3163 983 3293 1032 tunc
3338 994 3403 1032 ex
3448 995 3549 1034 au-

1955 1057 2202 1113 ctoritate
2249 1058 2391 1114 beati
2442 1059 2585 1114 Petri
2633 1061 2883 1130 apostoli,
2925 1063 3013 1118 cui
3069 1063 3215 1119 idem
3270 1076 3550 1122 monaste-

1955 1145 2095 1200 rium
2123 1147 2376 1216 pertinet,
2412 1147 2573 1202 sxmul
2616 1155 2666 1202 et
2712 1157 2920 1215 nostra,
2969 1149 3118 1206 illum
3169 1169 3202 1207 a
3248 1153 3549 1212 ministerio

1957 1234 2277 1290 sacerdotali
2330 1235 2852 1292 excommunicando
2908 1241 3202 1310 suspende,
3264 1259 3550 1315 quousque

1956 1322 2084 1376 dum
2145 1333 2234 1376 aut
2278 1322 2348 1376 ab
2396 1323 2513 1394 ipsa
2555 1323 2836 1380 invasione
2883 1341 2944 1381 se
3000 1327 3299 1394 subtrahat,
3347 1338 3440 1385 aut
3478 1331 3549 1386 ad

1958 1411 2146 1464 sedem
2203 1411 2558 1481 apostolicam
2631 1413 2717 1467 vel
2772 1413 2841 1467 ad
2909 1422 3151 1469 nostram
3203 1417 3551 1487 praesentiam

1958 1498 2115 1552 nobis
2145 1498 2516 1554 satisfacturus
2543 1509 2806 1556 occurrat.
2840 1504 2982 1574 Agat
3025 1502 3082 1556 in
3127 1503 3212 1558 his
3263 1505 3554 1562 sanctimo-

1958 1585 2046 1640 nia
2075 1595 2165 1640 tua
2193 1587 2333 1642 sicut
2361 1587 2509 1642 illam
2539 1603 2706 1661 agere
2759 1588 2918 1645 decet
2947 1597 3003 1644 ut
3034 1598 3088 1646 et
3114 1607 3216 1647 nos
3229 1592 3344 1648 Deo
3358 1593 3552 1650 laudes

1960 1683 2013 1728 et
2042 1674 2137 1728 tibi
2167 1676 2374 1748 gratias
2402 1675 2724 1732 referamus.
2775 1677 2916 1732 Data
2959 1693 3101 1734 xvm
3130 1679 3254 1735 Kal.
3283 1681 3430 1747 Julii,
3460 1681 3549 1736 in-

1887 1791 1939 1850 B
1961 1761 2196 1818 dictione
2222 1777 2322 1818 xu.

2581 1871 2925 1928 CCXXXIV.

2352 1971 2422 2010 AD
2463 1972 2730 2013 SALONI’I‘A
2737 1975 2844 2014 N08
2877 1975 3154 2016 CLEBICOS.

2564 2047 2746 2116 (Anno
2790 2049 2941 2120 879.)

1963 2133 2221 2213 Monetut
2231 2133 2302 2213 od
2311 2136 2592 2213 gremium
2613 2138 2874 2213 ῌῳηᾳηαε
2885 2138 3149 2194 Ecclesia:
3158 2145 3522 2213 revertantur
3533 2163 3554 2213 ,-

2033 2208 2091 2258 et
2101 2205 2314 2278 electus
2326 2204 2392 2259 ab
2413 2207 2494 2260 eis
2523 2205 2976 2278 archiepiscopus
2995 2211 3477 2269 consecrationem
3496 2204 3555 2271 ei

2018 2275 2278 2354 'pallium
2308 2293 2350 2354 a_
2371 2291 2448 2340 se,
2482 2279 2538 2330 et
2569 2293 2683 2354 rion
2712 2275 2786 2354 ab
2813 2275 2934 2354 galia
2955 2281 3246 2354 accipiat;
3262 2287 3434 2354 utque
3465 2287 3550 2341 le-

2033 2348 2162 2415 gato
2191 2345 2446 2416 quaedam
2477 2347 2652 2401 verbis
2676 2349 2926 2404 relaturo
2955 2345 3124 2416 ﬁdem
3153 2345 3476 2409 adhibeant.

2035 2451 2524 2505 Reverendissimis
2571 2460 2622 2506 et
2663 2453 3017 2508 sanctissimis
3059 2455 3332 2528 episcopis
3362 2459 3554 2515 νιτΑιι

1965 2539 2221 2604 Adransi,
2255 2539 2536 2594 DouINIco
2568 2541 2879 2605 Absarensi,
2921 2543 3239 2615 caeterisque
3283 2546 3556 2619 episcopis

1966 2626 2299 2692 Dalmatinis,
2337 2644 2432 2682 seu
2461 2629 2668 2682 JOANNI
2685 2629 3160 2702 archipresbytero
3181 2642 3384 2690 sanctae
3412 2636 3559 2692 sedis

1968 2715 2313 2780 Salonitanae,
2345 2715 2707 2787 omnibusque
2737 2718 3114 2774 sacerdotibus
3153 2728 3206 2775 et
3252 2722 3559 2778 senioribus

1964 2803 2150 2872 populi
2207 2802 2594 2857 habitatoribus
2661 2804 2995 2874 Spalatensis
3067 2807 3336 2878 civitatis,
3397 2819 3561 2882 atque

1967 2890 2306 2956 Zadarensis,
2342 2899 2764 2962 cazterarumque
2800 2891 3096 2947 civitatum.

2040 2986 2302 3041 Pastorali
2333 2987 2696 3042 sollicitudine
2726 2988 2876 3053 moti,
2912 3005 3010 3043 vos
3041 2991 3195 3060 quasi
3224 3007 3356 3047 oves
3383 2993 3569 3049 Domi-

1969 3073 2122 3128 nicas
2159 3074 2316 3128 nobis
2373 3075 2427 3126 in
2485 3075 2645 3128 beato
2707 3075 2866 3130 Petro
2897 3076 3265 3146 apostolorum
3320 3080 3567 3153 principe

1973 3161 2312 3226 commissas,
2347 3162 2561 3216 dicente
2592 3162 2824 3218 Domino
2855 3180 2869 3216 :
2904 3165 2964 3220 Si
3002 3164 3195 3236 diligis
3234 3183 3344 3232 me,
3375 3168 3569 3226 Simon

1970 3252 2156 3314 Petre,
2189 3266 2352 3320 pasce
2370 3267 2492 3305 oves
2523 3266 2678 3306 meas
2701 3252 2881 3321 (Joan.
2910 3252 3056 3322 xxI),
3079 3252 3205 3308 licet
3222 3269 3322 3324 pro
3347 3255 3570 3313 assidua

1971 3337 2214 3410 gentium
2261 3337 2643 3417 persecutione
2695 3355 2836 3394 nunc
2894 3355 3070 3410 usque
3145 3340 3426 3412 impediti,
3485 3345 3572 3399 his

1939 3425 2136 3480 ‘modo
2161 3426 2495 3495 apostolatus
2526 3427 2696 3481 nostri
2744 3427 2938 3481 litteris
2973 3427 3188 3483 visitare
3238 3431 3570 3502 curavimus,

1973 3514 2330 3568 admonentes
2360 3513 2751 3569 fraternitatem
2783 3522 3018 3569 vestram
3048 3523 3125 3582 ut,
3156 3532 3308 3572 more
3336 3534 3574 3588 praeces-

1975 3617 2162 3656 sorum
2190 3609 2514 3668 vestrorum,
2549 3603 2618 3656 ad
2640 3602 2828 3657 sedem
2857 3602 3002 3656 beati
3021 3603 3163 3658 Petri
3182 3605 3432 3674 apostoli,
3453 3623 3575 3678 qua

1974 3699 2134 3760 caput
2162 3698 2215 3744 et
2243 3689 2508 3761 magistra
2557 3699 2642 3745 est
2680 3691 2921 3746 omnium
2968 3691 3340 3747 Ecclesiarum
3370 3694 3490 3761 Dei,
3525 3703 3578 3751 et

1975 3779 2043 3833 ad
2089 3795 2213 3844 nos,
2243 3779 2334 3850 qui
2391 3778 2441 3834 ei
2496 3777 2752 3834 divinitus
2809 3779 3186 3850 przesidemus,
3236 3789 3346 3837 toto
3392 3783 3573 3840 animo

1977 3866 2274 3938 libentique
2305 3867 2581 3922 voluntate
2611 3867 2812 3922 reverti
2838 3868 3122 3934 studeatis,
3157 3877 3421 3940 quatenus
3449 3871 3576 3927 inde

1977 3955 2173 4010 summi
2201 3956 2464 4010 honorem
2513 3955 2824 4021 sacerdotii,
2877 3955 3036 4010 totius
3083 3956 3432 4012 institutionis
3479 3974 3544 4015 ec

1978 4042 2296 4098 clesiasticae
2326 4042 2556 4097 formam
2586 4043 2830 4107 sumatis,
2863 4043 3008 4096 unde
3036 4052 3290 4113 parentes
3325 4060 3388 4100 ac
3430 4061 3546 4114 pm

1979 4145 2228 4186 cessores
2271 4139 2484 4184 vestros
2531 4129 2788 4184 mellitlua
2832 4137 3032 4185 sanctae
3072 4131 3470 4200 praedicationis
3518 4140 3573 4188 et

1979 4217 2241 4272 doctrinae
2270 4217 2582 4286 apostolicae
2611 4225 2828 4287 potasse
2875 4217 3073 4272 ﬂuenta
3103 4219 3358 4274 recolitis.
3392 4219 3576 4275 Remi-

1981 4304 2118 4360 nisci
2155 4320 2388 4376 namque
2437 4305 2647 4360 debetis
2705 4314 2902 4376 quanta
2938 4305 3161 4360 eosdem
3209 4322 3575 4378 praecessores

1983 4401 2192 4448 vestros
2222 4409 2486 4463 prospera
2504 4393 2908 4449 evidentissime
2930 4394 3341 4462 comitabantur,
3359 4396 3576 4467 quando

1909 4489 1960 4548 D
1983 4481 2052 4536 ad
2082 4481 2263 4535 limina
2293 4481 2436 4536 Petri
2463 4481 2701 4536 caelestis
2730 4483 2889 4556 regni
2933 4482 3192 4556 clavigeri
3235 4483 3430 4539 devoto
3471 4500 3574 4554 pe-

1981 4578 2129 4624 ctore
2159 4569 2311 4641 quasi
2340 4569 2544 4640 preprii
2573 4568 2668 4624 ﬁlii
2696 4571 3036 4626 conﬂuebant
3061 4589 3074 4638 ;
3109 4579 3163 4626 et
3191 4579 3392 4642 quanta
3419 4580 3576 4642 post-

1981 4659 2202 4713 modum
2233 4673 2376 4713 nunc
2408 4675 2580 4730 usque
2609 4659 2969 4714 sustinueritis
2998 4659 3245 4723 adversa,
3277 4674 3401 4714 cum
3421 4659 3490 4714 ab
3509 4675 3576 4715 ea

1983 4761 2081 4801 vos
2111 4746 2268 4818 quasi
2295 4746 2501 4801 alienos
2531 4762 2793 4816 separare
2820 4763 2930 4802 non
2975 4745 3280 4800 dubitastis.
3323 4745 3576 4818 Quapro-

1983 4842 2106 4905 pter
2133 4850 2232 4890 vos
2261 4834 2553 4905 plurimum
2582 4835 2889 4906 diligentes,
2941 4850 3050 4890 non
3095 4849 3162 4889 ea
3203 4850 3323 4905 quae
3369 4843 3572 4909 vestra,

1985 4923 2079 4977 sed
2129 4938 2226 4978 vos
2264 4931 2591 4994 quaerentes,
2641 4931 2863 4993 paterna
2909 4922 3240 4994 benignitate
3285 4937 3576 4980 monemus

1985 5019 2146 5082 atque
2190 5012 2469 5066 hortamur
2514 5019 2590 5080 ut,
2659 5011 2793 5066 sicut
2854 5010 3124 5079 diximus,
3170 5012 3242 5066 ad
3307 5013 3578 5082 gremium

1987 5107 2186 5155 sanctae
2242 5099 2496 5155 Romanae
2559 5099 2822 5154 Ecclesiae
2893 5099 3081 5153 matris
3139 5107 3337 5156 vestra:
3393 5101 3577 5156 redire

1987 5205 2218 5252 ovanter
2247 5194 2558 5261 attendatis,
2593 5201 2650 5247 ut
2682 5193 2888 5248 electus
2918 5209 2951 5248 a
2977 5193 3151 5248 .vobis
3199 5195 3461 5251 canonice
3487 5211 3576 5250 ar-

1987 5285 2370 5355 chiepiscopus
2398 5299 2500 5336 una
2529 5298 2654 5336 cum
2701 5290 2884 5336 vestro
2930 5281 3172 5337 omnium
3201 5299 3495 5349 consensu,
3529 5293 3584 5339 et

1989 5372 2263 5426 voluntate
2293 5371 2360 5424 ad
2391 5386 2491 5424 nos
2521 5369 2744 5424 veniens
2773 5369 3006 5441 gratiam
3037 5369 3362 5442 episc0palis
3391 5387 3582 5428 conse-

1991 5460 2250 5517 crationis
2281 5474 2606 5530 sacrumque
2634 5458 2854 5528 pallium
2885 5475 2914 5512 a
2963 5459 3120 5514 nobis
3163 5476 3311 5515 more
3355 5460 3583 5530 pristino

1993 5557 2370 5610 incunctanter
2400 5553 2683 5623 percipiat,
2718 5563 2769 5607 ut
2802 5554 3032 5624 gratiam
3071 5563 3118 5607 et
3157 5555 3585 5609 benedictionem
