4160 6302
668 318 772 373 8-47

1965 301 2263 358 J)ANNIS
2320 299 2512 354 ΡΑΡιΕ
2572 301 2711 355 Vill.

3853 289 3959 343 818

664 457 721 514 S.
781 452 928 512 Petri
978 466 1049 510 ac
1090 459 1333 508 nostram
1387 449 1668 513 habentes,
1715 462 1747 502 a
1789 445 1950 501 malis
2003 423 2527 514 omnibusAcfmdo
2557 423 2850 514 δυεΡεῗίιίίςν
2883 435 3168 514 (ιυουεψιξδ
3215 419 3346 514 diu“
3389 424 3481 471 ειη
3505 415 3741 514 εβξρεθ
3789 412 3953 514 inf“:

662 544 842 613 liberi,
874 549 927 598 et
954 540 1116 597 bonis
1141 537 1414 595 universis
1442 535 1654 608 repleti,
1689 543 1742 590 et
1765 535 1855 590 hic
1902 534 1959 588 in
2005 530 2263 603 praesenti

663 631 851 689 seculo
906 627 1211 701 gaudeatis,
1252 633 1306 682 et
1352 625 1410 680 in
1462 624 1642 680 futuro
1692 638 1814 679 cum
1869 621 2105 676 Domino
2145 618 2264 674 sine

659 719 773 775 ﬁne
793 717 991 790 procul
1014 715 1180 771 dubio
1209 713 1508 770 exsultetis.
1531 713 1699 767 Porro
1731 710 1779 766 si
1797 708 2001 781 aliquid
2020 708 2089 763 de
2108 713 2264 778 parte

662 807 987 865 Grmcorum
1015 804 1103 861 vel
1131 802 1449 859 Solavorum
1476 815 1642 871 super
1669 806 1852 855 vestra
1868 797 1939 853 ad
1959 812 2061 852 nos
2080 811 2266 852 rever-

662 895 823 954 sione
845 893 936 950 vel
990 891 1402 948 consecratione
1447 895 1539 943 aut
1588 887 1657 942 de
1710 885 1863 958 pallii
1908 883 2264 956 perceptione

664 980 943 1051 dubitatis,
974 979 1165 1037 scitote
1192 992 1294 1050 pro
1322 982 1475 1033 certo
1504 974 1762 1047 quoniam
1812 988 1915 1029 nos
1964 971 2265 1028 secundum

664 1077 974 1128 sanctorum
1002 1068 1223 1124 Patrum
1249 1065 1707 1135 decessorumque
1736 1069 2052 1118 nostrorum
2081 1059 2264 1131 ponti-

663 1156 827 1216 ﬁcum
867 1163 1065 1212 statuta
1109 1168 1209 1210 vos
1253 1152 1510 1222 adjuvare
1566 1149 1887 1206 auctoritate
1926 1147 2260 1204 curabimus.

664 1245 825 1316 Quod
852 1245 900 1300 si
928 1242 1071 1300 forte
1098 1243 1241 1298 hanc
1266 1249 1513 1297 nostram
1538 1238 1894 1310 apostolicam
1934 1235 2264 1292 admonitio-

667 1350 812 1403 nem,
844 1333 959 1388 imo
980 1330 1301 1388 canonicam
1341 1328 1786 1400 praeceptionem,
1819 1341 1923 1397 pro
1960 1324 2131 1380 nihilo
2158 1323 2264 1378 du—

663 1429 870 1488 centes,
917 1420 989 1479 ad
1054 1419 1243 1474 sedem
1283 1416 1637 1489 apostolicam
1685 1416 1947 1471 Romanas
2002 1412 2266 1469 Ecclesiae

664 1509 862 1576 redire,
895 1515 951 1564 et
976 1506 1105 1562 inde
1131 1505 1434 1566 secundum
1465 1504 1747 1577 antiquam
1766 1517 2038 1568 normam,
2070 1516 2266 1556 conse-

660 1596 965 1656 crationem
992 1593 1363 1667 episcopalem
1390 1608 1713 1664 sacrumque
1756 1590 1979 1663 pallium
2015 1589 2266 1660 recipere

661 1682 1119 1756 contempseritis,
1165 1681 1316 1738 omni
1357 1679 1693 1738 ecclesistica
1741 1695 1842 1735 vos
1881 1677 2264 1735 communione

665 1773 857 1831 scitote
910 1770 1128 1844 penitus
1183 1768 1759 1827 excommunicandos.
1819 1766 2039 1822 Interim
2084 1774 2265 1820 tamen

661 1823 1123 1919 auctoritatis—Rei
1139 1823 1407 1915 etv
1447 1823 1594 1913 Petri
1634 1823 1790 1913 vobis
1830 1854 2181 1926 praecipimus
2206 1860 2266 1909 ut
2289 1823 2342 1832 Η
2364 1827 2491 1926 quia
2685 1825 3043 1926 θδθνίδίῗίωηδ
3078 1823 3222 1926 mi“:

661 1965 773 2006 non
801 1947 1047 2005 habeatis
1076 1945 1347 2004 licentiam
1374 1944 1593 2000 aliunde
1636 1943 2106 2000 consecrationem
2148 1941 2264 2012 pal-

661 2037 902 2109 liumque
929 2034 1200 2106 recipere.
1229 2033 1373 2090 Nam
1400 2032 1448 2088 si
1472 2031 1730 2099 feceritis,
1763 2031 1919 2104 quasi
1947 2039 2263 2104 transgres-

662 2140 820 2183 sores
848 2131 905 2181 et
947 2122 1324 2180 inobedientes
1372 2136 1473 2178 vos
1513 2121 1631 2176 sine
1664 2119 1833 2175 dubio
1873 2118 2260 2188 judicabimus.

665 2213 819 2269 Hanc
846 2218 1025 2268 autem
1052 2210 1226 2266 nostri
1254 2208 1591 2282 apostolatus
1619 2207 1904 2280 epistolam
1941 2205 2264 2262 fraternitati

662 2307 859 2356 vestras
885 2312 988 2371 per
1028 2298 1170 2354 hunc
1211 2303 1536 2368 praesentem
1582 2296 1847 2352 Joannem
1890 2293 2264 2351 venerabilem

657 2388 1064 2461 presbyterum,
1100 2385 1320 2442 ﬁdelem
1365 2383 1689 2439 familiarem
1734 2390 1999 2444 nostrum,
2054 2381 2262 2437 direxi-

656 2491 802 2544 mus,
861 2475 951 2532 cui
999 2473 1208 2530 scilicet
1264 2472 1444 2544 aliqua
1498 2471 1826 2541 injunximus
1881 2471 2036 2526 vobis
2091 2470 2262 2527 verbo

656 2571 816 2620 tenus
871 2561 1176 2628 referenda,
1209 2568 1264 2617 et
1315 2561 1441 2616 ideo
1496 2559 1573 2615 illi
1619 2559 1801 2615 omnia
1849 2575 1970 2630 quae
2012 2559 2080 2613 de
2108 2566 2264 2630 parte

656 2659 848 2707 nostra
877 2649 1074 2708 dixerit
1120 2648 1296 2717 vobis,
1348 2648 1576 2705 credere
1620 2647 1932 2702 nullatenus
1980 2646 2257 2702 dubitetis.

656 2739 948 2811 Ipsumque
991 2736 1296 2808 epistolam,
1328 2743 1388 2790 ut
1435 2735 1506 2791 ad
1551 2735 1792 2791 omnium
1829 2742 2069 2791 vestrum
2115 2734 2261 2790 noti-

660 2825 792 2882 tiam
819 2824 1010 2893 ferant,
1042 2825 1192 2880 bulla
1217 2831 1405 2879 nostra
1428 2823 1691 2892 jussimus
1734 2822 1791 2876 in
1839 2821 1989 2878 calce
2037 2821 2258 2895 signari.

662 2915 802 2970 Data
829 2927 871 2967 ι
898 2912 987 2968 die
1014 2911 1220 2968 mensis
1248 2909 1414 2978 Junii,
1446 2910 1740 2967 indictione
1771 2925 1879 2964 xu.

1296 3016 1614 3073 CCXXXV.

1069 3119 1142 3160 AD
1183 3119 1320 3161 τηε
1357 3119 1840 3161 ARCHIEPISCOPOS.
1910 3161 1918 3172 ,

1276 3194 1458 3267 (Anno
1486 3194 1635 3263 8'79.)

663 3285 730 3346 Ut
761 3286 1198 3356 Nemausensem
1213 3284 1535 3356 episcopum
1554 3298 1590 3338 α
1606 3280 1945 3356 monasterii
1963 3279 2261 3356 cujusdam.

732 3359 930 3428 iniqua
947 3350 1258 3428 inuasione"
1285 3350 1632 3419 reniovcant,
1665 3355 1723 3408 et
1749 3352 1801 3407 si
1836 3365 1951 3406 non
2000 3350 2261 3422 paruerit

731 3427 1249 3484 exconununtcent.

725 3516 1030 3573 BOBTAGNO
1060 3511 1468 3584 archiepiscopo
1506 3510 1830 3576 Arelatensi,
1877 3510 2143 3566 SIGIBODO
2172 3524 2260 3565 ar-

657 3603 1008 3675 chiepiscopo
1060 3600 1442 3666 Narbonensi,
1495 3585 1797 3656 Rorasaro
1841 3597 2259 3669 archiepiscopo

658 3690 921 3764 Aquensi,
961 3705 997 3746 a
1022 3689 1269 3761 paribus.

730 3777 1014 3834 Veracium
1041 3775 1298 3832 relatione
1326 3774 1690 3847 comperimus
1719 3775 2002 3831 Gibertum
2021 3775 2256 3831 Nemau-

661 3881 883 3924 sensem
908 3863 1279 3922 venerabilem
1308 3865 1642 3936 episcopum,
1674 3864 1821 3936 quod
1849 3863 2125 3936 quoddam
2140 3878 2257 3920 mo-

660 3947 964 4006 nasterium
991 3953 1255 4013 nostrum,
1289 3947 1435 4020 quod
1463 3962 1628 4018 super
1659 3946 1912 4003 eumdem
1938 3945 2258 4018 episcopum

657 4036 1067 4111 acquisivimus,
1098 4035 1218 4108 ipse
1265 4034 1523 4092 Gibertus
1563 4042 1768 4092 temere
1810 4035 2090 4105 invaserit,
2131 4051 2256 4091 om-

658 4141 867 4198 nesque
895 4140 991 4181 res
1015 4123 1190 4197 ipsius
1217 4123 1533 4180 monasterii
1559 4140 1661 4196 per
1689 4139 1821 4179 suos
1865 4123 2116 4180 homines
2145 4123 2257 4178 dis-

659 4213 927 4281 tribuerit,
986 4220 1041 4270 et
1094 4212 1238 4268 illius
1290 4214 1591 4270 monachos
1645 4211 1772 4268 inde
1835 4219 2024 4268 contra
2077 4227 2257 4267 sacras

660 4302 877 4376 regulas
922 4301 1146 4358 omnino
1187 4301 1472 4372 expulerit.
1515 4299 1675 4369 Quod
1719 4307 1927 4355 tantum
1970 4301 2131 4356 nobis
2168 4299 2256 4354 di-

658 4391 896 4463 splicuit,
927 4397 1190 4462 quantum
1218 4388 1360 4444 sicut
1387 4389 1506 4459 ipse
1532 4388 1821 4444 nobiscum
1849 4388 2111 4455 advortis,
2144 4386 2259 4444 cal-

2363 511 2516 567 sione
2547 528 2607 566 se
2636 511 2932 576 subtrahat,
2965 516 3058 563 aut
3087 508 3156 563 ad
3187 507 3377 562 sedem
3404 502 3759 576 apostolicam
3776 500 3867 556 vel
3882 498 3956 555 ad

2362 607 2607 655 nostram
2660 598 3005 670 przesentiam
3061 595 3221 651 nobis
3272 592 3643 649 satisfacturus
3683 596 3954 646 occurrat.

2363 691 2502 760 Agat
2529 687 2586 742 in
2608 688 2692 742 his
2721 685 3078 742 sanctimonia
3104 692 3196 739 tua
3226 684 3365 739 sicut
3389 682 3541 737 illam
3574 695 3744 754 agere
3771 678 3956 741 decet,

2363 785 2420 831 ut
2447 784 2502 830 et
2528 791 2630 832 nos
2656 777 2772 831 Deo
2803 774 2996 830 laudes
3024 782 3079 828 et
3107 773 3205 827 tibi
3233 770 3440 845 gratias
3470 769 3791 825 referamus.
3816 766 3959 821 Data

2362 879 2506 918 xvm
2536 864 2774 920 Kalend.
2812 862 3005 927 Julias,
3038 861 3224 917 indict.
3257 876 3352 914 xu.

2995 966 3337 1023 CCXXXVI.

2613 1055 2685 1094 AD
2724 1054 3044 1094 MICHARLEM
3082 1052 3271 1093 REGEN
3308 1048 3698 1092 Βυιαιυιοιιωί.

2948 1110 3129 1179 (Anno
3168 1107 3318 1175 879.)

2366 1183 2439 1237 De
2464 1182 2740 1252 legatione
2757 1198 2822 1236 ac
2845 1175 3170 1252 muneribus
3193 1181 3381 1235 missis
3398 1178 3613 1252 gratias
3632 1178 3750 1249 agit
3763 1195 3782 1232 :
3800 1175 3959 1231 dolet

2435 1248 2564 1308 enin
2592 1252 2859 1323 defecisse
2889 1251 2956 1305 ab
2971 1248 3508 1323 Ecclesiaﬂomdna,
3541 1248 3613 1323 ad
3646 1248 3817 1323 Quam
3836 1262 3956 1302 mo-

2436 1268 2564 1308 eum
2592 1264 2859 1323 defecisse
2889 1264 2956 1305 ao
2971 1264 3220 1306 ecclesia
3241 1264 3508 1317 riemann,
3541 1264 3613 1304 aa
3680 1264 3817 1302 uam
3836 1264 3956 1302 mo-

2436 1326 2533 1378 net
2562 1327 2631 1378 ut
2656 1324 2976 1378 revertatur
3004 1341 3022 1385 ;
3048 1320 3294 1376 ostendit
3334 1321 3547 1376 Graecos
3577 1264 3956 1390 Butigarorum

2412 1393 2735 1458 'ditecesim,
2767 1409 2899 1447 cum
2925 1393 3002 1447 sit
3032 1393 3268 1447 Romani
3297 1391 3599 1463 pontiﬁcis,
3630 1392 3832 1446 contra
3861 1403 3931 1444 ca

2434 1480 2608 1518 nones
2637 1463 2910 1518 detinere.

2434 1480 2608 1520 nones
2637 1463 2910 1519 detinere.

2433 1561 2642 1619 Dilecto
2684 1577 2749 1617 ac
2795 1559 3029 1631 spiritali
3071 1558 3181 1614 ﬁlio
3229 1559 3504 1613 MlCHAELl
3546 1555 3790 1630 glorioso
3834 1554 3951 1629 regi

2362 1649 2747 1723 Bulgarorum.

2289 1773 2344 1832 B
2433 1738 2632 1793 Multas
2659 1737 2826 1809 regiae
2855 1735 3191 1792 excellentia:
3232 1742 3429 1792 vestras
3469 1733 3949 1805 gratias‘agimus,

3268 1823 3453 1880 divino
3498 1823 3743 1894 repletus
3771 1836 3957 1877 amore

2363 1915 2744 1987 paternitatem
2772 1923 3018 1970 nostram
3043 1929 3143 1984 per
3188 1912 3502 1969 Functicum
3537 1911 3797 1968 eximium
3824 1909 3959 1966 iide-

2363 2004 2471 2060 lem
2501 2011 2740 2060 vestrum
2768 2003 2984 2059 visitare
3009 2001 3303 2074 missisque
3344 2001 3504 2057 donis
3546 2001 3826 2056 honorare
3854 2015 3955 2057 cu-

2363 2093 2515 2159 rasti,
2546 2108 2647 2164 per
2667 2109 2829 2164 quem
2856 2099 2962 2147 tua:
2992 2091 3184 2146 salutis
3223 2089 3647 2147 incolumitatem
3679 2089 3957 2145 omnium-

2364 2197 2470 2252 que
2496 2180 2737 2236 ﬁdelium
2766 2187 2983 2236 tuorum
3011 2179 3291 2235 audientes
3324 2177 3765 2250 prosperitatem,
3798 2177 3959 2234 valde

2363 2285 2552 2325 sumus
2581 2268 2778 2342 gavisi.
2810 2269 2924 2324 Nos
2953 2275 3137 2323 autem
3156 2275 3209 2323 et
3228 2267 3429 2323 nostris
3447 2266 3684 2322 assiduis
3703 2265 3960 2338 precibus

2362 2365 2490 2414 ante
2517 2356 2948 2415 sacratissimum
2982 2358 3048 2411 B.
3104 2355 3246 2412 Petri
3281 2355 3651 2428 apostolorum
3693 2354 3961 2426 principis

2362 2462 2558 2517 corpus
2587 2453 2850 2510 astantes,
2884 2453 2937 2500 et
2981 2452 3034 2500 te
3071 2452 3125 2499 et
3147 2459 3339 2500 omnes
3381 2443 3655 2515 principes
3682 2450 3806 2499 tuos
3830 2458 3957 2499 om-

2348 2550 2596 2606 .nemque
2624 2533 2885 2605 populum
2915 2541 3068 2588 tuum
3110 2533 3238 2588 Jesu
3286 2531 3501 2588 Christo
3539 2531 3777 2587 Domino
3804 2547 3958 2586 sem-

2361 2639 2463 2693 per
2491 2622 2875 2678 commendare
2905 2621 3211 2689 studemus,’
3254 2628 3308 2676 et
3348 2619 3726 2676 benedicimus
3752 2619 3874 2688 tibi,
3906 2627 3961 2676 et

2361 2710 2507 2766 omni
2537 2710 2740 2782 papulo
2771 2717 2884 2776 tuo,
2911 2709 3170 2781 omnique
3199 2725 3369 2781 regno
3398 2717 3512 2775 tuo,
3543 2715 3604 2764 ut
3630 2716 3685 2764 et
3711 2723 3749 2763 a
3774 2707 3961 2764 visibi-

2360 2798 2502 2853 libus
2559 2807 2613 2854 et
2669 2797 3034 2855 invisibilibus
3089 2797 3340 2853 hostibus
3391 2796 3653 2854 liberatus
3672 2839 3689 2862 ,
3746 2796 3958 2868 Deique

2361 2886 2563 2943 auxilio
2591 2887 2828 2956 adiutus,
2880 2885 3226 2943 inimicorum
3269 2893 3481 2942 tuorum
3526 2900 3746 2956 semper
3781 2884 3958 2942 victor

2361 2975 2582 3045 existas,
2615 2983 2668 3030 et
2693 2975 2761 3030 ad
2789 2975 3030 3046 palmam
3060 2990 3315 3047 supernae
3340 2973 3642 3031 vocationis
3678 2973 3957 3046 gloriosus

2361 3063 2660 3136 pertingas.
2692 3064 2761 3120 Ut
2807 3063 2925 3134 ipse
2973 3063 3067 3136 qui
3110 3062 3305 3137 gratias
3347 3079 3458 3119 sua:
3502 3061 3756 3134 largitate
3785 3068 3839 3117 et
3866 3076 3959 3118 re-

2287 3118 2337 3182 Ο
2359 3118 2527 3224 gnum
2541 3118 2655 3206 ‘tibi
2678 3118 2960 3208 terrenum
2988 3118 3277 3217 concessit,
3311 3158 3366 3206 et
3382 3118 3737 3207 illuminth
3761 3149 3954 3208 oculos

2356 3239 2556 3296 mentis
2582 3248 2689 3296 tuae
2716 3239 2858 3296 viam
2887 3239 3126 3295 veritatis
3154 3239 3410 3307 ostendit,
3444 3247 3501 3295 et
3522 3239 3594 3294 de
3624 3237 3866 3295 tenebris
3884 3237 3958 3293 ad

2356 3345 2545 3385 veram
2589 3328 2768 3385 lucem
2814 3328 3084 3400 perduxit,
3116 3345 3289 3400 usque
3337 3327 3407 3384 ad
3450 3325 3618 3384 ﬁnem
3662 3326 3720 3382 in
3761 3326 3957 3383 eadem

2359 3424 2548 3473 sancta
2577 3415 2686 3472 ﬁde
2715 3423 2769 3472 et
2797 3416 2956 3472 bonis
2974 3417 3230 3488 operibus
3250 3423 3672 3488 perseverantes
3700 3414 3883 3472 salvos
3901 3422 3958 3472 et

2355 3505 2657 3561 incolumes
2697 3505 2954 3578 dignetur
2997 3506 3322 3576 perducere,
3353 3512 3413 3560 ut
3455 3511 3581 3576 post
3609 3501 3777 3560 tinem
3803 3518 3953 3574 pras—

2357 3593 2527 3649 sentis
2555 3593 2696 3659 vitae,
2724 3610 2826 3665 per
2855 3593 3278 3650 intercessiones
3325 3600 3636 3649 sanctorum
3670 3590 3953 3664 apostolo-

2357 3698 2477 3738 rum
2506 3682 2650 3738 Petri
2691 3689 2745 3738 et
2783 3683 2952 3752 Pauli,
3004 3698 3233 3756 regnum
3280 3681 3465 3738 valeas
3504 3681 3730 3738 cmleste
3767 3680 3952 3752 perci-

2354 3786 2519 3842 pere;
2551 3771 2605 3825 in
2635 3786 2743 3843 quo
2783 3769 2875 3826 illa
2903 3771 3088 3826 omnia
3106 3771 3268 3838 bona,
3300 3786 3421 3843 quas
3447 3769 3638 3826 oculus
3659 3784 3770 3825 non
3797 3768 3950 3835 vidit,

2356 3875 2458 3916 nec
2485 3857 2636 3914 auris
2664 3859 2886 3925 audivit,
2920 3875 3024 3916 nec
3050 3858 3106 3914 in
3150 3875 3245 3915 cor
3291 3857 3527 3914 hominis
3568 3858 3952 3925 ascenderunt,

2355 3964 2480 4004 cum
2509 3947 2712 4004 sanctis
2741 3947 2995 4003 omnibus
3025 3947 3184 4003 simul
3221 3947 3477 4019 accipias,
3507 3963 3631 4020 quas
3670 3945 3952 4020 diligenti-

2355 4036 2458 4091 bus
2516 4052 2576 4090 se
2631 4036 2701 4090 ab
2743 4035 2959 4110 origine
2995 4036 3185 4091 mundi
3242 4034 3557 4107 praeparavit
3604 4034 3951 4106 omnipotens

2356 4123 2618 4180 Dominus
2644 4125 2697 4194 (Ι
2746 4124 2868 4182 Cor.
2914 4124 2998 4196 ιι).
3049 4124 3158 4180 Sed
3186 4139 3299 4180 non
3340 4122 3556 4180 modica
3588 4138 3691 4179 nos
3718 4121 3951 4188 tristitia,

2355 4227 2388 4268 ο
2417 4211 2489 4266 tili
2519 4212 2858 4279 charissima,
2891 4211 3185 4283 replevisti,
3208 4211 3337 4284 quia
3382 4211 3572 4268 sedem
3606 4210 3755 4267 beati
3782 4208 3948 4279 Petri,

2355 4299 2594 4357 caelestis
2619 4299 2777 4372 regni
2803 4300 3084 4374 clavigeri,
3117 4301 3210 4373 qui
3237 4300 3335 4355 tibi
3351 4300 3408 4356 in
3436 4299 3727 4356 manifesta
3742 4298 3952 4356 visione

2356 4389 2602 4460 apparuit
2643 4397 2697 4443 et
2742 4397 3104 4460 Opportunum
3131 4387 3389 4444 auxilium
3435 4387 3687 4459 praebuit,
3732 4386 3951 4460 reliqui—

659 4487 781 4536 cata
806 4479 1118 4536 reverentia
1145 4476 1587 4532 venerandorum
1616 4491 1904 4543 canonum,
1925 4485 2119 4532 contra
2146 4477 2259 4548 pri-
2286 4471 2339 4532 D
2361 4477 2447 4547 sti,
2479 4493 2603 4534 cum
2631 4477 2752 4548 ipsa
2785 4478 2945 4533 sedes
2987 4485 3150 4548 caput
3195 4485 3250 4533 et
3295 4475 3551 4550 magistra
3597 4475 3668 4532 sit
3708 4475 3951 4533 omnium

655 4566 920 4640 vilegium
947 4563 1262 4637 apostolicae
1289 4563 1437 4619 sedis
1465 4579 1591 4619 eum
1620 4563 1816 4620 fecisse
1862 4579 1972 4620 non
1998 4564 2252 4638 ambigis.

658 4655 1006 4726 Quapropter
1031 4651 1349 4708 fraternitati
1374 4658 1482 4707 tum
1510 4650 1795 4723 dirigimus
1824 4659 1884 4706 ut
1922 4652 2040 4709 vice
2069 4661 2258 4710 nostra

659 4759 781 4799 cum
824 4740 1189 4799 confratribus
1248 4747 1303 4794 et
1369 4738 1712 4811 coepiscopis
1785 4740 1986 4795 nostris
2035 4740 2257 4810 junctus

657 4831 913 4886 eumdem
939 4829 1376 4884 Nemausensem
1405 4827 1723 4898 episcopum
1742 4827 1810 4882 ad
1839 4842 2127 4885 commune
2142 4829 2256 4886 col-

656 4918 902 4990 loquium
929 4915 1264 4982 convocatis,
1297 4924 1351 4972 et
1378 4931 1445 4972 ex
1473 4916 1789 4972 auctoritate
1835 4925 2026 4973 nostra
2049 4934 2255 4976 conve-

656 5005 837 5076 niatis,
867 5013 926 5061 ut
951 5005 1021 5060 ab
1064 5004 1217 5061 omni
1262 5003 1543 5062 invasione
1588 5004 1762 5076 ipsius
1806 5007 2117 5062 monasterii
2148 5016 2256 5064 tam

655 5111 716 5151 se
747 5109 914 5166 quam
943 5108 1072 5150 suos
1099 5101 1397 5161 removeat,
1432 5101 1483 5148 et
1513 5092 1736 5148 ulterius
1764 5109 1868 5151 nec
1897 5110 1986 5150 res
2016 5095 2135 5164 ejus
2153 5112 2257 5153 nec

654 5182 950 5239 monachos
974 5181 1085 5238 illic
1131 5182 1368 5238 Domino
1415 5181 1738 5238 famulantes
1785 5182 2081 5240 molestare
2108 5199 2255 5255 prte-

652 5279 850 5327 sumat.
884 5269 1049 5340 Quod
1075 5269 1123 5326 si
1143 5269 1262 5342 ipse
1294 5271 1460 5326 surda
1490 5285 1643 5340 aure,
1669 5272 1816 5343 quod
1844 5270 2005 5339 absit,
2035 5287 2137 5343 per
2155 5287 2255 5330 vos

653 5358 857 5416 monita
884 5366 1074 5416 nostra
1100 5358 1354 5428 audierit,
1387 5367 1515 5416 tunc
1544 5375 1611 5416 ex
1650 5358 1964 5416 auctoritate
1997 5361 2057 5415 B.
2108 5360 2256 5417 Petri

650 5446 883 5520 apostoli
929 5448 1014 5504 cui
1071 5447 1217 5504 idem
1270 5447 1662 5504 monasterium
1707 5446 1960 5520 pertinet,
1993 5447 2156 5504 simul
2200 5455 2256 5505 et

649 5542 849 5603 nostra,
897 5536 1050 5593 illum
1095 5553 1127 5594 a
1174 5537 1476 5595 ministerio
1513 5535 1840 5595 sacerdotali
1885 5535 2255 5594 excommuni-

2353 4565 2719 4621 Ecclesiarum
2748 4565 2868 4631 Dei,
2901 4566 2971 4620 ad
3000 4567 3152 4636 cujus
3182 4572 3458 4622 auctorem
3485 4565 3702 4622 beatum
3735 4565 3953 4620 Petrum

2356 4669 2390 4709 a
2416 4654 2650 4710 Domino
2679 4653 2885 4710 dictum
2913 4662 2995 4709 est
3017 4671 3030 4708 :
3062 4657 3234 4712 Pasce
3253 4670 3377 4711 oves
3398 4655 3753 4726 meaonan.
3778 4652 3945 4724 χχιι),

2357 4749 2409 4797 et
2436 4740 2525 4796 cui
2566 4741 2778 4798 traditae
2823 4750 2949 4797 sunt
2986 4742 3170 4799 claves
3188 4742 3348 4814 regni
3391 4741 3670 4808 calorum,
3716 4750 3779 4798 ut
3805 4754 3950 4814 quae-

2355 4846 2571 4902 cunque
2599 4830 2853 4902 ligaverit
2881 4847 3046 4902 super
3078 4839 3300 4893 terram,
3340 4831 3511 4903 ligata
3533 4837 3793 4887 maneant
3814 4837 3869 4887 et
3894 4828 3950 4884 in

2356 4918 2549 4985 ctelis;
2581 4927 2634 4974 et
2665 4935 3001 4991 quaecunque
3031 4920 3256 4976 solverit
3285 4935 3448 4991 super
3475 4926 3693 4983 terram,
3714 4917 3826 4974 sint
3853 4932 3946 4974 so-

2354 5007 2469 5065 luta
2510 5014 2564 5062 et
2600 5007 2657 5062 in
2703 5008 2859 5064 caelis
2900 5009 3120 5080 (Matth.
3169 5009 3311 5073 xw).
3363 5008 3658 5064 Revertere
3696 5007 3832 5076 jam,
3872 5003 3947 5061 fili

2355 5095 2744 5163 amantissime,
2777 5097 2846 5152 ad
2883 5104 3126 5154 sanctam
3172 5104 3406 5152 matrem
3456 5104 3600 5152 tuam
3643 5095 3945 5152 Romanam

2356 5182 2675 5251 Ecclesium,
2708 5200 2831 5256 quae
2885 5193 2937 5240 te
2995 5185 3254 5256 religioso
3299 5193 3452 5242 utero
3506 5184 3713 5257 genuit,
3764 5191 3819 5239 et
3852 5197 3948 5255 per

2355 5288 2517 5344 quam
2569 5273 2733 5329 totius
2773 5272 3057 5344 religionis
3101 5282 3157 5328 et
3194 5273 3418 5343 justiﬁes
3464 5271 3713 5342 formam,
3758 5277 3944 5328 sancto

2353 5360 2763 5431 praedecessore
2788 5369 2982 5418 nostro
3012 5361 3240 5419 Nicolao
3263 5361 3498 5434 praesule
3519 5361 3788 5428 mittente,
3820 5375 3942 5416 sus-

2355 5448 2580 5520 cepisti;
2612 5457 2666 5504 et
2692 5465 2815 5522 quas
2860 5449 3103 5506 omnium
3145 5450 3391 5522 gentium
3429 5449 3627 5506 retinet
3670 5448 3943 5520 principa-

2357 5543 2485 5604 tum,
2519 5543 2573 5592 et
2601 5536 2672 5593 ad
2701 5552 2862 5609 quam
2890 5537 3054 5596 totius
3081 5538 3289 5606 mundi,
3320 5537 3477 5610 quasi
3519 5537 3590 5594 ad
3626 5552 3797 5594 unam
3820 5551 3940 5593 ma-
