4160 6308
252 261 355 310 849

1388 269 1736 323 EPISTULJC
1800 272 1884 325 ΕΤ
1944 274 2120 330 DECR
2134 279 2281 331 ΕἸἈ.

3439 296 3539 345 850

252 390 491 477 tremuet
544 400 705 477 unum
752 394 930 453 caput,
1003 390 1329 441 conveniunt
1400 393 1666 447 nationes.
1726 396 1849 448 Noli
1872 401 1927 456 Α
1957 401 2201 454 nuntiare
2234 412 2317 454 aut
2351 406 2648 472 praedicare
2679 409 3104 477 praesumpserit,
3141 412 3255 464 zelo
3306 414 3402 467 Dei
3450 429 3547 467 ac-

255 469 492 538 amplius
540 470 799 524 deserere
828 479 1054 525 matrem
1106 481 1269 539 tuam,
1311 477 1435 546 quia
1480 478 1571 532 illa
1621 481 1697 533 tui
1745 497 1852 535 non

253 556 627 623 obliviscitur;
684 559 811 629 quin
857 560 1033 630 potius
1083 564 1235 632 quasi
1292 566 1505 620 unicam
1545 567 1741 640 diligit,
1802 576 1853 623 et

256 662 476 715 semper
531 647 847 701 memoriam
896 650 973 702 tui
1022 666 1204 705 coram
1268 654 1498 707 Domino
1554 656 1696 710 facit.
1730 658 1851 711 Non

255 734 402 787 enim
436 734 636 788 licitum
671 735 766 789 fuit
811 736 1017 793 GI‘tPCiS
1061 740 1285 794 alterius
1335 744 1648 811 parochiam
1685 762 1850 799 usur-

253 839 409 892 pare,
444 824 645 879 sanctis
690 825 792 879 hoc
840 827 1086 880 Patribus
1119 830 1461 897 apertissime
1496 833 1850 901 -proliibenti-

254 911 380 964 bus.
404 913 470 965 Et
504 911 706 967 idcirco
736 913 837 982 ipsi
867 923 1057 968 contra
1087 932 1325 971 canones
1360 919 1562 988 Spiritu
1588 921 1683 975 Dei
1713 937 1849 976 con-

255 998 402 1053 ditos
432 1010 483 1054 et
514 1001 673 1054 totius
704 1002 889 1055 mundi
921 1005 1227 1058 reverentia
1257 1016 1605 1062 consecratos
1635 1018 1851 1063 nostras

263 1088 499 1144 retinent
527 1088 813 1144 diueceses.
849 1090 999 1159 Quos
1032 1093 1074 1144 si
1105 1110 1204 1163 pro
1238 1102 1326 1147 tuo
1354 1096 1510 1149 nobis
1542 1112 1647 1150 non
1706 1106 1851 1151 esset

254 1191 464 1241 amore,
487 1178 595 1245 jam
626 1194 726 1247 per
754 1180 1108 1249 apostolicam
1140 1183 1461 1237 sententiam
1514 1185 1638 1239 inde
1694 1200 1849 1239 com-

253 1264 588 1333 pelleremus
618 1266 789 1321 exire.
830 1268 961 1320 Data
994 1273 1056 1322 ut.
1086 1285 1275 1341 supra.

870 1390 1238 1446 CCXXXVII.

670 1487 743 1525 AD
774 1488 1122 1528 ANASTASII'M
1155 1492 1429 1531 ΑΒΒΛΤΕΜ.

882 1565 1039 1617 Anno
1086 1566 1233 1619 879.)

882 1565 1039 1617 Anno
1086 1566 1233 1619 879.)

331 1649 589 1720 Pra’cipit
613 1653 677 1703 ut
707 1563 976 1705 cellulam
1014 1652 1317 1707 Gamlerico
1351 1656 1602 1725 episcopo
1632 1658 1845 1711 reddat.

326 1757 640 1808 Axssnsro
670 1755 927 1825 religioso
958 1757 1162 1810 abbati.

329 1843 604 1897 Moncmus
635 1843 958 1913 religionem
982 1853 1128 1898 tuam
1151 1855 1199 1899 et
1224 1864 1479 1916 expresse
1501 1850 1847 1919 praecipimus

253 1940 330 1995 ut,
364 1931 510 1984 omni
542 1940 749 1986 remota
777 1933 1068 1988 occasione
1102 1942 1153 1987 et
1184 1935 1457 1988 dilationis
1515 1936 1842 2005 inventione,

252 2019 511 2073 cellulam
551 2020 607 2074 S.
642 2020 910 2074 Valentini
958 2021 1013 2073 in
1065 2022 1279 2075 Sabinis
1328 2024 1581 2093 positam,
1625 2042 1785 2095 quam
1817 2042 1847 2080 a

252 2107 564 2161 Gauderico
582 2108 880 2161 venerabili
912 2109 1169 2179 episeopo
1200 2112 1488 2173 abstulisti,
1513 2112 1561 2165 ei
1593 2114 1847 2168 continuo

252 2195 470 2261 reddas,
504 2212 675 2265 usque
705 2195 759 2248 in
788 2205 1029 2250 nostram
1065 2199 1430 2267 priesentiam,
1466 2208 1521 2252 ut
1550 2218 1650 2255 nec
1691 2218 1845 2255 suum

252 2282 501 2337 laborem
531 2283 740 2353 perdat,
775 2301 875 2338 nec
903 2301 1000 2353 pro
1032 2302 1096 2339 co
1118 2287 1264 2356 quod
1294 2303 1356 2339 ex
1393 2287 1517 2342 hinc
1550 2305 1649 2343 nos
1679 2290 1843 2356 addit,

254 2371 359 2424 sibi
391 2371 601 2435 obesse,
637 2372 763 2443 quin
793 2372 971 2442 potius
1021 2376 1281 2443 prodesse
1320 2384 1616 2445 cognoscat
1650 2393 1662 2431 :
1702 2378 1847 2448 quod

253 2460 418 2513 etiam
465 2460 558 2513 tibi
598 2460 904 2515 faciendum
935 2478 1035 2530 per
1078 2472 1402 2532 praesentem
1458 2464 1845 2519 cubicularium

255 2556 504 2602 nostrum
552 2548 895 2614 mandamus,
948 2557 1003 2602 ut
1046 2550 1201 2603 aliter
1240 2552 1387 2605 nullo
1438 2552 1596 2606 modo
1646 2553 1845 2619 facias;

254 2653 381 2691 cum
413 2645 590 2690 autem
640 2645 691 2690 te
718 2637 875 2690 nobis
933 2638 1262 2701 exhibueris,
1298 2640 1342 2691 si
1390 2640 1578 2693 merito
1611 2658 1706 2694 sua
1746 2658 1845 2695 ne-

250 2725 514 2795 gligentia
544 2726 775 2778 fortasse
824 2724 998 2794 ipsam
1048 2726 1295 2779 cellulam
1334 2727 1531 2791 amisit,
1579 2745 1677 2782 nos
1726 2746 1845 2783 eum

250 2820 446 2868 contra
473 2812 734 2879 justitiam
765 2812 1059 2866 defendere
1083 2815 1370 2877 nolumus;
1406 2815 1541 2869 sicut
1575 2832 1675 2870 nec
1701 2817 1847 2871 illum

251 2902 594 2954 innocentem
652 2900 863 2970 perpeti
913 2901 1113 2954 damna
1158 2902 1533 2970 permittimus.
1599 2905 1727 2956 Data
1785 2909 1850 2959 ut

253 3004 445 3057 supra.

850 3077 1243 3131 CCXXXVIII.

605 3179 674 3216 AD
704 3179 1079 3219 TL'VENTARUM
1114 3180 1181 3217 DE
1214 3180 1497 3218 MARAUNA.

875 3256 1053 3309 (Anno
1087 3256 1233 3305 879.)

256 3344 528 3396 Hortatur
565 3345 667 3407 ut,
709 3358 932 3395 omnem
959 3343 1163 3411 falsam
1204 3345 1521 3397 doctrinam
1560 3346 1842 3413 reficiens,

326 3415 387 3467 in
408 3415 667 3467 Romana:
684 3414 945 3467 Ecclesia:
965 3414 1070 3479 [ide
1094 3417 1321 3467 maneat
1346 3415 1626 3467 :miratur
1646 3415 1849 3469 Metho-

324 3483 485 3537 dium
531 3484 702 3537 aliter
742 3500 909 3554 quam
957 3486 1150 3552 fuerat
1188 3486 1472 3553 professus
1532 3486 1743 3551 docere,
1794 3489 1850 3538 et

322 3556 620 3624 pr0pterea
649 3570 682 3607 a
708 3570 765 3608 se
787 3557 1043 3608 vocatum
1065 3556 1242 3622 fuisse
1273 3555 1574 3621 signiﬁcat.

326 3659 669 3711 Tuszraao
692 3673 765 3711 ns
796 3661 1091 3712 MARAUNA.

329 3746 481 3801 Scire
510 3746 776 3811 volumus,
814 3747 940 3817 quia
966 3763 1066 3800 nos
1099 3748 1189 3816 qui
1221 3764 1319 3816 per
1368 3748 1466 3801 Dei
1520 3748 1752 3817 gratiam
1790 3750 1848 3804 Β.

260 3834 402 3889 Petri
450 3835 821 3903 apostolorum
879 3834 1136 3904 principis
1208 3835 1381 3889 vicem
1433 3844 1697 3901 tenemus,
1762 3838 1852 3906 pio

263 3938 451 3977 amore
480 3938 577 3976 vos
608 3922 761 3993 quasi
808 3923 1161 3977 charissimos
1194 3922 1333 3977 filios
1382 3925 1760 3992 amplectimur
1802 3931 1854 3978 et

254 4019 488 4081 paterna
517 4010 808 4065 dilectione
838 4026 1102 4073 amamus,
1128 4012 1439 4079 nostrisque
1462 4012 1695 4064 assiduis
1726 4027 1852 4080 pre-

252 4098 406 4151 cibus
439 4113 536 4151 vos
582 4114 773 4151 omnes
801 4099 932 4151 Jesu
963 4098 1175 4151 Christo
1224 4099 1453 4152 Domino
1496 4100 1851 4153 commenda-

259 4202 407 4250 mus,
441 4193 661 4240 orantes
684 4202 901 4255 semper
921 4202 1020 4254 pro
1037 4186 1211 4245 vobis,
1238 4193 1294 4238 ut
1318 4187 1460 4239 Deus
1489 4186 1851 4255 omnipotens,

258 4273 352 4345 qui
400 4274 570 4330 corda
624 4282 805 4328 vestra
849 4273 1172 4327 illuminavit
1221 4282 1271 4326 et
1328 4274 1395 4326 ad
1428 4273 1571 4327 viam
1615 4261 1852 4327 veritatis

256 4361 530 4432 perduxit,
563 4362 619 4415 in
647 4362 805 4415 bonis
853 4362 1110 4431 operibus
1139 4361 1421 4414 conﬁrmet
1466 4370 1518 4414 et
1567 4377 1735 4431 usque
1783 4362 1853 4415 ad

262 4449 429 4503 ﬁnem
459 4449 514 4503 in
545 4457 691 4505 recta
721 4448 827 4503 fide
874 4450 1122 4519 bonaque
1177 4450 1387 4503 actione
1434 4450 1717 4502 decoratos
1752 4465 1849 4503 vos
1877 4433 1929 4491 D

256 4546 418 4608 atque
448 4538 731 4593 incolumis
776 4538 1031 4608 dignetur
1075 4538 1393 4606 perducere.
1431 4536 1585 4603 Quod
1645 4545 1846 4606 autem,

257 4622 401 4677 sicut
427 4622 634 4676 Joanne
682 4622 1004 4691 presbytero
1054 4629 1249 4683 vestro,
1300 4637 1460 4691 quem
1511 4620 1667 4673 nobis
1701 4620 1850 4674 misi-

259 4710 381 4773 stis,
432 4708 703 4763 referente
759 4710 1065 4771 didicimus,
1129 4709 1183 4761 in
1214 4717 1363 4762 recta
1412 4708 1517 4761 tide
1574 4708 1847 4775 dubitetis,

257 4814 547 4852 monemus
582 4797 925 4852 dilectionem
981 4806 1216 4851 vestram
1263 4806 1317 4849 ut
1361 4797 1439 4850 sic
1490 4797 1733 4864 teneatis,
1774 4797 1853 4851 sic

258 4885 516 4950 credatis,
542 4885 681 4939 sicut
712 4893 900 4939 sancta
931 4886 1173 4939 Romana
1208 4884 1453 4938 Ecclesia
1488 4885 1556 4938 ab
1586 4885 1705 4953 ipso
1730 4900 1853 4953 apo-

257 4974 522 5028 stolorum
561 4973 806 5043 principe
847 4973 1048 5031 didicit,
1084 4974 1247 5026 tenuit
1284 4982 1331 5025 et
1387 4989 1559 5041 usque
1600 4973 1652 5025 in
1692 4972 1853 5025 tinem

262 5062 449 5117 saeculi
480 5062 700 5129 tenebit,
734 5070 894 5132 atque
939 5079 1036 5131 per
1091 5071 1256 5113 totum
1304 5062 1565 5113 mundum
1614 5060 1853 5131 quotidie

258 5136 459 5204 sanciat
510 5150 634 5203 tidei
666 5151 831 5204 verba
888 5159 1155 5219 reetzeque
1205 5148 1603 5218 prredicationis
1649 5148 1855 5201 semina

258 5238 434 5303 mittit,
471 5246 524 5291 et
555 5238 690 5293 sicut
719 5246 1094 5292 antecessores
1142 5246 1377 5301 nostros,
1438 5244 1654 5289 sanctos
1712 5235 1858 5289 vide-

256 5328 382 5380 licet
454 5327 599 5379 sedis
629 5325 940 5396 apostolica}
988 5326 1267 5394 praesules.
1334 5332 1584 5393 parentes
1643 5332 1857 5377 vestros

267 5414 338 5468 ab
360 5412 508 5468 initio
531 5414 783 5468 docuisse
807 5413 1159 5484 Cognoscitis.
1188 5412 1240 5463 Si
1271 5420 1449 5464 autem
1482 5410 1673 5480 aliquis
1704 5411 1858 5464 vobis

265 5502 352 5556 vel
387 5502 676 5571 episcopus
698 5510 877 5554 vester
923 5501 1005 5553 vel
1031 5500 1251 5569 quilibet
1282 5501 1541 5553 sacerdos
1572 5499 1728 5551 aliter
1771 5515 1860 5551 an-

1952 489 2100 540 censi
2149 506 2338 543 omnes
2389 506 2497 545 uno
2549 492 2732 546 animo
2770 509 2986 564 unaque
3039 496 3311 553 voluntate
3352 500 3549 555 doctri-

1952 591 2075 628 nam
2100 575 2289 631 falsam
2322 578 2557 646 abjicite,
2604 588 2804 635 stantes
2846 590 2898 635 et
2928 591 3171 638 tenentes
3202 586 3544 642 traditionem

1953 664 2097 715 sedis
2128 666 2456 733 apostolica}.
2492 666 2629 733 Quia
2660 684 2791 722 vero
2819 669 3123 725 audivimus
3151 672 3277 742 quia
3328 674 3538 729 Metho-

1952 750 2073 805 dius
2102 761 2281 806 vester
2330 754 2776 825 archiepiscopus
2822 757 2892 810 ab
2937 765 3283 813 antecessore
3334 769 3545 831 nostro,

1952 840 2189 893 Adriano
2223 841 2429 895 scilicet
2456 858 2616 911 papa,
2659 843 2954 909 ordinatus,
2988 845 3257 917 vobisque
3283 846 3543 913 directus,

1951 927 2108 980 aliter
2136 929 2325 983 doceat
2378 945 2541 999 quam
2573 946 2757 984 coram
2806 932 2938 987 sede
2976 933 3275 1002 apostolica
3313 949 3373 988 se
3419 948 3545 989 cre-

1950 1015 2078 1068 dere
2108 1017 2290 1070 verbis
2321 1025 2373 1071 et
2404 1018 2593 1072 litteris
2622 1018 2905 1088 professus
2936 1028 3034 1083 est,
3070 1021 3229 1075 valde
3245 1020 3544 1086 miramur;

1952 1110 2130 1157 tamen
2161 1115 2386 1174 prOpter
2432 1108 2533 1160 hoc
2565 1106 2863 1161 direximus
2907 1108 2984 1161 illi
3032 1116 3088 1161 ut
3144 1109 3353 1179 absque
3397 1109 3546 1163 omni

1952 1192 2239 1246 occasione
2271 1194 2339 1246 ad
2369 1210 2470 1247 nos
2513 1195 2699 1249 venire
2740 1204 3007 1265 procuret,
3060 1204 3323 1266 quatenus
3353 1212 3418 1251 ex
3448 1212 3544 1251 ore

1951 1280 2064 1346 ejus
2096 1280 2378 1334 audiamus
2408 1290 2587 1336 utrum
2619 1283 2695 1337 sic
2717 1291 2899 1337 teneat
2919 1291 2971 1337 et
3001 1284 3187 1338 credat
3232 1283 3370 1338 sicut
3410 1297 3544 1354 pro-

1950 1368 2117 1433 misit,
2155 1375 2246 1422 aut
2273 1385 2402 1423 non.
2440 1371 2570 1425 Data
2610 1376 2674 1426 ut
2694 1388 2885 1444 supra.

2572 1468 2919 1523 CCXXXIX.

2026 1568 2094 1605 AR
2126 1568 2457 1609 METRODIUM
2502 1570 2978 1610 ARCHIEPISCOPUM
3008 1571 3465 1612 PANNONIENSBM.

2556 1644 2734 1699 (Anno
2767 1646 2913 1713 879.)

1878 1747 1930 1805 Β
1954 1730 2223 1800 Ρνίιιοὶρὶι
2254 1734 2317 1784 ut
2337 1731 2408 1785 ad
2434 1748 2492 1786 se
2522 1733 2731 1799 veniat,
2766 1736 2830 1787 ut
2846 1733 2912 1787 de
2930 1735 3049 1805 ejus
3071 1733 3330 1789 doctrina
3347 1748 3544 1805 δοθησ-

2024 1820 2410 1942 scmf'lebppssit.
2464 1823 2655 1875 Missas
2678 1821 3009 1876 ~Sclavom'ca
3050 1823 3243 1892 lingua
3271 1821 3543 1876 celebrari

2024 1905 2121 1942 pro
2166 1906 2184 1942 ι
2221 1905 2246 1941 e
2281 1930 2293 1941 .

2022 1905 2293 1958 promoet.

2025 1977 2500 2031 Reverendissimo
2533 1979 2830 2032 Mn'rnomo
2875 1978 3290 2050 archiepiscopo
3319 1980 3537 2034 Panno-

1952 2064 2156 2117 niensis
2185 2065 2467 2120 Ecclesia

2024 2153 2427 2207 Praedicationis
2458 2162 2562 2208 tuae
2594 2154 2859 2210 doctrinis
2891 2157 3149 2226 populum
3186 2157 3401 2212 Domini
3423 2157 3540 2223 tibi,

1952 2241 2108 2310 quasi
2138 2240 2368 2310 spiritali
2387 2243 2611 2311 pastori,
2645 2244 2996 2298 commissum
3013 2245 3543 2300 salvareinstruere-

1953 2344 2057 2397 que
2096 2344 2218 2382 cum
2250 2329 2469 2395 debeas,
2507 2331 2813 2385 audivimus
2843 2333 2986 2403 quod
3017 2347 3123 2387 non
3136 2347 3202 2387 ea
3225 2348 3346 2403 quas
3366 2340 3547 2387 sancta

1952 2416 2196 2470 Romana
2224 2417 2473 2471 Ecclesia
2502 2418 2570 2471 ab
2599 2418 2718 2488 ipso
2746 2419 3116 2489 apostolorum
3136 2419 3378 2490 principe
3406 2419 3545 2474 didi-

1952 2504 2022 2557 cit
2053 2513 2105 2557 et
2136 2505 2374 2574 quotidie
2404 2506 2680 2575 praedicat,
2706 2515 2759 2560 tu
2785 2507 3031 2561 docendo
3055 2508 3274 2573 doceas,
3294 2515 3346 2561 et
3362 2507 3542 2578 ipsum

1951 2592 2210 2662 populum
2248 2593 2302 2645 in
2333 2609 2575 2647 errorem
2633 2595 2833 2649 mittas.
2885 2595 3040 2650 Unde
3085 2595 3169 2648 his
3201 2594 3541 2665 apostolatus

1952 2680 2124 2735 nostri
2154 2681 2345 2734 litteris
2374 2681 2466 2734 tibi
2492 2682 2748 2749 jubemus
2788 2690 2865 2751 ut,
2896 2682 3043 2737 omni
3070 2682 3359 2737 occasione
3388 2690 3544 2753 post-

1951 2769 2145 2838 posita,
2177 2769 2243 2821 ad
2286 2784 2383 2823 nos
2415 2769 2481 2821 de
2524 2769 2777 2838 praesenti
2823 2770 3009 2825 venire
3055 2785 3341 2839 procures,
3391 2777 3445 2822 ut
3477 2785 3543 2826 ex

1954 2869 2049 2905 ore
2072 2861 2161 2904 tuo
2193 2851 2480 2905 audiamus
2509 2860 2561 2906 et
2590 2867 2992 2924 cognoscamus
3020 2858 3202 2907 utrum
3232 2852 3310 2906 sic
3359 2859 3546 2906 teneas

1952 2948 2006 2993 et
2050 2940 2127 2993 sic
2184 2939 2451 3009 praedices
2504 2940 2643 2994 sicut
2690 2940 2872 2995 verbis
2930 2947 2981 2994 et
3042 2939 3235 2994 litteris
3265 2946 3317 2993 te
3348 2946 3549 2994 sanctae

1952 3030 2212 3083 Romana:
2259 3028 2525 3083 Ecclesia}
2570 3029 2791 3082 credere
2837 3027 3156 3098 promisisti,
3207 3035 3298 3081 aut
3327 3042 3456 3092 non,
3488 3035 3547 3081 ut

1883 3090 2217 3171 Cveraciter
2260 3131 2663 3187 cognoscamus
2711 3115 3013 3170 doctrinam
3055 3122 3222 3168 tuam.
3277 3113 3542 3168 Audimus

1949 3204 2109 3257 etiam
2143 3203 2287 3272 quod
2316 3203 2514 3255 missas
2544 3210 2731 3256 cantes
2770 3202 2825 3256 in
2868 3202 3116 3267 barbara,
3174 3203 3280 3255 hoc
3334 3208 3435 3269 est,
3485 3200 3540 3253 in

1952 3290 2200 3345 Sclavina
2232 3290 2417 3362 lingua
2444 3309 2458 3356 ;
2490 3290 2632 3344 unde
2677 3290 2787 3357 jam
2819 3289 3009 3343 litteris
3035 3288 3235 3342 nostris
3264 3303 3366 3358 per
3394 3287 3537 3342 Pau-

1950 3380 2059 3432 lum
2093 3377 2410 3447 episcopum
2440 3377 2838 3432 Anconitanum
2884 3376 2981 3431 tibi
3007 3375 3228 3431 directis
3256 3374 3541 3446 prohibui-

1951 3483 2073 3521 mus
2102 3482 2170 3520 ne
2207 3466 2260 3518 in
2292 3482 2353 3519 ea
2383 3465 2567 3537 lingua
2596 3482 2749 3520 sacra
2775 3464 3067 3519 missarum
3098 3461 3364 3518 solemnia
3391 3462 3543 3518 cele-

1954 3556 2164 3615 brares,
2190 3554 2288 3607 sed
2310 3552 2392 3607 vel
2425 3553 2480 3606 in
2515 3553 2716 3617 Latina,
2750 3552 2835 3607 vel
2862 3552 2917 3605 in
2947 3551 3139 3606 Graeca
3175 3549 3384 3622 lingua,
3407 3549 3545 3604 sicut

1952 3641 2202 3696 Ecclesia
2231 3640 2331 3695 Dei
2368 3648 2479 3695 toto
2507 3648 2774 3694 terrarum
2821 3640 2951 3695 orbe
2979 3637 3177 3693 diffusa
3206 3644 3259 3692 et
3288 3637 3344 3691 in
3362 3636 3543 3691 omni-

1954 3730 2054 3782 bus
2086 3728 2338 3800 gentibus
2369 3728 2589 3782 dilatata
2610 3736 2807 3783 cantat.
2832 3725 3137 3782 Praedicare
3154 3739 3284 3780 vero
3308 3731 3399 3779 aut
3420 3740 3542 3779 ser-

1954 3833 2171 3871 monem
2198 3816 2252 3869 in
2270 3815 2471 3886 p0pulo
2491 3814 2668 3870 facere
2698 3815 2796 3869 tibi
2826 3814 2967 3881 licet,
2986 3813 3241 3885 quoniam
3260 3810 3544 3867 Psalmista

1954 3922 2144 3959 omnes
2166 3900 3348 3975 admonetDominumgenteslaudare(Psal.
3369 3898 3542 3969 CXVI),

1956 4002 2006 4046 et
2026 3992 2349 4062 Apostolus:
2387 3993 2598 4056 Omnis,
2625 3991 2813 4062 inquit,
2832 3992 3023 4060 lingua
3042 3988 3401 4056 conﬁteatur,
3415 3986 3547 4057 quia

1954 4082 2224 4136 Dominus
2247 4082 2405 4135 Jesus
2427 4081 2489 4132 in
2517 4081 2698 4147 gloria
2736 4082 2821 4133 est
2856 4079 2959 4132 Dei
2992 4076 3181 4130 Patris
3202 4074 3432 4145 (Philip.
3459 4072 3541 4141 ιι).

1956 4170 2087 4221 Data
2118 4172 2181 4221 ut
2201 4184 2393 4237 supra.

2640 4256 2841 4309 CCXL.

2005 4358 2077 4396 ΑΙ)
2109 4358 2440 4397 ANSPERTUM
2474 4356 2950 4396 ARCHIEPISCOPUM
2988 4353 3478 4395 MEDIOLANENSEM.

2566 4430 2748 4499 (Anno
2787 4429 2936 4499 879.)

1955 4522 1993 4574 A
2002 4520 2153 4590 rguit
2174 4519 2315 4590 quod
2328 4519 2446 4574 sedi
2461 4519 2781 4590 apostolica:
2795 4517 3049 4573 obediens
3065 4532 3179 4572 non
3189 4517 3540 4590 fuerit,ejus-

2031 4588 2132 4661 gue
2168 4588 2373 4658 legatos
2398 4588 2671 4661 injuriose
2687 4590 2974 4661 tractarit,
2998 4592 3054 4641 et
3078 4588 3533 4661 excommunica-

2029 4655 2121 4715 tus
2144 4655 2346 4714 missas
2368 4655 2684 4714 celebrarit.
2722 4657 2843 4713 Ideo
2872 4660 3062 4713 monet
3082 4659 3149 4711 ut
3175 4656 3246 4711 ad
3265 4655 3539 4715 synodum

2024 4744 2083 4785 se
2111 4734 2459 4801 purgaturus
2481 4730 2899 4800 quamprimum
2918 4727 3002 4782 vel
3020 4741 3120 4798 per
3142 4742 3201 4782 se
3221 4726 3308 4780 vel
3326 4741 3428 4797 per
3462 4726 3538 4779 le-

2025 4800 2179 4871 gatos
2208 4800 2457 4856 accedat.

2028 4893 2323 4942 ANSPERTO
2354 4886 2762 4956 archiepiscopo
2803 4884 3215 4941 Mediolanensi.

2028 4976 2231 5040 Tantis,
2270 4976 2390 5039 heu,
2424 4976 2563 5044 proh
2599 4973 2787 5029 dolori
2833 4972 3358 5045 lransgressionibus
3404 4972 3558 5028 inve-

1957 5065 2091 5118 niris
2120 5063 2407 5128 obnoxius,
2439 5062 2654 5133 quantis
2683 5062 2863 5115 nullus
2892 5062 2961 5116 de
2989 5060 3239 5116 Ecclesia
3293 5059 3549 5115 Mediola-

1958 5152 2113 5207 nensi
2143 5152 2325 5221 aliquo
2386 5150 2548 5203 modo
2598 5158 2678 5204 est
2724 5150 2975 5204 inventus
3010 5168 3023 5203 :
3057 5149 3111 5202 in
3155 5148 3350 5218 primis
3400 5149 3547 5219 quod

1958 5240 2130 5294 nostri
2162 5238 2344 5308 operis
2374 5246 2535 5307 atque
2566 5237 2771 5291 laboris
2827 5236 3047 5291 noluisti
3096 5237 3278 5291 socius
3320 5252 3443 5291 esse
3484 5252 3551 5292 ac

1958 5328 2249 5397 particeps,
2287 5327 2381 5379 sed
2402 5325 2710 5395 apostolicae
2741 5325 2856 5379 sedi
2872 5333 3146 5393 proterve,
3168 5325 3545 5379 inobedienter

1961 5432 2024 5470 ac
2055 5414 2355 5485 procaciter
2378 5412 2650 5466 resultasti
2674 5431 2687 5478 ;
2719 5411 2916 5466 deinde
2936 5412 3372 5483 legatosnostros
3392 5413 3553 5467 Joan-

1962 5520 2085 5558 nem
2103 5501 2318 5557 Ticinen
2328 5518 2441 5554 sem
2460 5510 2511 5553 et
2540 5500 2884 5571 Walpertum
2896 5501 3249 5555 Portuensem
3262 5500 3549 5569 episcopos
