  <div class='ocr_page' id='page_1' title='image "/cluster/home/n/w/nwhite01/storage/ocr_20150623/126/umn.31951002477419r/491.png"; bbox 0 0 4160 6310; ppageno 0'>
   <div class='ocr_carea' id='block_1_1' title="bbox 617 254 711 304">
    <p class='ocr_par' dir='ltr' id='par_1_1' title="bbox 617 254 711 304">
     <span class='ocr_line' id='line_1_1' title="bbox 617 254 711 304; baseline -0.011 0"><span class='ocrx_word' id='word_1_1' title='bbox 617 254 711 304; x_wconf 74' lang='grc'><strong>851</strong></span> 
     </span>
    </p>
   </div>
   <div class='ocr_carea' id='block_1_2' title="bbox 1825 247 2568 302">
    <p class='ocr_par' dir='ltr' id='par_1_2' title="bbox 1825 247 2568 302">
     <span class='ocr_line' id='line_1_2' title="bbox 1825 247 2568 302; baseline -0.001 -2"><span class='ocrx_word' id='word_1_2' title='bbox 1825 249 2122 302; x_wconf 81' lang='lat' dir='ltr'><strong>JOANNIS</strong></span> <span class='ocrx_word' id='word_1_3' title='bbox 2175 247 2366 300; x_wconf 68' lang='grc' dir='ltr'><strong>ΡΑΡΑΞ</strong></span> <span class='ocrx_word' id='word_1_4' title='bbox 2432 247 2568 299; x_wconf 74' lang='lat' dir='ltr'><strong>VIII.</strong></span> 
     </span>
    </p>
   </div>
   <div class='ocr_carea' id='block_1_3' title="bbox 3810 253 3909 302">
    <p class='ocr_par' dir='ltr' id='par_1_3' title="bbox 3810 253 3909 302">
     <span class='ocr_line' id='line_1_3' title="bbox 3810 253 3909 302; baseline 0.02 -2"><span class='ocrx_word' id='word_1_5' title='bbox 3810 253 3909 302; x_wconf 74' lang='lat'><strong>852</strong></span> 
     </span>
    </p>
   </div>
   <div class='ocr_carea' id='block_1_4' title="bbox 617 363 3900 440">
    <p class='ocr_par' dir='ltr' id='par_1_4' title="bbox 617 363 3900 440">
     <span class='ocr_line' id='line_1_4' title="bbox 617 363 3900 440; baseline 0 -16"><span class='ocrx_word' id='word_1_6' title='bbox 617 385 648 424; x_wconf 86' lang='lat' dir='ltr'><strong>e</strong></span> <span class='ocrx_word' id='word_1_7' title='bbox 675 363 844 424; x_wconf 81' lang='lat' dir='ltr'><strong>latere</strong></span> <span class='ocrx_word' id='word_1_8' title='bbox 875 379 1058 425; x_wconf 89' lang='lat' dir='ltr'><strong>nostro</strong></span> <span class='ocrx_word' id='word_1_9' title='bbox 1090 371 1163 425; x_wconf 89' lang='lat' dir='ltr'><strong>ad</strong></span> <span class='ocrx_word' id='word_1_10' title='bbox 1193 378 1245 424; x_wconf 90' lang='lat' dir='ltr'><strong>te</strong></span> <span class='ocrx_word' id='word_1_11' title='bbox 1275 371 1508 425; x_wconf 90' lang='lat' dir='ltr'><strong>directos</strong></span> <span class='ocrx_word' id='word_1_12' title='bbox 1538 385 1646 424; x_wconf 91' lang='lat' dir='ltr'><strong>non</strong></span> <span class='ocrx_word' id='word_1_13' title='bbox 1669 369 1992 440; x_wconf 89' lang='lat' dir='ltr'><strong>suscipiens,</strong></span> <span class='ocrx_word' id='word_1_14' title='bbox 2017 368 2215 438; x_wconf 74' lang='lat' dir='ltr'><strong>praefo-</strong></span> <span class='ocrx_word' id='word_1_15' title='bbox 2243 369 2299 429; x_wconf 86' lang='grc' dir='ltr'><strong>Α</strong></span> <span class='ocrx_word' id='word_1_16' title='bbox 2319 376 2420 422; x_wconf 72' lang='lat' dir='ltr'><strong>ctse</strong></span> <span class='ocrx_word' id='word_1_17' title='bbox 2449 369 2658 438; x_wconf 84' lang='lat' dir='ltr'><strong>synodo</strong></span> <span class='ocrx_word' id='word_1_18' title='bbox 2688 369 2755 422; x_wconf 90' lang='lat' dir='ltr'><strong>de</strong></span> <span class='ocrx_word' id='word_1_19' title='bbox 2787 368 2870 422; x_wconf 89' lang='lat' dir='ltr'><strong>his</strong></span> <span class='ocrx_word' id='word_1_20' title='bbox 2902 384 3024 440; x_wconf 63' lang='lat' dir='ltr'><strong>quae</strong></span> <span class='ocrx_word' id='word_1_21' title='bbox 3052 369 3127 422; x_wconf 83' lang='lat' dir='ltr'>illi</span> <span class='ocrx_word' id='word_1_22' title='bbox 3159 369 3369 437; x_wconf 80' lang='lat' dir='ltr'><strong>objecta</strong></span> <span class='ocrx_word' id='word_1_23' title='bbox 3401 377 3540 434; x_wconf 89' lang='lat' dir='ltr'><strong>sunt,</strong></span> <span class='ocrx_word' id='word_1_24' title='bbox 3592 369 3788 423; x_wconf 84' lang='lat' dir='ltr'><strong>idonee</strong></span> <span class='ocrx_word' id='word_1_25' title='bbox 3817 385 3900 424; x_wconf 85' lang='lat' dir='ltr'><strong>sa-</strong></span> 
     </span>
    </p>
   </div>
   <div class='ocr_carea' id='block_1_5' title="bbox 618 455 2216 528">
    <p class='ocr_par' dir='ltr' id='par_1_5' title="bbox 618 455 2216 528">
     <span class='ocr_line' id='line_1_5' title="bbox 618 455 2216 528; baseline 0 -17"><span class='ocrx_word' id='word_1_26' title='bbox 618 455 770 511; x_wconf 85' lang='lat' dir='ltr'><strong>ribus</strong></span> <span class='ocrx_word' id='word_1_27' title='bbox 801 465 974 528; x_wconf 70' lang='lat' dir='ltr'><strong>portae</strong></span> <span class='ocrx_word' id='word_1_28' title='bbox 1031 458 1126 512; x_wconf 92' lang='lat' dir='ltr'><strong>diu</strong></span> <span class='ocrx_word' id='word_1_29' title='bbox 1172 458 1269 512; x_wconf 90' lang='lat' dir='ltr'><strong>tibi</strong></span> <span class='ocrx_word' id='word_1_30' title='bbox 1326 466 1526 513; x_wconf 59' lang='lat' dir='ltr'><strong>nostra;</strong></span> <span class='ocrx_word' id='word_1_31' title='bbox 1579 457 2016 512; x_wconf 88' lang='lat' dir='ltr'><strong>commonitionis</strong></span> <span class='ocrx_word' id='word_1_32' title='bbox 2048 457 2216 512; x_wconf 86' lang='lat' dir='ltr'><strong>verba</strong></span> 
     </span>
    </p>
   </div>
   <div class='ocr_carea' id='block_1_6' title="bbox 619 543 2215 618">
    <p class='ocr_par' dir='ltr' id='par_1_6' title="bbox 619 543 2215 618">
     <span class='ocr_line' id='line_1_6' title="bbox 619 543 2215 618; baseline 0 -19"><span class='ocrx_word' id='word_1_33' title='bbox 619 543 900 610; x_wconf 76' lang='lat' dir='ltr'><strong>facientes,</strong></span> <span class='ocrx_word' id='word_1_34' title='bbox 935 555 1203 618; x_wconf 80' lang='lat' dir='ltr'><strong>quatenus</strong></span> <span class='ocrx_word' id='word_1_35' title='bbox 1231 547 1408 614; x_wconf 89' lang='lat' dir='ltr'><strong>nobis,</strong></span> <span class='ocrx_word' id='word_1_36' title='bbox 1443 554 1535 600; x_wconf 91' lang='lat' dir='ltr'><strong>aut</strong></span> <span class='ocrx_word' id='word_1_37' title='bbox 1563 563 1664 616; x_wconf 90' lang='lat' dir='ltr'><strong>per</strong></span> <span class='ocrx_word' id='word_1_38' title='bbox 1695 556 1765 612; x_wconf 92' lang='lat' dir='ltr'><strong>te,</strong></span> <span class='ocrx_word' id='word_1_39' title='bbox 1799 554 1890 600; x_wconf 92' lang='lat' dir='ltr'><strong>aut</strong></span> <span class='ocrx_word' id='word_1_40' title='bbox 1922 563 2018 616; x_wconf 90' lang='lat' dir='ltr'><strong>per</strong></span> <span class='ocrx_word' id='word_1_41' title='bbox 2063 545 2215 617; x_wconf 89' lang='lat' dir='ltr'><strong>lega-</strong></span> 
     </span>
    </p>
   </div>
   <div class='ocr_carea' id='block_1_7' title="bbox 617 635 2217 704">
    <p class='ocr_par' dir='ltr' id='par_1_7' title="bbox 617 635 2217 704">
     <span class='ocr_line' id='line_1_7' title="bbox 617 635 2217 704; baseline 0 -17"><span class='ocrx_word' id='word_1_42' title='bbox 617 639 729 688; x_wconf 85' lang='lat' dir='ltr'><strong>tum</strong></span> <span class='ocrx_word' id='word_1_43' title='bbox 753 641 922 700; x_wconf 90' lang='lat' dir='ltr'><strong>tuum,</strong></span> <span class='ocrx_word' id='word_1_44' title='bbox 955 642 1106 688; x_wconf 89' lang='lat' dir='ltr'><strong>tuam</strong></span> <span class='ocrx_word' id='word_1_45' title='bbox 1133 650 1288 688; x_wconf 88' lang='lat' dir='ltr'><strong>more</strong></span> <span class='ocrx_word' id='word_1_46' title='bbox 1315 635 1784 704; x_wconf 83' lang='lat' dir='ltr'><strong>praedecessorum</strong></span> <span class='ocrx_word' id='word_1_47' title='bbox 1825 642 2040 688; x_wconf 88' lang='lat' dir='ltr'><strong>tuorum</strong></span> <span class='ocrx_word' id='word_1_48' title='bbox 2087 649 2217 688; x_wconf 93' lang='lat' dir='ltr'><strong>con-</strong></span> 
     </span>
    </p>
   </div>
   <div class='ocr_carea' id='block_1_8' title="bbox 615 719 2217 792">
    <p class='ocr_par' dir='ltr' id='par_1_8' title="bbox 615 719 2217 792">
     <span class='ocr_line' id='line_1_8' title="bbox 615 719 2217 792; baseline 0.002 -19"><span class='ocrx_word' id='word_1_49' title='bbox 615 719 840 792; x_wconf 83' lang='lat' dir='ltr'><strong>dignam</strong></span> <span class='ocrx_word' id='word_1_50' title='bbox 869 721 1231 777; x_wconf 81' lang='lat' dir='ltr'><strong>obedientiam</strong></span> <span class='ocrx_word' id='word_1_51' title='bbox 1254 722 1514 777; x_wconf 83' lang='lat' dir='ltr'><strong>exhibere</strong></span> <span class='ocrx_word' id='word_1_52' title='bbox 1534 723 1838 788; x_wconf 86' lang='lat' dir='ltr'><strong>debuisses,</strong></span> <span class='ocrx_word' id='word_1_53' title='bbox 1855 723 2217 776; x_wconf 80' lang='lat' dir='ltr'><strong>irreverenter</strong></span> 
     </span>
    </p>
   </div>
   <div class='ocr_carea' id='block_1_9' title="bbox 616 807 2214 881">
    <p class='ocr_par' dir='ltr' id='par_1_9' title="bbox 616 807 2214 881">
     <span class='ocr_line' id='line_1_9' title="bbox 616 807 2214 881; baseline 0.002 -20"><span class='ocrx_word' id='word_1_54' title='bbox 616 815 757 863; x_wconf 88' lang='lat' dir='ltr'><strong>stare</strong></span> <span class='ocrx_word' id='word_1_55' title='bbox 787 807 983 877; x_wconf 89' lang='lat' dir='ltr'><strong>fecisti,</strong></span> <span class='ocrx_word' id='word_1_56' title='bbox 1030 809 1340 881; x_wconf 86' lang='lat' dir='ltr'><strong>nullamque</strong></span> <span class='ocrx_word' id='word_1_57' title='bbox 1378 809 1485 863; x_wconf 88' lang='lat' dir='ltr'>illis</span> <span class='ocrx_word' id='word_1_58' title='bbox 1517 810 1872 864; x_wconf 83' lang='lat' dir='ltr'><strong>reverentiam</strong></span> <span class='ocrx_word' id='word_1_59' title='bbox 1919 810 2007 864; x_wconf 87' lang='lat' dir='ltr'><strong>vel</strong></span> <span class='ocrx_word' id='word_1_60' title='bbox 2053 810 2214 864; x_wconf 91' lang='lat' dir='ltr'><strong>audi-</strong></span> 
     </span>
    </p>
   </div>
   <div class='ocr_carea' id='block_1_10' title="bbox 619 897 2216 970">
    <p class='ocr_par' dir='ltr' id='par_1_10' title="bbox 619 897 2216 970">
     <span class='ocr_line' id='line_1_10' title="bbox 619 897 2216 970; baseline 0.002 -21"><span class='ocrx_word' id='word_1_61' title='bbox 619 903 733 950; x_wconf 88' lang='lat' dir='ltr'><strong>tum</strong></span> <span class='ocrx_word' id='word_1_62' title='bbox 761 897 1181 953; x_wconf 90' lang='lat' dir='ltr'><strong>accommodare</strong></span> <span class='ocrx_word' id='word_1_63' title='bbox 1209 897 1483 970; x_wconf 87' lang='lat' dir='ltr'><strong>dignatus,</strong></span> <span class='ocrx_word' id='word_1_64' title='bbox 1534 897 1629 952; x_wconf 91' lang='lat' dir='ltr'><strong>sed</strong></span> <span class='ocrx_word' id='word_1_65' title='bbox 1677 898 1813 952; x_wconf 90' lang='lat' dir='ltr'><strong>sicut</strong></span> <span class='ocrx_word' id='word_1_66' title='bbox 1861 898 2006 968; x_wconf 84' lang='lat' dir='ltr'><strong>aspis</strong></span> <span class='ocrx_word' id='word_1_67' title='bbox 2050 899 2216 952; x_wconf 89' lang='lat' dir='ltr'><strong>surda</strong></span> 
     </span>
    </p>
   </div>
   <div class='ocr_carea' id='block_1_11' title="bbox 619 983 2216 1041">
    <p class='ocr_par' dir='ltr' id='par_1_11' title="bbox 619 983 2216 1041">
     <span class='ocr_line' id='line_1_11' title="bbox 619 983 2216 1041; baseline 0 -3"><span class='ocrx_word' id='word_1_68' title='bbox 619 992 808 1038; x_wconf 86' lang='lat' dir='ltr'><strong>contra</strong></span> <span class='ocrx_word' id='word_1_69' title='bbox 857 985 1136 1040; x_wconf 88' lang='lat' dir='ltr'><strong>charitatis</strong></span> <span class='ocrx_word' id='word_1_70' title='bbox 1164 983 1416 1040; x_wconf 72' lang='lat' dir='ltr'><strong>affectum</strong></span> <span class='ocrx_word' id='word_1_71' title='bbox 1473 985 1685 1041; x_wconf 83' lang='lat' dir='ltr'><strong>viscera</strong></span> <span class='ocrx_word' id='word_1_72' title='bbox 1739 987 1920 1041; x_wconf 87' lang='lat' dir='ltr'><strong>cordis</strong></span> <span class='ocrx_word' id='word_1_73' title='bbox 1951 994 2002 1040; x_wconf 90' lang='lat' dir='ltr'><strong>et</strong></span> <span class='ocrx_word' id='word_1_74' title='bbox 2057 1002 2216 1040; x_wconf 87' lang='lat' dir='ltr'><strong>aures</strong></span> 
     </span>
    </p>
   </div>
   <div class='ocr_carea' id='block_1_12' title="bbox 620 1071 2217 1144">
    <p class='ocr_par' dir='ltr' id='par_1_12' title="bbox 620 1071 2217 1144">
     <span class='ocr_line' id='line_1_12' title="bbox 620 1071 2217 1144; baseline 0.003 -20"><span class='ocrx_word' id='word_1_75' title='bbox 620 1071 800 1126; x_wconf 83' lang='lat' dir='ltr'><strong>valide</strong></span> <span class='ocrx_word' id='word_1_76' title='bbox 827 1071 1108 1127; x_wconf 88' lang='lat' dir='ltr'><strong>obturasti.</strong></span> <span class='ocrx_word' id='word_1_77' title='bbox 1137 1073 1238 1128; x_wconf 88' lang='lat' dir='ltr'><strong>Pro</strong></span> <span class='ocrx_word' id='word_1_78' title='bbox 1255 1073 1452 1144; x_wconf 86' lang='lat' dir='ltr'><strong>quibus</strong></span> <span class='ocrx_word' id='word_1_79' title='bbox 1483 1081 1536 1128; x_wconf 88' lang='lat' dir='ltr'><strong>et</strong></span> <span class='ocrx_word' id='word_1_80' title='bbox 1565 1074 1650 1128; x_wconf 87' lang='lat' dir='ltr'><strong>his</strong></span> <span class='ocrx_word' id='word_1_81' title='bbox 1671 1073 1936 1129; x_wconf 88' lang='lat' dir='ltr'><strong>similibus</strong></span> <span class='ocrx_word' id='word_1_82' title='bbox 1968 1075 2217 1129; x_wconf 88' lang='lat' dir='ltr'><strong>tetandiu</strong></span> 
     </span>
    </p>
   </div>
   <div class='ocr_carea' id='block_1_13' title="bbox 619 1159 2212 1233">
    <p class='ocr_par' dir='ltr' id='par_1_13' title="bbox 619 1159 2212 1233">
     <span class='ocr_line' id='line_1_13' title="bbox 619 1159 2212 1233; baseline 0.002 -19"><span class='ocrx_word' id='word_1_83' title='bbox 619 1159 998 1216; x_wconf 89' lang='lat' dir='ltr'><strong>communione</strong></span> <span class='ocrx_word' id='word_1_84' title='bbox 1027 1160 1360 1231; x_wconf 89' lang='lat' dir='ltr'><strong>privavimus</strong></span> <span class='ocrx_word' id='word_1_85' title='bbox 1386 1161 1779 1233; x_wconf 88' lang='lat' dir='ltr'><strong>missarumque</strong></span> <span class='ocrx_word' id='word_1_86' title='bbox 1827 1162 2212 1227; x_wconf 82' lang='lat' dir='ltr'><strong>celebratione,</strong></span> 
     </span>
    </p>
   </div>
   <div class='ocr_carea' id='block_1_14' title="bbox 618 1246 2216 1320">
    <p class='ocr_par' dir='ltr' id='par_1_14' title="bbox 618 1246 2216 1320">
     <span class='ocr_line' id='line_1_14' title="bbox 618 1246 2216 1320; baseline 0.003 -20"><span class='ocrx_word' id='word_1_87' title='bbox 618 1246 795 1302; x_wconf 92' lang='lat' dir='ltr'><strong>donec</strong></span> <span class='ocrx_word' id='word_1_88' title='bbox 823 1247 980 1302; x_wconf 91' lang='lat' dir='ltr'><strong>nobis</strong></span> <span class='ocrx_word' id='word_1_89' title='bbox 1010 1262 1350 1314; x_wconf 85' lang='lat' dir='ltr'><strong>occurreres,</strong></span> <span class='ocrx_word' id='word_1_90' title='bbox 1413 1258 1466 1304; x_wconf 93' lang='lat' dir='ltr'><strong>et</strong></span> <span class='ocrx_word' id='word_1_91' title='bbox 1493 1258 1584 1304; x_wconf 88' lang='lat' dir='ltr'><strong>aut</strong></span> <span class='ocrx_word' id='word_1_92' title='bbox 1613 1266 1710 1320; x_wconf 88' lang='lat' dir='ltr'><strong>per</strong></span> <span class='ocrx_word' id='word_1_93' title='bbox 1739 1259 1790 1304; x_wconf 92' lang='lat' dir='ltr'><strong>te</strong></span> <span class='ocrx_word' id='word_1_94' title='bbox 1821 1259 1910 1304; x_wconf 92' lang='lat' dir='ltr'><strong>aut</strong></span> <span class='ocrx_word' id='word_1_95' title='bbox 1938 1267 2035 1320; x_wconf 90' lang='lat' dir='ltr'><strong>per</strong></span> <span class='ocrx_word' id='word_1_96' title='bbox 2071 1251 2216 1306; x_wconf 86' lang='lat' dir='ltr'><strong>vica-</strong></span> 
     </span>
    </p>
   </div>
   <div class='ocr_carea' id='block_1_15' title="bbox 619 1330 2216 1410">
    <p class='ocr_par' dir='ltr' id='par_1_15' title="bbox 619 1330 2216 1410">
     <span class='ocr_line' id='line_1_15' title="bbox 619 1330 2216 1410; baseline 0.003 -23"><span class='ocrx_word' id='word_1_97' title='bbox 619 1333 758 1388; x_wconf 88' lang='lat' dir='ltr'><strong>rium</strong></span> <span class='ocrx_word' id='word_1_98' title='bbox 787 1330 964 1388; x_wconf 52' lang='lat' dir='ltr'><strong>&#39;tuum</strong></span> <span class='ocrx_word' id='word_1_99' title='bbox 1047 1345 1240 1392; x_wconf 87' lang='lat' dir='ltr'><strong>cuncta</strong></span> <span class='ocrx_word' id='word_1_100' title='bbox 1294 1345 1464 1392; x_wconf 89' lang='lat' dir='ltr'><strong>errata</strong></span> <span class='ocrx_word' id='word_1_101' title='bbox 1547 1338 1871 1410; x_wconf 84' lang='lat' dir='ltr'><strong>corrigeres,</strong></span> <span class='ocrx_word' id='word_1_102' title='bbox 1925 1347 1976 1392; x_wconf 89' lang='lat' dir='ltr'><strong>et</strong></span> <span class='ocrx_word' id='word_1_103' title='bbox 2030 1338 2108 1392; x_wconf 91' lang='lat' dir='ltr'><strong>sic</strong></span> <span class='ocrx_word' id='word_1_104' title='bbox 2163 1345 2216 1392; x_wconf 91' lang='lat' dir='ltr'><strong>te</strong></span> 
     </span>
    </p>
   </div>
   <div class='ocr_carea' id='block_1_16' title="bbox 618 1421 2214 1492">
    <p class='ocr_par' dir='ltr' id='par_1_16' title="bbox 618 1421 2214 1492">
     <span class='ocr_line' id='line_1_16' title="bbox 618 1421 2214 1492; baseline 0.003 -17"><span class='ocrx_word' id='word_1_105' title='bbox 618 1421 835 1476; x_wconf 92' lang='lat' dir='ltr'><strong>demum</strong></span> <span class='ocrx_word' id='word_1_106' title='bbox 867 1423 1227 1492; x_wconf 89' lang='lat' dir='ltr'><strong>personaliter</strong></span> <span class='ocrx_word' id='word_1_107' title='bbox 1245 1425 1298 1477; x_wconf 91' lang='lat' dir='ltr'><strong>in</strong></span> <span class='ocrx_word' id='word_1_108' title='bbox 1329 1432 1576 1479; x_wconf 89' lang='lat' dir='ltr'><strong>nostrum</strong></span> <span class='ocrx_word' id='word_1_109' title='bbox 1605 1425 1938 1480; x_wconf 85' lang='lat' dir='ltr'><strong>consortium</strong></span> <span class='ocrx_word' id='word_1_110' title='bbox 1967 1425 2214 1480; x_wconf 88' lang='lat' dir='ltr'><strong>admitte-</strong></span> 
     </span>
    </p>
   </div>
   <div class='ocr_carea' id='block_1_17' title="bbox 619 1509 2215 1584">
    <p class='ocr_par' dir='ltr' id='par_1_17' title="bbox 619 1509 2215 1584">
     <span class='ocr_line' id='line_1_17' title="bbox 619 1509 2215 1584; baseline 0.003 -22"><span class='ocrx_word' id='word_1_111' title='bbox 619 1524 823 1563; x_wconf 88' lang='lat' dir='ltr'><strong>remus.</strong></span> <span class='ocrx_word' id='word_1_112' title='bbox 875 1509 984 1565; x_wconf 93' lang='lat' dir='ltr'><strong>Sed</strong></span> <span class='ocrx_word' id='word_1_113' title='bbox 1018 1510 1075 1564; x_wconf 91' lang='lat' dir='ltr'><strong>in</strong></span> <span class='ocrx_word' id='word_1_114' title='bbox 1128 1510 1447 1581; x_wconf 87' lang='lat' dir='ltr'><strong>despectum</strong></span> <span class='ocrx_word' id='word_1_115' title='bbox 1493 1521 1545 1566; x_wconf 91' lang='lat' dir='ltr'><strong>et</strong></span> <span class='ocrx_word' id='word_1_116' title='bbox 1577 1513 1831 1581; x_wconf 89' lang='lat' dir='ltr'><strong>injuriam</strong></span> <span class='ocrx_word' id='word_1_117' title='bbox 1859 1521 2215 1584; x_wconf 87' lang='lat' dir='ltr'><strong>paternorum</strong></span> 
     </span>
    </p>
   </div>
   <div class='ocr_carea' id='block_1_18' title="bbox 615 1599 2215 1664">
    <p class='ocr_par' dir='ltr' id='par_1_18' title="bbox 615 1599 2215 1664">
     <span class='ocr_line' id='line_1_18' title="bbox 615 1599 2215 1664; baseline 0.003 -13"><span class='ocrx_word' id='word_1_118' title='bbox 615 1611 888 1652; x_wconf 89' lang='lat' dir='ltr'><strong>canonum</strong></span> <span class='ocrx_word' id='word_1_119' title='bbox 920 1599 1417 1654; x_wconf 86' lang='lat' dir='ltr'><strong>excommunicatus</strong></span> <span class='ocrx_word' id='word_1_120' title='bbox 1447 1616 1477 1653; x_wconf 89' lang='lat' dir='ltr'><strong>a</strong></span> <span class='ocrx_word' id='word_1_121' title='bbox 1498 1600 1676 1664; x_wconf 90' lang='lat' dir='ltr'><strong>nobis,</strong></span> <span class='ocrx_word' id='word_1_122' title='bbox 1709 1617 1921 1656; x_wconf 88' lang='lat' dir='ltr'><strong>sacrum</strong></span> <span class='ocrx_word' id='word_1_123' title='bbox 1971 1601 2215 1656; x_wconf 89' lang='lat' dir='ltr'><strong>ministe-</strong></span> 
     </span>
    </p>
   </div>
   <div class='ocr_carea' id='block_1_19' title="bbox 613 1685 2214 1760">
    <p class='ocr_par' dir='ltr' id='par_1_19' title="bbox 613 1685 2214 1760">
     <span class='ocr_line' id='line_1_19' title="bbox 613 1685 2214 1760; baseline 0.004 -21"><span class='ocrx_word' id='word_1_124' title='bbox 613 1685 750 1739; x_wconf 88' lang='lat' dir='ltr'><strong>rium</strong></span> <span class='ocrx_word' id='word_1_125' title='bbox 781 1699 949 1758; x_wconf 89' lang='lat' dir='ltr'><strong>agere</strong></span> <span class='ocrx_word' id='word_1_126' title='bbox 979 1686 1314 1758; x_wconf 89' lang='lat' dir='ltr'><strong>missamque</strong></span> <span class='ocrx_word' id='word_1_127' title='bbox 1343 1687 1626 1743; x_wconf 89' lang='lat' dir='ltr'><strong>celebrare</strong></span> <span class='ocrx_word' id='word_1_128' title='bbox 1674 1689 2108 1760; x_wconf 58' lang='lat' dir='ltr'><strong>praesumpsisti;</strong></span> <span class='ocrx_word' id='word_1_129' title='bbox 2143 1690 2214 1745; x_wconf 89' lang='lat' dir='ltr'><strong>de</strong></span> 
     </span>
    </p>
   </div>
   <div class='ocr_carea' id='block_1_20' title="bbox 614 1773 2214 1849">
    <p class='ocr_par' dir='ltr' id='par_1_20' title="bbox 614 1773 2214 1849">
     <span class='ocr_line' id='line_1_20' title="bbox 614 1773 2214 1849; baseline 0.004 -22"><span class='ocrx_word' id='word_1_130' title='bbox 614 1787 722 1844; x_wconf 91' lang='lat' dir='ltr'><strong>quo</strong></span> <span class='ocrx_word' id='word_1_131' title='bbox 753 1773 982 1828; x_wconf 90' lang='lat' dir='ltr'><strong>sollicite</strong></span> <span class='ocrx_word' id='word_1_132' title='bbox 1011 1775 1280 1830; x_wconf 91' lang='lat' dir='ltr'><strong>voluimus</strong></span> <span class='ocrx_word' id='word_1_133' title='bbox 1297 1791 1527 1846; x_wconf 85' lang='lat' dir='ltr'><strong>parcere</strong></span> <span class='ocrx_word' id='word_1_134' title='bbox 1559 1784 1664 1832; x_wconf 67' lang='lat' dir='ltr'><strong>tute</strong></span> <span class='ocrx_word' id='word_1_135' title='bbox 1695 1778 1958 1832; x_wconf 87' lang='lat' dir='ltr'><strong>senectuti</strong></span> <span class='ocrx_word' id='word_1_136' title='bbox 1988 1778 2214 1849; x_wconf 88' lang='lat' dir='ltr'><strong>perqui-</strong></span> 
     </span>
    </p>
   </div>
   <div class='ocr_carea' id='block_1_21' title="bbox 615 1862 2215 1936">
    <p class='ocr_par' dir='ltr' id='par_1_21' title="bbox 615 1862 2215 1936">
     <span class='ocr_line' id='line_1_21' title="bbox 615 1862 2215 1936; baseline 0.004 -22"><span class='ocrx_word' id='word_1_137' title='bbox 615 1869 798 1916; x_wconf 89' lang='lat' dir='ltr'><strong>rentes</strong></span> <span class='ocrx_word' id='word_1_138' title='bbox 822 1881 836 1927; x_wconf 89' lang='lat'><strong>;</strong></span> <span class='ocrx_word' id='word_1_139' title='bbox 871 1862 968 1916; x_wconf 91' lang='lat' dir='ltr'><strong>sed</strong></span> <span class='ocrx_word' id='word_1_140' title='bbox 998 1863 1138 1918; x_wconf 89' lang='lat' dir='ltr'><strong>adeo</strong></span> <span class='ocrx_word' id='word_1_141' title='bbox 1156 1879 1340 1918; x_wconf 90' lang='lat' dir='ltr'><strong>verum</strong></span> <span class='ocrx_word' id='word_1_142' title='bbox 1363 1880 1486 1919; x_wconf 90' lang='lat' dir='ltr'><strong>esse</strong></span> <span class='ocrx_word' id='word_1_143' title='bbox 1507 1865 1964 1934; x_wconf 88' lang='lat' dir='ltr'><strong>deprehendimus</strong></span> <span class='ocrx_word' id='word_1_144' title='bbox 1995 1873 2048 1920; x_wconf 93' lang='lat' dir='ltr'><strong>ut</strong></span> <span class='ocrx_word' id='word_1_145' title='bbox 2068 1882 2215 1936; x_wconf 79' lang='lat' dir='ltr'><strong>prtP-</strong></span> 
     </span>
    </p>
   </div>
   <div class='ocr_carea' id='block_1_22' title="bbox 613 1948 2216 2024">
    <p class='ocr_par' dir='ltr' id='par_1_22' title="bbox 613 1948 2216 2024">
     <span class='ocr_line' id='line_1_22' title="bbox 613 1948 2216 2024; baseline 0.004 -22"><span class='ocrx_word' id='word_1_146' title='bbox 613 1948 846 2004; x_wconf 72' lang='lat' dir='ltr'><strong>centium</strong></span> <span class='ocrx_word' id='word_1_147' title='bbox 875 1956 900 1984; x_wconf 77' lang='grc'>⁸</span> <span class='ocrx_word' id='word_1_148' title='bbox 937 1949 1168 2017; x_wconf 90' lang='lat' dir='ltr'><strong>videtur,</strong></span> <span class='ocrx_word' id='word_1_149' title='bbox 1204 1952 1461 2008; x_wconf 77' lang='lat' dir='ltr'><strong>videlicet</strong></span> <span class='ocrx_word' id='word_1_150' title='bbox 1490 1953 1782 2024; x_wconf 80' lang='lat' dir='ltr'><strong>presbyter</strong></span> <span class='ocrx_word' id='word_1_151' title='bbox 1801 1953 1939 2007; x_wconf 89' lang='lat' dir='ltr'><strong>lator</strong></span> <span class='ocrx_word' id='word_1_152' title='bbox 1955 1969 2062 2008; x_wconf 93' lang='lat' dir='ltr'><strong>non</strong></span> <span class='ocrx_word' id='word_1_153' title='bbox 2093 1953 2216 2010; x_wconf 89' lang='lat' dir='ltr'><strong>fue-</strong></span> 
     </span>
    </p>
   </div>
   <div class='ocr_carea' id='block_1_23' title="bbox 617 2035 2216 2111">
    <p class='ocr_par' dir='ltr' id='par_1_23' title="bbox 617 2035 2216 2111">
     <span class='ocr_line' id='line_1_23' title="bbox 617 2035 2216 2111; baseline 0.004 -21"><span class='ocrx_word' id='word_1_154' title='bbox 617 2035 688 2090; x_wconf 89' lang='lat' dir='ltr'><strong>rit</strong></span> <span class='ocrx_word' id='word_1_155' title='bbox 709 2051 874 2092; x_wconf 90' lang='lat' dir='ltr'><strong>ausus</strong></span> <span class='ocrx_word' id='word_1_156' title='bbox 893 2052 1082 2092; x_wconf 90' lang='lat' dir='ltr'><strong>coram</strong></span> <span class='ocrx_word' id='word_1_157' title='bbox 1097 2038 1328 2111; x_wconf 90' lang='lat' dir='ltr'><strong>collegio</strong></span> <span class='ocrx_word' id='word_1_158' title='bbox 1351 2040 1803 2110; x_wconf 81' lang='lat' dir='ltr'><strong>coepiscOporum</strong></span> <span class='ocrx_word' id='word_1_159' title='bbox 1820 2056 1923 2110; x_wconf 89' lang='lat' dir='ltr'><strong>pro</strong></span> <span class='ocrx_word' id='word_1_160' title='bbox 1940 2042 2094 2096; x_wconf 83' lang='lat' dir='ltr'><strong>vobis</strong></span> <span class='ocrx_word' id='word_1_161' title='bbox 2114 2043 2216 2097; x_wconf 91' lang='lat' dir='ltr'><strong>hoc</strong></span> 
     </span>
    </p>
   </div>
   <div class='ocr_carea' id='block_1_24' title="bbox 620 2123 2217 2198">
    <p class='ocr_par' dir='ltr' id='par_1_24' title="bbox 620 2123 2217 2198">
     <span class='ocr_line' id='line_1_24' title="bbox 620 2123 2217 2198; baseline 0.005 -21"><span class='ocrx_word' id='word_1_162' title='bbox 620 2123 956 2179; x_wconf 84' lang='lat' dir='ltr'><strong>satisfacere.</strong></span> <span class='ocrx_word' id='word_1_163' title='bbox 992 2123 1339 2196; x_wconf 83' lang='lat' dir='ltr'><strong>Quapropter</strong></span> <span class='ocrx_word' id='word_1_164' title='bbox 1368 2127 1516 2198; x_wconf 89' lang='lat' dir='ltr'><strong>quia,</strong></span> <span class='ocrx_word' id='word_1_165' title='bbox 1549 2128 1780 2182; x_wconf 90' lang='lat' dir='ltr'><strong>Domino</strong></span> <span class='ocrx_word' id='word_1_166' title='bbox 1803 2129 2112 2195; x_wconf 86' lang='lat' dir='ltr'><strong>auxiliante,</strong></span> <span class='ocrx_word' id='word_1_167' title='bbox 2138 2146 2217 2185; x_wconf 83' lang='lat' dir='ltr'><strong>se-</strong></span> 
     </span>
    </p>
   </div>
   <div class='ocr_carea' id='block_1_25' title="bbox 619 2211 2216 2288">
    <p class='ocr_par' dir='ltr' id='par_1_25' title="bbox 619 2211 2216 2288">
     <span class='ocr_line' id='line_1_25' title="bbox 619 2211 2216 2288; baseline 0.004 -22"><span class='ocrx_word' id='word_1_168' title='bbox 619 2211 856 2266; x_wconf 87' lang='lat' dir='ltr'><strong>cundum</strong></span> <span class='ocrx_word' id='word_1_169' title='bbox 883 2220 1079 2267; x_wconf 88' lang='lat' dir='ltr'><strong>statuta</strong></span> <span class='ocrx_word' id='word_1_170' title='bbox 1100 2228 1368 2268; x_wconf 88' lang='lat' dir='ltr'><strong>canonum</strong></span> <span class='ocrx_word' id='word_1_171' title='bbox 1388 2215 1531 2270; x_wconf 88' lang='lat' dir='ltr'><strong>circa</strong></span> <span class='ocrx_word' id='word_1_172' title='bbox 1553 2217 1791 2270; x_wconf 88' lang='lat' dir='ltr'><strong>autumni</strong></span> <span class='ocrx_word' id='word_1_173' title='bbox 1815 2226 2026 2287; x_wconf 89' lang='lat' dir='ltr'><strong>tempus</strong></span> <span class='ocrx_word' id='word_1_174' title='bbox 2047 2234 2216 2288; x_wconf 88' lang='lat' dir='ltr'><strong>syno-</strong></span> 
     </span>
    </p>
   </div>
   <div class='ocr_carea' id='block_1_26' title="bbox 617 2298 2217 2373">
    <p class='ocr_par' dir='ltr' id='par_1_26' title="bbox 617 2298 2217 2373">
     <span class='ocr_line' id='line_1_26' title="bbox 617 2298 2217 2373; baseline 0.005 -21"><span class='ocrx_word' id='word_1_175' title='bbox 617 2298 749 2352; x_wconf 89' lang='lat' dir='ltr'><strong>dum</strong></span> <span class='ocrx_word' id='word_1_176' title='bbox 781 2315 966 2354; x_wconf 90' lang='lat' dir='ltr'><strong>sumus</strong></span> <span class='ocrx_word' id='word_1_177' title='bbox 987 2299 1334 2366; x_wconf 81' lang='lat' dir='ltr'><strong>celebraturi,</strong></span> <span class='ocrx_word' id='word_1_178' title='bbox 1367 2303 1434 2357; x_wconf 88' lang='lat' dir='ltr'><strong>ad</strong></span> <span class='ocrx_word' id='word_1_179' title='bbox 1465 2317 1628 2373; x_wconf 91' lang='lat' dir='ltr'><strong>quam</strong></span> <span class='ocrx_word' id='word_1_180' title='bbox 1668 2311 1720 2358; x_wconf 91' lang='lat' dir='ltr'><strong>te</strong></span> <span class='ocrx_word' id='word_1_181' title='bbox 1750 2303 2019 2371; x_wconf 86' lang='lat' dir='ltr'><strong>volumus,</strong></span> <span class='ocrx_word' id='word_1_182' title='bbox 2069 2305 2217 2360; x_wconf 88' lang='lat' dir='ltr'><strong>omni</strong></span> 
     </span>
    </p>
   </div>
   <div class='ocr_carea' id='block_1_27' title="bbox 623 2386 2219 2465">
    <p class='ocr_par' dir='ltr' id='par_1_27' title="bbox 623 2386 2219 2465">
     <span class='ocr_line' id='line_1_27' title="bbox 623 2386 2219 2465; baseline 0.005 -25"><span class='ocrx_word' id='word_1_183' title='bbox 623 2386 914 2442; x_wconf 85' lang='lat' dir='ltr'><strong>occasione</strong></span> <span class='ocrx_word' id='word_1_184' title='bbox 942 2388 1263 2458; x_wconf 89' lang='lat' dir='ltr'><strong>postposita,</strong></span> <span class='ocrx_word' id='word_1_185' title='bbox 1297 2390 1414 2444; x_wconf 92' lang='lat' dir='ltr'><strong>sine</strong></span> <span class='ocrx_word' id='word_1_186' title='bbox 1459 2405 1616 2445; x_wconf 88' lang='lat' dir='ltr'><strong>mora</strong></span> <span class='ocrx_word' id='word_1_187' title='bbox 1646 2391 1829 2446; x_wconf 87' lang='lat' dir='ltr'><strong>venire</strong></span> <span class='ocrx_word' id='word_1_188' title='bbox 1875 2400 1967 2446; x_wconf 90' lang='lat' dir='ltr'><strong>aut</strong></span> <span class='ocrx_word' id='word_1_189' title='bbox 2003 2392 2219 2465; x_wconf 83' lang='lat' dir='ltr'><strong>legatos</strong></span> 
     </span>
    </p>
   </div>
   <div class='ocr_carea' id='block_1_28' title="bbox 615 2472 2218 2552">
    <p class='ocr_par' dir='ltr' id='par_1_28' title="bbox 615 2472 2218 2552">
     <span class='ocr_line' id='line_1_28' title="bbox 615 2472 2218 2552; baseline 0.005 -24"><span class='ocrx_word' id='word_1_190' title='bbox 615 2472 874 2546; x_wconf 75' lang='lat' dir='ltr'><strong>dirigere,</strong></span> <span class='ocrx_word' id='word_1_191' title='bbox 937 2483 990 2528; x_wconf 92' lang='lat' dir='ltr'><strong>et</strong></span> <span class='ocrx_word' id='word_1_192' title='bbox 1044 2475 1192 2542; x_wconf 90' lang='lat' dir='ltr'><strong>dum,</strong></span> <span class='ocrx_word' id='word_1_193' title='bbox 1258 2477 1472 2532; x_wconf 88' lang='lat' dir='ltr'><strong>Christo</strong></span> <span class='ocrx_word' id='word_1_194' title='bbox 1529 2479 1847 2549; x_wconf 84' lang='lat' dir='ltr'><strong>opitulante,</strong></span> <span class='ocrx_word' id='word_1_195' title='bbox 1907 2489 2218 2552; x_wconf 88' lang='lat' dir='ltr'><strong>perpetrata</strong></span> 
     </span>
    </p>
   </div>
   <div class='ocr_carea' id='block_1_29' title="bbox 616 2561 2215 2637">
    <p class='ocr_par' dir='ltr' id='par_1_29' title="bbox 616 2561 2215 2637">
     <span class='ocr_line' id='line_1_29' title="bbox 616 2561 2215 2637; baseline 0.007 -24"><span class='ocrx_word' id='word_1_196' title='bbox 616 2561 1064 2634; x_wconf 79' lang='lat' dir='ltr'><strong>transgressionis</strong></span> <span class='ocrx_word' id='word_1_197' title='bbox 1092 2567 1438 2637; x_wconf 82' lang='lat' dir='ltr'><strong>purgaveris,</strong></span> <span class='ocrx_word' id='word_1_198' title='bbox 1471 2575 1522 2621; x_wconf 93' lang='lat' dir='ltr'><strong>te</strong></span> <span class='ocrx_word' id='word_1_199' title='bbox 1551 2567 1605 2620; x_wconf 91' lang='lat' dir='ltr'><strong>in</strong></span> <span class='ocrx_word' id='word_1_200' title='bbox 1629 2569 2066 2624; x_wconf 89' lang='lat' dir='ltr'><strong>communionem</strong></span> <span class='ocrx_word' id='word_1_201' title='bbox 2097 2586 2215 2624; x_wconf 92' lang='lat' dir='ltr'><strong>om-</strong></span> 
     </span>
    </p>
   </div>
   <div class='ocr_carea' id='block_1_30' title="bbox 621 2647 1723 2727">
    <p class='ocr_par' dir='ltr' id='par_1_30' title="bbox 621 2647 1723 2727">
     <span class='ocr_line' id='line_1_30' title="bbox 621 2647 1723 2727; baseline 0.008 -25"><span class='ocrx_word' id='word_1_202' title='bbox 621 2647 854 2704; x_wconf 88' lang='lat' dir='ltr'><strong>nimodis</strong></span> <span class='ocrx_word' id='word_1_203' title='bbox 893 2651 1240 2721; x_wconf 89' lang='lat' dir='ltr'><strong>recipiemus.</strong></span> <span class='ocrx_word' id='word_1_204' title='bbox 1275 2654 1415 2708; x_wconf 88' lang='lat' dir='ltr'><strong>Data</strong></span> <span class='ocrx_word' id='word_1_205' title='bbox 1444 2659 1511 2709; x_wconf 80' lang='lat' dir='ltr'><strong>ut</strong></span> <span class='ocrx_word' id='word_1_206' title='bbox 1532 2672 1723 2727; x_wconf 77' lang='lat' dir='ltr'><strong>supra.</strong></span> 
     </span>
    </p>
   </div>
   <div class='ocr_carea' id='block_1_31' title="bbox 1311 2758 1537 2814">
    <p class='ocr_par' dir='ltr' id='par_1_31' title="bbox 1311 2758 1537 2814">
     <span class='ocr_line' id='line_1_31' title="bbox 1311 2758 1537 2814; baseline 0.004 -1"><span class='ocrx_word' id='word_1_207' title='bbox 1311 2758 1537 2814; x_wconf 82' lang='lat' dir='ltr'><strong>CCXLI.</strong></span> 
     </span>
    </p>
   </div>
   <div class='ocr_carea' id='block_1_32' title="bbox 979 2858 1857 2904">
    <p class='ocr_par' dir='ltr' id='par_1_32' title="bbox 979 2858 1857 2904">
     <span class='ocr_line' id='line_1_32' title="bbox 979 2858 1857 2904; baseline 0.009 -8"><span class='ocrx_word' id='word_1_208' title='bbox 979 2858 1050 2897; x_wconf 76' lang='lat' dir='ltr'><strong>AD</strong></span> <span class='ocrx_word' id='word_1_209' title='bbox 1089 2858 1499 2902; x_wconf 74' lang='lat' dir='ltr'><strong>ANGELBEBGAM</strong></span> <span class='ocrx_word' id='word_1_210' title='bbox 1545 2863 1857 2904; x_wconf 69' lang='lat' dir='ltr'><strong>AUGUSTAM.</strong></span> 
     </span>
    </p>
   </div>
   <div class='ocr_carea' id='block_1_33' title="bbox 1239 2934 1599 3006">
    <p class='ocr_par' dir='ltr' id='par_1_33' title="bbox 1239 2934 1599 3006">
     <span class='ocr_line' id='line_1_33' title="bbox 1239 2934 1599 3006; baseline 0.011 -19"><span class='ocrx_word' id='word_1_211' title='bbox 1239 2934 1418 3004; x_wconf 74' lang='lat' dir='ltr'><strong>(Anno</strong></span> <span class='ocrx_word' id='word_1_212' title='bbox 1449 2937 1599 3006; x_wconf 87' lang='lat'><strong>879.)</strong></span> 
     </span>
    </p>
   </div>
   <div class='ocr_carea' id='block_1_34' title="bbox 621 3017 2214 3095">
    <p class='ocr_par' dir='ltr' id='par_1_34' title="bbox 621 3017 2214 3095">
     <span class='ocr_line' id='line_1_34' title="bbox 621 3017 2214 3095; baseline 0.008 -24"><span class='ocrx_word' id='word_1_213' title='bbox 621 3017 916 3095; x_wconf 57' lang='lat' dir='ltr'><strong>Signiﬁcat</strong></span> <span class='ocrx_word' id='word_1_214' title='bbox 930 3034 990 3073; x_wconf 75' lang='lat' dir='ltr'><strong>se</strong></span> <span class='ocrx_word' id='word_1_215' title='bbox 1005 3019 1174 3095; x_wconf 79' lang='lat' dir='ltr'><strong>modo</strong></span> <span class='ocrx_word' id='word_1_216' title='bbox 1179 3020 1456 3095; x_wconf 70' lang='lat' dir='ltr'><strong>absolvere</strong></span> <span class='ocrx_word' id='word_1_217' title='bbox 1476 3025 1628 3080; x_wconf 79' lang='lat' dir='ltr'><strong>nolle</strong></span> <span class='ocrx_word' id='word_1_218' title='bbox 1662 3025 2004 3095; x_wconf 81' lang='lat' dir='ltr'><strong>Anspertum</strong></span> <span class='ocrx_word' id='word_1_219' title='bbox 2029 3029 2214 3084; x_wconf 80' lang='lat' dir='ltr'><strong>archi-</strong></span> 
     </span>
    </p>
   </div>
   <div class='ocr_carea' id='block_1_35' title="bbox 691 3088 2216 3170">
    <p class='ocr_par' dir='ltr' id='par_1_35' title="bbox 691 3088 2216 3170">
     <span class='ocr_line' id='line_1_35' title="bbox 691 3088 2216 3170; baseline 0.009 -29"><span class='ocrx_word' id='word_1_220' title='bbox 691 3088 1174 3170; x_wconf 30' lang='lat' dir='ltr'><strong>episcopumased</strong></span> <span class='ocrx_word' id='word_1_221' title='bbox 1214 3092 1272 3170; x_wconf 61' lang='lat' dir='ltr'><strong>si</strong></span> <span class='ocrx_word' id='word_1_222' title='bbox 1299 3093 1360 3170; x_wconf 68' lang='lat' dir='ltr'><strong>in</strong></span> <span class='ocrx_word' id='word_1_223' title='bbox 1399 3095 1603 3164; x_wconf 78' lang='lat' dir='ltr'><strong>synodo</strong></span> <span class='ocrx_word' id='word_1_224' title='bbox 1633 3088 1880 3170; x_wconf 68' lang='lat' dir='ltr'><strong>crimina</strong></span> <span class='ocrx_word' id='word_1_225' title='bbox 1917 3114 2040 3170; x_wconf 75' lang='lat' dir='ltr'><strong>qua:</strong></span> <span class='ocrx_word' id='word_1_226' title='bbox 2077 3100 2216 3170; x_wconf 79' lang='lat' dir='ltr'><strong>obji-</strong></span> 
     </span>
    </p>
   </div>
   <div class='ocr_carea' id='block_1_36' title="bbox 687 3157 2214 3229">
    <p class='ocr_par' dir='ltr' id='par_1_36' title="bbox 687 3157 2214 3229">
     <span class='ocr_line' id='line_1_36' title="bbox 687 3157 2214 3229; baseline 0.009 -18"><span class='ocrx_word' id='word_1_227' title='bbox 687 3157 1010 3229; x_wconf 69' lang='lat' dir='ltr'><strong>ciebaatur,</strong></span> <span class='ocrx_word' id='word_1_228' title='bbox 1035 3159 1295 3229; x_wconf 80' lang='lat' dir='ltr'><strong>diluerit,</strong></span> <span class='ocrx_word' id='word_1_229' title='bbox 1321 3157 1456 3229; x_wconf 66' lang='lat' dir='ltr'><strong>tuni-</strong></span> <span class='ocrx_word' id='word_1_230' title='bbox 1478 3179 1606 3218; x_wconf 79' lang='lat' dir='ltr'><strong>cam</strong></span> <span class='ocrx_word' id='word_1_231' title='bbox 1625 3157 2214 3225; x_wconf 53' lang='lat' dir='ltr'><strong>excoumiuizicatio&#39;ne</strong></span> 
     </span>
    </p>
   </div>
   <div class='ocr_carea' id='block_1_37' title="bbox 691 3227 2288 3309">
    <p class='ocr_par' dir='ltr' id='par_1_37' title="bbox 691 3227 2288 3309">
     <span class='ocr_line' id='line_1_37' title="bbox 691 3227 2288 3309; baseline 0.009 -28"><span class='ocrx_word' id='word_1_232' title='bbox 691 3228 1086 3309; x_wconf 63' lang='lat' dir='ltr'><strong>absoluturum</strong></span> <span class='ocrx_word' id='word_1_233' title='bbox 1117 3249 1136 3284; x_wconf 90' lang='lat'><strong><em>:</em></strong></span> <span class='ocrx_word' id='word_1_234' title='bbox 1158 3231 1251 3309; x_wconf 70' lang='lat' dir='ltr'><strong>ait</strong></span> <span class='ocrx_word' id='word_1_235' title='bbox 1271 3227 1328 3309; x_wconf 68' lang='lat' dir='ltr'><strong>se</strong></span> <span class='ocrx_word' id='word_1_236' title='bbox 1357 3227 1458 3303; x_wconf 61' lang='lat' dir='ltr'><strong>pro</strong></span> <span class='ocrx_word' id='word_1_237' title='bbox 1486 3235 1760 3309; x_wconf 66' lang='lat' dir='ltr'><strong>Ludovico</strong></span> <span class='ocrx_word' id='word_1_238' title='bbox 1789 3237 2130 3309; x_wconf 78' lang='lat' dir='ltr'><strong>imperatore</strong></span> <span class='ocrx_word' id='word_1_239' title='bbox 2151 3241 2213 3294; x_wconf 80' lang='lat' dir='ltr'><strong>in</strong></span> <span class='ocrx_word' id='word_1_240' title='bbox 2284 3290 2288 3293; x_wconf 95' lang='lat'><strong>.</strong></span> 
     </span>
    </p>
   </div>
   <div class='ocr_carea' id='block_1_38' title="bbox 690 3299 1846 3374">
    <p class='ocr_par' dir='ltr' id='par_1_38' title="bbox 690 3299 1846 3374">
     <span class='ocr_line' id='line_1_38' title="bbox 690 3299 1846 3374; baseline 0.009 -24"><span class='ocrx_word' id='word_1_241' title='bbox 690 3299 1084 3355; x_wconf 78' lang='lat' dir='ltr'><strong>anniversario</strong></span> <span class='ocrx_word' id='word_1_242' title='bbox 1114 3302 1236 3371; x_wconf 77' lang='lat' dir='ltr'><strong>ejus</strong></span> <span class='ocrx_word' id='word_1_243' title='bbox 1257 3299 1846 3374; x_wconf 59' lang='lat' dir='ltr'><strong>dissona/acturum.</strong></span> 
     </span>
    </p>
   </div>
   <div class='ocr_carea' id='block_1_39' title="bbox 689 3383 2206 3466">
    <p class='ocr_par' dir='ltr' id='par_1_39' title="bbox 689 3383 2206 3466">
     <span class='ocr_line' id='line_1_39' title="bbox 689 3383 2206 3466; baseline 0.009 -27"><span class='ocrx_word' id='word_1_244' title='bbox 689 3383 916 3440; x_wconf 72' lang='lat' dir='ltr'><strong>Dilecta:</strong></span> <span class='ocrx_word' id='word_1_245' title='bbox 937 3401 1000 3441; x_wconf 92' lang='lat' dir='ltr'><strong>ac</strong></span> <span class='ocrx_word' id='word_1_246' title='bbox 1031 3387 1261 3457; x_wconf 86' lang='lat' dir='ltr'><strong>spiritali</strong></span> <span class='ocrx_word' id='word_1_247' title='bbox 1293 3387 1416 3444; x_wconf 67' lang='lat' dir='ltr'><strong>filias</strong></span> <span class='ocrx_word' id='word_1_248' title='bbox 1438 3393 1832 3448; x_wconf 64' lang='lat' dir='ltr'><strong>Arzanenam:</strong></span> <span class='ocrx_word' id='word_1_249' title='bbox 1851 3393 2206 3466; x_wconf 89' lang='lat' dir='ltr'><strong>imperatrici.</strong></span> 
     </span>
    </p>
   </div>
   <div class='ocr_carea' id='block_1_40' title="bbox 687 3470 2216 3554">
    <p class='ocr_par' dir='ltr' id='par_1_40' title="bbox 687 3470 2216 3554">
     <span class='ocr_line' id='line_1_40' title="bbox 687 3470 2216 3554; baseline 0.011 -29"><span class='ocrx_word' id='word_1_250' title='bbox 687 3471 784 3526; x_wconf 90' lang='lat' dir='ltr'><strong>Pio</strong></span> <span class='ocrx_word' id='word_1_251' title='bbox 812 3470 1008 3528; x_wconf 76' lang='lat' dir='ltr'><strong>affectu</strong></span> <span class='ocrx_word' id='word_1_252' title='bbox 1035 3475 1310 3544; x_wconf 90' lang='lat' dir='ltr'><strong>petitionis</strong></span> <span class='ocrx_word' id='word_1_253' title='bbox 1342 3486 1535 3533; x_wconf 71' lang='lat' dir='ltr'><strong>vestrae</strong></span> <span class='ocrx_word' id='word_1_254' title='bbox 1561 3495 1752 3550; x_wconf 90' lang='lat' dir='ltr'><strong>preces</strong></span> <span class='ocrx_word' id='word_1_255' title='bbox 1783 3483 1978 3554; x_wconf 88' lang='lat' dir='ltr'><strong>quibus</strong></span> <span class='ocrx_word' id='word_1_256' title='bbox 2005 3501 2106 3540; x_wconf 91' lang='lat' dir='ltr'><strong>nos</strong></span> <span class='ocrx_word' id='word_1_257' title='bbox 2123 3503 2216 3542; x_wconf 86' lang='lat' dir='ltr'><strong>su-</strong></span> 
     </span>
    </p>
   </div>
   <div class='ocr_carea' id='block_1_41' title="bbox 615 3559 2212 3640">
    <p class='ocr_par' dir='ltr' id='par_1_41' title="bbox 615 3559 2212 3640">
     <span class='ocr_line' id='line_1_41' title="bbox 615 3559 2212 3640; baseline 0.011 -27"><span class='ocrx_word' id='word_1_258' title='bbox 615 3575 717 3630; x_wconf 90' lang='lat' dir='ltr'><strong>per</strong></span> <span class='ocrx_word' id='word_1_259' title='bbox 745 3559 1086 3616; x_wconf 85' lang='lat' dir='ltr'><strong>absolutione</strong></span> <span class='ocrx_word' id='word_1_260' title='bbox 1115 3565 1691 3622; x_wconf 82' lang='lat' dir='ltr'><strong>excommunicationis</strong></span> <span class='ocrx_word' id='word_1_261' title='bbox 1715 3572 1970 3640; x_wconf 83' lang='lat' dir='ltr'><strong>Ausperti</strong></span> <span class='ocrx_word' id='word_1_262' title='bbox 2001 3573 2212 3630; x_wconf 87' lang='lat' dir='ltr'><strong>Medio—</strong></span> 
     </span>
    </p>
   </div>
   <div class='ocr_carea' id='block_1_42' title="bbox 613 3646 2214 3727">
    <p class='ocr_par' dir='ltr' id='par_1_42' title="bbox 613 3646 2214 3727">
     <span class='ocr_line' id='line_1_42' title="bbox 613 3646 2214 3727; baseline 0.011 -28"><span class='ocrx_word' id='word_1_263' title='bbox 613 3646 856 3701; x_wconf 90' lang='lat' dir='ltr'><strong>lanensis</strong></span> <span class='ocrx_word' id='word_1_264' title='bbox 884 3648 1275 3722; x_wconf 90' lang='lat' dir='ltr'><strong>archiepiscopi</strong></span> <span class='ocrx_word' id='word_1_265' title='bbox 1296 3662 1516 3722; x_wconf 87' lang='lat' dir='ltr'><strong>precata</strong></span> <span class='ocrx_word' id='word_1_266' title='bbox 1539 3670 1599 3709; x_wconf 90' lang='lat' dir='ltr'><strong>es</strong></span> <span class='ocrx_word' id='word_1_267' title='bbox 1617 3657 1895 3727; x_wconf 86' lang='lat' dir='ltr'><strong>exaudire,</strong></span> <span class='ocrx_word' id='word_1_268' title='bbox 1915 3664 2214 3716; x_wconf 87' lang='lat' dir='ltr'><strong>secundum</strong></span> 
     </span>
    </p>
   </div>
   <div class='ocr_carea' id='block_1_43' title="bbox 568 3733 2210 3816">
    <p class='ocr_par' dir='ltr' id='par_1_43' title="bbox 568 3733 2210 3816">
     <span class='ocr_line' id='line_1_43' title="bbox 568 3733 2210 3816; baseline 0.01 -31"><span class='ocrx_word' id='word_1_269' title='bbox 568 3763 574 3768; x_wconf 96' lang='lat'><strong><em>-</em></strong></span> <span class='ocrx_word' id='word_1_270' title='bbox 615 3733 870 3786; x_wconf 87' lang='lat' dir='ltr'><strong>collatam</strong></span> <span class='ocrx_word' id='word_1_271' title='bbox 898 3734 1056 3789; x_wconf 91' lang='lat' dir='ltr'><strong>nobis</strong></span> <span class='ocrx_word' id='word_1_272' title='bbox 1084 3736 1288 3806; x_wconf 79' lang='lat' dir='ltr'><strong>ligandi</strong></span> <span class='ocrx_word' id='word_1_273' title='bbox 1317 3739 1672 3812; x_wconf 88' lang='lat' dir='ltr'><strong>solvendique</strong></span> <span class='ocrx_word' id='word_1_274' title='bbox 1694 3743 1950 3800; x_wconf 91' lang='lat' dir='ltr'><strong>divinitus</strong></span> <span class='ocrx_word' id='word_1_275' title='bbox 1967 3756 2210 3816; x_wconf 88' lang='lat' dir='ltr'><strong>potesta-</strong></span> 
     </span>
    </p>
   </div>
   <div class='ocr_carea' id='block_1_44' title="bbox 615 3825 2213 3904">
    <p class='ocr_par' dir='ltr' id='par_1_44' title="bbox 615 3825 2213 3904">
     <span class='ocr_line' id='line_1_44' title="bbox 615 3825 2213 3904; baseline 0.011 -32"><span class='ocrx_word' id='word_1_276' title='bbox 615 3826 744 3888; x_wconf 89' lang='lat' dir='ltr'><strong>tem,</strong></span> <span class='ocrx_word' id='word_1_277' title='bbox 774 3835 885 3874; x_wconf 89' lang='lat' dir='ltr'><strong>non</strong></span> <span class='ocrx_word' id='word_1_278' title='bbox 911 3825 1467 3892; x_wconf 69' lang='lat' dir='ltr'><strong>praetermitteremus,</strong></span> <span class='ocrx_word' id='word_1_279' title='bbox 1503 3836 1558 3883; x_wconf 90' lang='lat' dir='ltr'><strong>et</strong></span> <span class='ocrx_word' id='word_1_280' title='bbox 1594 3831 1827 3885; x_wconf 82' lang='lat' dir='ltr'><strong>maxime</strong></span> <span class='ocrx_word' id='word_1_281' title='bbox 1857 3843 2084 3904; x_wconf 84' lang='lat' dir='ltr'><strong>propter</strong></span> <span class='ocrx_word' id='word_1_282' title='bbox 2111 3851 2213 3890; x_wconf 85' lang='lat' dir='ltr'><strong>an-</strong></span> 
     </span>
    </p>
   </div>
   <div class='ocr_carea' id='block_1_45' title="bbox 613 3910 2212 3978">
    <p class='ocr_par' dir='ltr' id='par_1_45' title="bbox 613 3910 2212 3978">
     <span class='ocr_line' id='line_1_45' title="bbox 613 3910 2212 3978; baseline 0.012 -19"><span class='ocrx_word' id='word_1_283' title='bbox 613 3920 775 3960; x_wconf 91' lang='lat' dir='ltr'><strong>nuam</strong></span> <span class='ocrx_word' id='word_1_284' title='bbox 800 3910 1369 3967; x_wconf 85' lang='lat' dir='ltr'><strong>commemorationem</strong></span> <span class='ocrx_word' id='word_1_285' title='bbox 1397 3915 1538 3970; x_wconf 66' lang='lat' dir='ltr'><strong>divae</strong></span> <span class='ocrx_word' id='word_1_286' title='bbox 1569 3919 1850 3974; x_wconf 83' lang='lat' dir='ltr'><strong>memoriae</strong></span> <span class='ocrx_word' id='word_1_287' title='bbox 1879 3921 2086 3976; x_wconf 90' lang='lat' dir='ltr'><strong>domini</strong></span> <span class='ocrx_word' id='word_1_288' title='bbox 2101 3923 2212 3978; x_wconf 91' lang='lat' dir='ltr'><strong>Lu-</strong></span> 
     </span>
    </p>
   </div>
   <div class='ocr_carea' id='block_1_46' title="bbox 612 3991 2212 4079">
    <p class='ocr_par' dir='ltr' id='par_1_46' title="bbox 612 3991 2212 4079">
     <span class='ocr_line' id='line_1_46' title="bbox 612 3991 2212 4079; baseline 0.012 -33"><span class='ocrx_word' id='word_1_289' title='bbox 612 3991 812 4060; x_wconf 88' lang='lat' dir='ltr'><strong>dovici,</strong></span> <span class='ocrx_word' id='word_1_290' title='bbox 846 3996 1120 4066; x_wconf 90' lang='lat' dir='ltr'><strong>quondam</strong></span> <span class='ocrx_word' id='word_1_291' title='bbox 1141 3997 1482 4069; x_wconf 89' lang='lat' dir='ltr'><strong>imperatoris</strong></span> <span class='ocrx_word' id='word_1_292' title='bbox 1511 4004 1764 4076; x_wconf 82' lang='lat' dir='ltr'><strong>Augusti,</strong></span> <span class='ocrx_word' id='word_1_293' title='bbox 1801 4024 1921 4078; x_wconf 74' lang='lat' dir='ltr'><strong>quae</strong></span> <span class='ocrx_word' id='word_1_294' title='bbox 1949 4009 2004 4062; x_wconf 91' lang='lat' dir='ltr'><strong>in</strong></span> <span class='ocrx_word' id='word_1_295' title='bbox 2023 4011 2212 4079; x_wconf 87' lang='lat' dir='ltr'><strong>proxi-</strong></span> 
     </span>
    </p>
   </div>
   <div class='ocr_carea' id='block_1_47' title="bbox 619 4080 2212 4162">
    <p class='ocr_par' dir='ltr' id='par_1_47' title="bbox 619 4080 2212 4162">
     <span class='ocr_line' id='line_1_47' title="bbox 619 4080 2212 4162; baseline 0.013 -28"><span class='ocrx_word' id='word_1_296' title='bbox 619 4095 710 4136; x_wconf 88' lang='lat' dir='ltr'><strong>mo</strong></span> <span class='ocrx_word' id='word_1_297' title='bbox 735 4080 1061 4138; x_wconf 90' lang='lat' dir='ltr'><strong>celebranda</strong></span> <span class='ocrx_word' id='word_1_298' title='bbox 1089 4093 1208 4151; x_wconf 91' lang='lat' dir='ltr'><strong>est;</strong></span> <span class='ocrx_word' id='word_1_299' title='bbox 1245 4089 1342 4143; x_wconf 90' lang='lat' dir='ltr'><strong>sed</strong></span> <span class='ocrx_word' id='word_1_300' title='bbox 1371 4091 1500 4160; x_wconf 89' lang='lat' dir='ltr'><strong>quia</strong></span> <span class='ocrx_word' id='word_1_301' title='bbox 1541 4093 1792 4162; x_wconf 88' lang='lat' dir='ltr'><strong>synodali</strong></span> <span class='ocrx_word' id='word_1_302' title='bbox 1819 4111 1944 4150; x_wconf 90' lang='lat' dir='ltr'><strong>eum</strong></span> <span class='ocrx_word' id='word_1_303' title='bbox 1994 4097 2212 4154; x_wconf 90' lang='lat' dir='ltr'><strong>decreto</strong></span> 
     </span>
    </p>
   </div>
   <div class='ocr_carea' id='block_1_48' title="bbox 613 4169 2214 4258">
    <p class='ocr_par' dir='ltr' id='par_1_48' title="bbox 613 4169 2214 4258">
     <span class='ocr_line' id='line_1_48' title="bbox 613 4169 2214 4258; baseline 0.014 -38"><span class='ocrx_word' id='word_1_304' title='bbox 613 4183 714 4237; x_wconf 91' lang='lat' dir='ltr'><strong>pro</strong></span> <span class='ocrx_word' id='word_1_305' title='bbox 745 4169 858 4224; x_wconf 86' lang='lat' dir='ltr'><strong>suis</strong></span> <span class='ocrx_word' id='word_1_306' title='bbox 890 4171 1236 4243; x_wconf 87' lang='lat' dir='ltr'><strong>negligentiis</strong></span> <span class='ocrx_word' id='word_1_307' title='bbox 1267 4184 1321 4230; x_wconf 89' lang='lat' dir='ltr'><strong>et</strong></span> <span class='ocrx_word' id='word_1_308' title='bbox 1346 4181 1884 4250; x_wconf 59' lang='lat' dir='ltr'><strong>praesumptionibus,</strong></span> <span class='ocrx_word' id='word_1_309' title='bbox 1927 4185 2064 4240; x_wconf 90' lang='lat' dir='ltr'><strong>sicut</strong></span> <span class='ocrx_word' id='word_1_310' title='bbox 2094 4186 2214 4258; x_wconf 88' lang='lat' dir='ltr'><strong>ipsa</strong></span> 
     </span>
    </p>
   </div>
   <div class='ocr_carea' id='block_1_49' title="bbox 2315 454 3912 527">
    <p class='ocr_par' dir='ltr' id='par_1_49' title="bbox 2315 454 3912 527">
     <span class='ocr_line' id='line_1_49' title="bbox 2315 454 3912 527; baseline 0.002 -18"><span class='ocrx_word' id='word_1_311' title='bbox 2315 454 2600 524; x_wconf 87' lang='lat' dir='ltr'><strong>tisfaciant,</strong></span> <span class='ocrx_word' id='word_1_312' title='bbox 2633 465 2759 512; x_wconf 89' lang='lat' dir='ltr'><strong>tunc</strong></span> <span class='ocrx_word' id='word_1_313' title='bbox 2788 465 2910 527; x_wconf 87' lang='lat' dir='ltr'><strong>post</strong></span> <span class='ocrx_word' id='word_1_314' title='bbox 2957 471 3144 511; x_wconf 82' lang='lat' dir='ltr'><strong>veram</strong></span> <span class='ocrx_word' id='word_1_315' title='bbox 3193 455 3605 512; x_wconf 82' lang='lat' dir='ltr'><strong>satisfactionem</strong></span> <span class='ocrx_word' id='word_1_316' title='bbox 3654 457 3722 512; x_wconf 89' lang='lat' dir='ltr'><strong>ab</strong></span> <span class='ocrx_word' id='word_1_317' title='bbox 3766 459 3912 512; x_wconf 85' lang='lat' dir='ltr'><strong>omni</strong></span> 
     </span>
    </p>
   </div>
   <div class='ocr_carea' id='block_1_50' title="bbox 2318 545 3913 616">
    <p class='ocr_par' dir='ltr' id='par_1_50' title="bbox 2318 545 3913 616">
     <span class='ocr_line' id='line_1_50' title="bbox 2318 545 3913 616; baseline 0.003 -19"><span class='ocrx_word' id='word_1_318' title='bbox 2318 561 2442 598; x_wconf 90' lang='lat' dir='ltr'><strong>eum</strong></span> <span class='ocrx_word' id='word_1_319' title='bbox 2473 545 3044 600; x_wconf 83' lang='lat' dir='ltr'><strong>excommunicationis</strong></span> <span class='ocrx_word' id='word_1_320' title='bbox 3076 562 3217 600; x_wconf 82' lang='lat' dir='ltr'><strong>nexu</strong></span> <span class='ocrx_word' id='word_1_321' title='bbox 3247 545 3434 616; x_wconf 87' lang='lat' dir='ltr'><strong>procul</strong></span> <span class='ocrx_word' id='word_1_322' title='bbox 3465 546 3627 600; x_wconf 89' lang='lat' dir='ltr'><strong>dubio</strong></span> <span class='ocrx_word' id='word_1_323' title='bbox 3657 547 3913 602; x_wconf 86' lang='lat' dir='ltr'><strong>absolve-</strong></span> 
     </span>
    </p>
   </div>
   <div class='ocr_carea' id='block_1_51' title="bbox 2318 633 3910 704">
    <p class='ocr_par' dir='ltr' id='par_1_51' title="bbox 2318 633 3910 704">
     <span class='ocr_line' id='line_1_51' title="bbox 2318 633 3910 704; baseline 0.003 -18"><span class='ocrx_word' id='word_1_324' title='bbox 2318 649 2460 697; x_wconf 91' lang='lat' dir='ltr'><strong>mus,</strong></span> <span class='ocrx_word' id='word_1_325' title='bbox 2494 641 2547 687; x_wconf 91' lang='lat' dir='ltr'><strong>et</strong></span> <span class='ocrx_word' id='word_1_326' title='bbox 2577 635 2728 704; x_wconf 89' lang='lat' dir='ltr'><strong>quasi</strong></span> <span class='ocrx_word' id='word_1_327' title='bbox 2777 633 2998 688; x_wconf 86' lang='lat' dir='ltr'><strong>fratrem</strong></span> <span class='ocrx_word' id='word_1_328' title='bbox 3046 643 3100 688; x_wconf 88' lang='lat' dir='ltr'><strong>et</strong></span> <span class='ocrx_word' id='word_1_329' title='bbox 3155 635 3587 690; x_wconf 89' lang='lat' dir='ltr'><strong>comministrum</strong></span> <span class='ocrx_word' id='word_1_330' title='bbox 3622 635 3678 688; x_wconf 91' lang='lat' dir='ltr'><strong>in</strong></span> <span class='ocrx_word' id='word_1_331' title='bbox 3706 645 3910 692; x_wconf 62' lang='lat' dir='ltr'><strong>nostra</strong></span> 
     </span>
    </p>
   </div>
   <div class='ocr_carea' id='block_1_52' title="bbox 2319 721 3915 778">
    <p class='ocr_par' dir='ltr' id='par_1_52' title="bbox 2319 721 3915 778">
     <span class='ocr_line' id='line_1_52' title="bbox 2319 721 3915 778; baseline 0.001 -4"><span class='ocrx_word' id='word_1_332' title='bbox 2319 721 2716 776; x_wconf 89' lang='lat' dir='ltr'><strong>communionis</strong></span> <span class='ocrx_word' id='word_1_333' title='bbox 2745 722 3020 776; x_wconf 90' lang='lat' dir='ltr'><strong>consortio</strong></span> <span class='ocrx_word' id='word_1_334' title='bbox 3049 722 3427 777; x_wconf 89' lang='lat' dir='ltr'><strong>incunctanter</strong></span> <span class='ocrx_word' id='word_1_335' title='bbox 3468 723 3806 778; x_wconf 86' lang='lat' dir='ltr'><strong>habebimus.</strong></span> <span class='ocrx_word' id='word_1_336' title='bbox 3847 725 3915 778; x_wconf 88' lang='lat' dir='ltr'><strong>Et</strong></span> 
     </span>
    </p>
   </div>
   <div class='ocr_carea' id='block_1_53' title="bbox 2318 807 3914 882">
    <p class='ocr_par' dir='ltr' id='par_1_53' title="bbox 2318 807 3914 882">
     <span class='ocr_line' id='line_1_53' title="bbox 2318 807 3914 882; baseline 0.002 -20"><span class='ocrx_word' id='word_1_337' title='bbox 2318 807 2443 862; x_wconf 92' lang='lat' dir='ltr'><strong>ideo</strong></span> <span class='ocrx_word' id='word_1_338' title='bbox 2473 825 2570 878; x_wconf 91' lang='lat' dir='ltr'><strong>pro</strong></span> <span class='ocrx_word' id='word_1_339' title='bbox 2614 809 2874 878; x_wconf 71' lang='lat' dir='ltr'><strong>praedicta</strong></span> <span class='ocrx_word' id='word_1_340' title='bbox 2929 826 3106 864; x_wconf 88' lang='lat' dir='ltr'><strong>annua</strong></span> <span class='ocrx_word' id='word_1_341' title='bbox 3173 814 3689 867; x_wconf 87' lang='lat' dir='ltr'><strong>commemoratione</strong></span> <span class='ocrx_word' id='word_1_342' title='bbox 3740 811 3914 882; x_wconf 84' lang='lat' dir='ltr'><strong>ipsius</strong></span> 
     </span>
    </p>
   </div>
   <div class='ocr_carea' id='block_1_54' title="bbox 2318 896 3917 972">
    <p class='ocr_par' dir='ltr' id='par_1_54' title="bbox 2318 896 3917 972">
     <span class='ocr_line' id='line_1_54' title="bbox 2318 896 3917 972; baseline 0.003 -22"><span class='ocrx_word' id='word_1_343' title='bbox 2318 896 2524 952; x_wconf 91' lang='lat' dir='ltr'><strong>domini</strong></span> <span class='ocrx_word' id='word_1_344' title='bbox 2554 905 2605 952; x_wconf 92' lang='lat' dir='ltr'><strong>et</strong></span> <span class='ocrx_word' id='word_1_345' title='bbox 2634 898 2867 952; x_wconf 84' lang='lat' dir='ltr'><strong>senioris</strong></span> <span class='ocrx_word' id='word_1_346' title='bbox 2895 900 3060 954; x_wconf 87' lang='lat' dir='ltr'><strong>vestri</strong></span> <span class='ocrx_word' id='word_1_347' title='bbox 3103 916 3171 954; x_wconf 91' lang='lat' dir='ltr'><strong>ne</strong></span> <span class='ocrx_word' id='word_1_348' title='bbox 3203 900 3490 954; x_wconf 87' lang='lat' dir='ltr'><strong>turbemini</strong></span> <span class='ocrx_word' id='word_1_349' title='bbox 3548 901 3694 972; x_wconf 88' lang='lat' dir='ltr'><strong>quod</strong></span> <span class='ocrx_word' id='word_1_350' title='bbox 3750 901 3917 956; x_wconf 87' lang='lat' dir='ltr'><strong>modo</strong></span> 
     </span>
    </p>
   </div>
   <div class='ocr_carea' id='block_1_55' title="bbox 2320 974 3916 1058">
    <p class='ocr_par' dir='ltr' id='par_1_55' title="bbox 2320 974 3916 1058">
     <span class='ocr_line' id='line_1_55' title="bbox 2320 974 3916 1058; baseline 0.004 -20"><span class='ocrx_word' id='word_1_351' title='bbox 2320 974 2418 1039; x_wconf 78' lang='lat' dir='ltr'><strong>vos</strong></span> <span class='ocrx_word' id='word_1_352' title='bbox 2466 1000 2568 1055; x_wconf 91' lang='lat' dir='ltr'><strong>pro</strong></span> <span class='ocrx_word' id='word_1_353' title='bbox 2609 985 2946 1041; x_wconf 89' lang='lat' dir='ltr'><strong>absolutione</strong></span> <span class='ocrx_word' id='word_1_354' title='bbox 2975 987 3186 1058; x_wconf 66' lang='lat' dir='ltr'><strong>praafati</strong></span> <span class='ocrx_word' id='word_1_355' title='bbox 3216 987 3580 1058; x_wconf 82' lang='lat' dir='ltr'><strong>achiepiscOpi</strong></span> <span class='ocrx_word' id='word_1_356' title='bbox 3607 1004 3718 1044; x_wconf 88' lang='lat' dir='ltr'><strong>non</strong></span> <span class='ocrx_word' id='word_1_357' title='bbox 3755 989 3916 1044; x_wconf 88' lang='lat' dir='ltr'><strong>audi-</strong></span> 
     </span>
    </p>
   </div>
   <div class='ocr_carea' id='block_1_56' title="bbox 2321 1073 3918 1150">
    <p class='ocr_par' dir='ltr' id='par_1_56' title="bbox 2321 1073 3918 1150">
     <span class='ocr_line' id='line_1_56' title="bbox 2321 1073 3918 1150; baseline 0.004 -24"><span class='ocrx_word' id='word_1_358' title='bbox 2321 1073 2514 1138; x_wconf 89' lang='lat' dir='ltr'><strong>vimus,</strong></span> <span class='ocrx_word' id='word_1_359' title='bbox 2550 1089 2674 1128; x_wconf 90' lang='lat' dir='ltr'><strong>nam</strong></span> <span class='ocrx_word' id='word_1_360' title='bbox 2706 1074 2760 1128; x_wconf 90' lang='lat' dir='ltr'><strong>in</strong></span> <span class='ocrx_word' id='word_1_361' title='bbox 2791 1075 2984 1130; x_wconf 89' lang='lat' dir='ltr'><strong>eodem</strong></span> <span class='ocrx_word' id='word_1_362' title='bbox 3003 1075 3090 1131; x_wconf 92' lang='lat' dir='ltr'><strong>die</strong></span> <span class='ocrx_word' id='word_1_363' title='bbox 3121 1092 3228 1146; x_wconf 90' lang='lat' dir='ltr'><strong>quo</strong></span> <span class='ocrx_word' id='word_1_364' title='bbox 3246 1076 3362 1146; x_wconf 92' lang='lat' dir='ltr'><strong>ipse</strong></span> <span class='ocrx_word' id='word_1_365' title='bbox 3394 1075 3462 1130; x_wconf 91' lang='lat' dir='ltr'><strong>de</strong></span> <span class='ocrx_word' id='word_1_366' title='bbox 3479 1077 3678 1131; x_wconf 71' lang='lat' dir='ltr'><strong>saeculo</strong></span> <span class='ocrx_word' id='word_1_367' title='bbox 3709 1077 3918 1150; x_wconf 87' lang='lat' dir='ltr'><strong>migra-</strong></span> 
     </span>
    </p>
   </div>
   <div class='ocr_carea' id='block_1_57' title="bbox 2319 1161 3916 1234">
    <p class='ocr_par' dir='ltr' id='par_1_57' title="bbox 2319 1161 3916 1234">
     <span class='ocr_line' id='line_1_57' title="bbox 2319 1161 3916 1234; baseline 0.004 -20"><span class='ocrx_word' id='word_1_368' title='bbox 2319 1161 2414 1225; x_wconf 90' lang='lat' dir='ltr'><strong>vit,</strong></span> <span class='ocrx_word' id='word_1_369' title='bbox 2448 1177 2546 1231; x_wconf 93' lang='lat' dir='ltr'><strong>pro</strong></span> <span class='ocrx_word' id='word_1_370' title='bbox 2577 1162 2772 1217; x_wconf 69' lang='lat' dir='ltr'><strong>animae</strong></span> <span class='ocrx_word' id='word_1_371' title='bbox 2802 1163 2945 1217; x_wconf 91' lang='lat' dir='ltr'><strong>illius</strong></span> <span class='ocrx_word' id='word_1_372' title='bbox 2974 1164 3164 1234; x_wconf 90' lang='lat' dir='ltr'><strong>requie</strong></span> <span class='ocrx_word' id='word_1_373' title='bbox 3214 1164 3542 1234; x_wconf 87' lang='lat' dir='ltr'><strong>sempiterna</strong></span> <span class='ocrx_word' id='word_1_374' title='bbox 3587 1163 3916 1220; x_wconf 84' lang='lat' dir='ltr'><strong>sacrificium</strong></span> 
     </span>
    </p>
   </div>
   <div class='ocr_carea' id='block_1_58' title="bbox 2321 1248 3914 1324">
    <p class='ocr_par' dir='ltr' id='par_1_58' title="bbox 2321 1248 3914 1324">
     <span class='ocr_line' id='line_1_58' title="bbox 2321 1248 3914 1324; baseline 0.004 -22"><span class='ocrx_word' id='word_1_375' title='bbox 2321 1248 2526 1302; x_wconf 86' lang='lat' dir='ltr'><strong>erimus</strong></span> <span class='ocrx_word' id='word_1_376' title='bbox 2554 1249 2786 1305; x_wconf 91' lang='lat' dir='ltr'><strong>Domino</strong></span> <span class='ocrx_word' id='word_1_377' title='bbox 2815 1251 3046 1305; x_wconf 85' lang='lat' dir='ltr'><strong>oblaturi</strong></span> <span class='ocrx_word' id='word_1_378' title='bbox 3073 1271 3086 1317; x_wconf 91' lang='lat'><strong>;</strong></span> <span class='ocrx_word' id='word_1_379' title='bbox 3137 1252 3294 1306; x_wconf 90' lang='lat' dir='ltr'><strong>etiam</strong></span> <span class='ocrx_word' id='word_1_380' title='bbox 3337 1261 3390 1306; x_wconf 89' lang='lat' dir='ltr'><strong>et</strong></span> <span class='ocrx_word' id='word_1_381' title='bbox 3428 1269 3528 1322; x_wconf 88' lang='lat' dir='ltr'><strong>pro</strong></span> <span class='ocrx_word' id='word_1_382' title='bbox 3557 1253 3738 1307; x_wconf 90' lang='lat' dir='ltr'><strong>anima</strong></span> <span class='ocrx_word' id='word_1_383' title='bbox 3769 1253 3914 1324; x_wconf 89' lang='lat' dir='ltr'><strong>Sup-</strong></span> 
     </span>
    </p>
   </div>
   <div class='ocr_carea' id='block_1_59' title="bbox 2318 1335 3915 1411">
    <p class='ocr_par' dir='ltr' id='par_1_59' title="bbox 2318 1335 3915 1411">
     <span class='ocr_line' id='line_1_59' title="bbox 2318 1335 3915 1411; baseline 0.003 -21"><span class='ocrx_word' id='word_1_384' title='bbox 2318 1336 2497 1406; x_wconf 91' lang='lat' dir='ltr'><strong>ponis,</strong></span> <span class='ocrx_word' id='word_1_385' title='bbox 2559 1335 2800 1393; x_wconf 84' lang='lat' dir='ltr'><strong>fraterna</strong></span> <span class='ocrx_word' id='word_1_386' title='bbox 2846 1339 2978 1393; x_wconf 91' lang='lat' dir='ltr'><strong>moti</strong></span> <span class='ocrx_word' id='word_1_387' title='bbox 3027 1340 3427 1410; x_wconf 90' lang='lat' dir='ltr'><strong>compassione,</strong></span> <span class='ocrx_word' id='word_1_388' title='bbox 3485 1341 3915 1411; x_wconf 89' lang='lat' dir='ltr'><strong>omnipotentem</strong></span> 
     </span>
    </p>
   </div>
   <div class='ocr_carea' id='block_1_60' title="bbox 2321 1423 3915 1496">
    <p class='ocr_par' dir='ltr' id='par_1_60' title="bbox 2321 1423 3915 1496">
     <span class='ocr_line' id='line_1_60' title="bbox 2321 1423 3915 1496; baseline 0.003 -18"><span class='ocrx_word' id='word_1_389' title='bbox 2321 1423 2611 1478; x_wconf 91' lang='lat' dir='ltr'><strong>Dominum</strong></span> <span class='ocrx_word' id='word_1_390' title='bbox 2653 1425 3005 1496; x_wconf 89' lang='lat' dir='ltr'><strong>deprecamur</strong></span> <span class='ocrx_word' id='word_1_391' title='bbox 3033 1436 3091 1481; x_wconf 91' lang='lat' dir='ltr'><strong>ut</strong></span> <span class='ocrx_word' id='word_1_392' title='bbox 3137 1443 3357 1482; x_wconf 90' lang='lat' dir='ltr'><strong>suorum</strong></span> <span class='ocrx_word' id='word_1_393' title='bbox 3395 1428 3786 1483; x_wconf 85' lang='lat' dir='ltr'><strong>absolutionem</strong></span> <span class='ocrx_word' id='word_1_394' title='bbox 3817 1445 3915 1482; x_wconf 79' lang='lat' dir='ltr'><strong>va-</strong></span> 
     </span>
    </p>
   </div>
   <div class='ocr_carea' id='block_1_61' title="bbox 2319 1511 3111 1584">
    <p class='ocr_par' dir='ltr' id='par_1_61' title="bbox 2319 1511 3111 1584">
     <span class='ocr_line' id='line_1_61' title="bbox 2319 1511 3111 1584; baseline 0.005 -18"><span class='ocrx_word' id='word_1_395' title='bbox 2319 1511 2427 1568; x_wconf 88' lang='lat' dir='ltr'><strong>leat</strong></span> <span class='ocrx_word' id='word_1_396' title='bbox 2457 1512 2734 1584; x_wconf 89' lang='lat' dir='ltr'><strong>percipere</strong></span> <span class='ocrx_word' id='word_1_397' title='bbox 2764 1514 3111 1570; x_wconf 75' lang='lat' dir='ltr'><strong>delictorum:</strong></span> 
     </span>
    </p>
   </div>
   <div class='ocr_carea' id='block_1_62' title="bbox 2993 1602 3244 1658">
    <p class='ocr_par' dir='ltr' id='par_1_62' title="bbox 2993 1602 3244 1658">
     <span class='ocr_line' id='line_1_62' title="bbox 2993 1602 3244 1658; baseline 0.004 -1"><span class='ocrx_word' id='word_1_398' title='bbox 2993 1602 3244 1658; x_wconf 81' lang='lat' dir='ltr'><strong>CCXLII.</strong></span> 
     </span>
    </p>
   </div>
   <div class='ocr_carea' id='block_1_63' title="bbox 2263 1706 3466 1774">
    <p class='ocr_par' dir='ltr' id='par_1_63' title="bbox 2263 1706 3466 1774">
     <span class='ocr_line' id='line_1_63' title="bbox 2263 1706 3466 1774; baseline 0.003 -32"><span class='ocrx_word' id='word_1_399' title='bbox 2263 1717 2316 1774; x_wconf 87' lang='lat' dir='ltr'>B</span> <span class='ocrx_word' id='word_1_400' title='bbox 2784 1706 2856 1744; x_wconf 79' lang='lat' dir='ltr'><strong>AD</strong></span> <span class='ocrx_word' id='word_1_401' title='bbox 2897 1706 3216 1747; x_wconf 74' lang='grc' dir='ltr'><strong>ιυῡονῐοωι</strong></span> <span class='ocrx_word' id='word_1_402' title='bbox 3261 1707 3466 1746; x_wconf 68' lang='lat' dir='ltr'><strong>REGI-1M.</strong></span> 
     </span>
    </p>
   </div>
   <div class='ocr_carea' id='block_1_64' title="bbox 2945 1778 3304 1850">
    <p class='ocr_par' dir='ltr' id='par_1_64' title="bbox 2945 1778 3304 1850">
     <span class='ocr_line' id='line_1_64' title="bbox 2945 1778 3304 1850; baseline 0 -18"><span class='ocrx_word' id='word_1_403' title='bbox 2945 1778 3125 1850; x_wconf 85' lang='lat' dir='ltr'><strong>(Anno</strong></span> <span class='ocrx_word' id='word_1_404' title='bbox 3156 1779 3304 1849; x_wconf 87' lang='lat'><strong>879.)</strong></span> 
     </span>
    </p>
   </div>
   <div class='ocr_carea' id='block_1_65' title="bbox 2325 1867 3918 1942">
    <p class='ocr_par' dir='ltr' id='par_1_65' title="bbox 2325 1867 3918 1942">
     <span class='ocr_line' id='line_1_65' title="bbox 2325 1867 3918 1942; baseline 0.004 -21"><span class='ocrx_word' id='word_1_405' title='bbox 2325 1867 2548 1942; x_wconf 61' lang='lat' dir='ltr'><strong>Gratia:</strong></span> <span class='ocrx_word' id='word_1_406' title='bbox 2568 1867 2684 1942; x_wconf 73' lang='lat' dir='ltr'><strong>agit</strong></span> <span class='ocrx_word' id='word_1_407' title='bbox 2719 1868 2798 1942; x_wconf 65' lang='lat' dir='ltr'><strong>de</strong></span> <span class='ocrx_word' id='word_1_408' title='bbox 2815 1883 3099 1942; x_wconf 79' lang='lat' dir='ltr'><strong>propensa</strong></span> <span class='ocrx_word' id='word_1_409' title='bbox 3134 1869 3427 1942; x_wconf 80' lang='lat' dir='ltr'><strong>voluntate</strong></span> <span class='ocrx_word' id='word_1_410' title='bbox 3447 1885 3576 1942; x_wconf 86' lang='lat' dir='ltr'><strong>erga</strong></span> <span class='ocrx_word' id='word_1_411' title='bbox 3607 1873 3918 1927; x_wconf 82' lang='lat' dir='ltr'><strong>Romanam</strong></span> 
     </span>
    </p>
   </div>
   <div class='ocr_carea' id='block_1_66' title="bbox 2393 1937 3918 2012">
    <p class='ocr_par' dir='ltr' id='par_1_66' title="bbox 2393 1937 3918 2012">
     <span class='ocr_line' id='line_1_66' title="bbox 2393 1937 3918 2012; baseline 0.005 -22"><span class='ocrx_word' id='word_1_412' title='bbox 2393 1937 2742 2012; x_wconf 59' lang='lat' dir='ltr'><strong>Ecclesiarn:</strong></span> <span class='ocrx_word' id='word_1_413' title='bbox 2779 1937 3042 2012; x_wconf 70' lang='lat' dir='ltr'><strong>hortatar</strong></span> <span class='ocrx_word' id='word_1_414' title='bbox 3064 1943 3130 2012; x_wconf 82' lang='lat' dir='ltr'><strong>ut</strong></span> <span class='ocrx_word' id='word_1_415' title='bbox 3157 1939 3228 1993; x_wconf 82' lang='lat' dir='ltr'><strong>ad</strong></span> <span class='ocrx_word' id='word_1_416' title='bbox 3253 1955 3381 2012; x_wconf 80' lang='lat' dir='ltr'><strong>eam</strong></span> <span class='ocrx_word' id='word_1_417' title='bbox 3408 1958 3441 1994; x_wconf 82' lang='grc' dir='ltr'><em>α</em></span> <span class='ocrx_word' id='word_1_418' title='bbox 3461 1937 3812 2012; x_wconf 76' lang='lat' dir='ltr'><strong>paganorum</strong></span> <span class='ocrx_word' id='word_1_419' title='bbox 3834 1943 3918 1997; x_wconf 80' lang='lat' dir='ltr'><strong>in-</strong></span> 
     </span>
    </p>
   </div>
   <div class='ocr_carea' id='block_1_67' title="bbox 2393 2007 3918 2084">
    <p class='ocr_par' dir='ltr' id='par_1_67' title="bbox 2393 2007 3918 2084">
     <span class='ocr_line' id='line_1_67' title="bbox 2393 2007 3918 2084; baseline 0.005 -24"><span class='ocrx_word' id='word_1_420' title='bbox 2393 2007 2748 2084; x_wconf 65' lang='lat' dir='ltr'><strong>cursionibus</strong></span> <span class='ocrx_word' id='word_1_421' title='bbox 2795 2008 3204 2084; x_wconf 65' lang='lat' dir='ltr'><strong>def/endendam</strong></span> <span class='ocrx_word' id='word_1_422' title='bbox 3257 2007 3472 2076; x_wconf 71' lang='lat' dir='ltr'><strong>veniat,</strong></span> <span class='ocrx_word' id='word_1_423' title='bbox 3516 2007 3674 2084; x_wconf 65' lang='lat' dir='ltr'><strong>eique</strong></span> <span class='ocrx_word' id='word_1_424' title='bbox 3747 2017 3918 2070; x_wconf 76' lang='lat' dir='ltr'><strong>tacite</strong></span> 
     </span>
    </p>
   </div>
   <div class='ocr_carea' id='block_1_68' title="bbox 2393 2078 3036 2146">
    <p class='ocr_par' dir='ltr' id='par_1_68' title="bbox 2393 2078 3036 2146">
     <span class='ocr_line' id='line_1_68' title="bbox 2393 2078 3036 2146; baseline 0.003 -16"><span class='ocrx_word' id='word_1_425' title='bbox 2393 2078 2698 2146; x_wconf 80' lang='lat' dir='ltr'><strong>imperium</strong></span> <span class='ocrx_word' id='word_1_426' title='bbox 2717 2078 3036 2146; x_wconf 81' lang='lat' dir='ltr'><strong>pollicetur.</strong></span> 
     </span>
    </p>
   </div>
   <div class='ocr_carea' id='block_1_69' title="bbox 2395 2163 3912 2245">
    <p class='ocr_par' dir='ltr' id='par_1_69' title="bbox 2395 2163 3912 2245">
     <span class='ocr_line' id='line_1_69' title="bbox 2395 2163 3912 2245; baseline 0.006 -28"><span class='ocrx_word' id='word_1_427' title='bbox 2395 2163 2607 2218; x_wconf 86' lang='lat' dir='ltr'><strong>Dilecto</strong></span> <span class='ocrx_word' id='word_1_428' title='bbox 2633 2179 2699 2218; x_wconf 90' lang='lat' dir='ltr'><strong>ac</strong></span> <span class='ocrx_word' id='word_1_429' title='bbox 2731 2165 2998 2234; x_wconf 90' lang='lat' dir='ltr'><strong>spirituali</strong></span> <span class='ocrx_word' id='word_1_430' title='bbox 3026 2164 3136 2220; x_wconf 84' lang='lat' dir='ltr'><strong>ﬁlio</strong></span> <span class='ocrx_word' id='word_1_431' title='bbox 3167 2167 3450 2222; x_wconf 72' lang='lat' dir='ltr'><strong>Lunovrco</strong></span> <span class='ocrx_word' id='word_1_432' title='bbox 3483 2169 3725 2240; x_wconf 84' lang='lat' dir='ltr'><strong>glorioso</strong></span> <span class='ocrx_word' id='word_1_433' title='bbox 3775 2174 3912 2245; x_wconf 89' lang='lat' dir='ltr'><strong>regi.</strong></span> 
     </span>
    </p>
   </div>
   <div class='ocr_carea' id='block_1_70' title="bbox 2401 2253 3916 2330">
    <p class='ocr_par' dir='ltr' id='par_1_70' title="bbox 2401 2253 3916 2330">
     <span class='ocr_line' id='line_1_70' title="bbox 2401 2253 3916 2330; baseline 0.007 -25"><span class='ocrx_word' id='word_1_434' title='bbox 2401 2253 2604 2306; x_wconf 72' lang='lat' dir='ltr'><strong>Vestrae</strong></span> <span class='ocrx_word' id='word_1_435' title='bbox 2646 2255 2815 2323; x_wconf 77' lang='lat' dir='ltr'><strong>regiae</strong></span> <span class='ocrx_word' id='word_1_436' title='bbox 2845 2253 3152 2308; x_wconf 86' lang='lat' dir='ltr'><strong>serenitatis</strong></span> <span class='ocrx_word' id='word_1_437' title='bbox 3195 2255 3468 2309; x_wconf 83' lang='lat' dir='ltr'><strong>melliﬂuis</strong></span> <span class='ocrx_word' id='word_1_438' title='bbox 3496 2257 3715 2313; x_wconf 88' lang='lat' dir='ltr'><strong>relectis</strong></span> <span class='ocrx_word' id='word_1_439' title='bbox 3746 2260 3916 2330; x_wconf 86' lang='lat' dir='ltr'><strong>apici-</strong></span> 
     </span>
    </p>
   </div>
   <div class='ocr_carea' id='block_1_71' title="bbox 2326 2340 3916 2415">
    <p class='ocr_par' dir='ltr' id='par_1_71' title="bbox 2326 2340 3916 2415">
     <span class='ocr_line' id='line_1_71' title="bbox 2326 2340 3916 2415; baseline 0.006 -23"><span class='ocrx_word' id='word_1_440' title='bbox 2326 2342 2445 2404; x_wconf 83' lang='lat' dir='ltr'><strong>bus,</strong></span> <span class='ocrx_word' id='word_1_441' title='bbox 2479 2354 2616 2409; x_wconf 86' lang='lat' dir='ltr'><strong>quos</strong></span> <span class='ocrx_word' id='word_1_442' title='bbox 2645 2356 2745 2409; x_wconf 88' lang='lat' dir='ltr'><strong>per</strong></span> <span class='ocrx_word' id='word_1_443' title='bbox 2775 2340 3055 2395; x_wconf 84' lang='lat' dir='ltr'><strong>Astaldum</strong></span> <span class='ocrx_word' id='word_1_444' title='bbox 3098 2343 3368 2415; x_wconf 82' lang='lat' dir='ltr'><strong>insignem</strong></span> <span class='ocrx_word' id='word_1_445' title='bbox 3395 2345 3644 2400; x_wconf 90' lang='lat' dir='ltr'><strong>comitem</strong></span> <span class='ocrx_word' id='word_1_446' title='bbox 3679 2355 3916 2402; x_wconf 87' lang='lat' dir='ltr'><strong>vestrum</strong></span> 
     </span>
    </p>
   </div>
   <div class='ocr_carea' id='block_1_72' title="bbox 2323 2426 3916 2500">
    <p class='ocr_par' dir='ltr' id='par_1_72' title="bbox 2323 2426 3916 2500">
     <span class='ocr_line' id='line_1_72' title="bbox 2323 2426 3916 2500; baseline 0.006 -20"><span class='ocrx_word' id='word_1_447' title='bbox 2323 2426 2482 2480; x_wconf 90' lang='lat' dir='ltr'><strong>nobis</strong></span> <span class='ocrx_word' id='word_1_448' title='bbox 2513 2427 2824 2493; x_wconf 86' lang='lat' dir='ltr'><strong>mandastis,</strong></span> <span class='ocrx_word' id='word_1_449' title='bbox 2856 2437 3112 2500; x_wconf 87' lang='lat' dir='ltr'><strong>quantam</strong></span> <span class='ocrx_word' id='word_1_450' title='bbox 3143 2430 3489 2487; x_wconf 87' lang='lat' dir='ltr'><strong>devotionem</strong></span> <span class='ocrx_word' id='word_1_451' title='bbox 3519 2448 3583 2488; x_wconf 91' lang='lat' dir='ltr'><strong>ac</strong></span> <span class='ocrx_word' id='word_1_452' title='bbox 3610 2435 3916 2490; x_wconf 88' lang='lat' dir='ltr'><strong>sincerissi-</strong></span> 
     </span>
    </p>
   </div>
   <div class='ocr_carea' id='block_1_73' title="bbox 2323 2514 3916 2579">
    <p class='ocr_par' dir='ltr' id='par_1_73' title="bbox 2323 2514 3916 2579">
     <span class='ocr_line' id='line_1_73' title="bbox 2323 2514 3916 2579; baseline 0.008 -12"><span class='ocrx_word' id='word_1_453' title='bbox 2323 2530 2467 2568; x_wconf 89' lang='lat' dir='ltr'><strong>mam</strong></span> <span class='ocrx_word' id='word_1_454' title='bbox 2501 2514 2830 2569; x_wconf 86' lang='lat' dir='ltr'><strong>voluntatem</strong></span> <span class='ocrx_word' id='word_1_455' title='bbox 2862 2517 3130 2571; x_wconf 83' lang='lat' dir='ltr'><strong>exaltandi</strong></span> <span class='ocrx_word' id='word_1_456' title='bbox 3161 2527 3212 2572; x_wconf 90' lang='lat' dir='ltr'><strong>et</strong></span> <span class='ocrx_word' id='word_1_457' title='bbox 3243 2519 3572 2575; x_wconf 87' lang='lat' dir='ltr'><strong>defendendi</strong></span> <span class='ocrx_word' id='word_1_458' title='bbox 3609 2523 3916 2579; x_wconf 86' lang='lat' dir='ltr'><strong>Ecclesiam</strong></span> 
     </span>
    </p>
   </div>
   <div class='ocr_carea' id='block_1_74' title="bbox 2324 2603 3915 2681">
    <p class='ocr_par' dir='ltr' id='par_1_74' title="bbox 2324 2603 3915 2681">
     <span class='ocr_line' id='line_1_74' title="bbox 2324 2603 3915 2681; baseline 0.007 -25"><span class='ocrx_word' id='word_1_459' title='bbox 2324 2603 2444 2667; x_wconf 93' lang='lat' dir='ltr'><strong>Dei,</strong></span> <span class='ocrx_word' id='word_1_460' title='bbox 2477 2619 2630 2657; x_wconf 91' lang='lat' dir='ltr'><strong>more</strong></span> <span class='ocrx_word' id='word_1_461' title='bbox 2660 2603 2910 2659; x_wconf 86' lang='lat' dir='ltr'><strong>videlicet</strong></span> <span class='ocrx_word' id='word_1_462' title='bbox 2938 2615 3222 2674; x_wconf 87' lang='lat' dir='ltr'><strong>parentum</strong></span> <span class='ocrx_word' id='word_1_463' title='bbox 3239 2616 3546 2663; x_wconf 90' lang='lat' dir='ltr'><strong>vestrorum</strong></span> <span class='ocrx_word' id='word_1_464' title='bbox 3576 2609 3915 2681; x_wconf 85' lang='lat' dir='ltr'><strong>gloriosissi-</strong></span> 
     </span>
    </p>
   </div>
   <div class='ocr_carea' id='block_1_75' title="bbox 2322 2691 3912 2762">
    <p class='ocr_par' dir='ltr' id='par_1_75' title="bbox 2322 2691 3912 2762">
     <span class='ocr_line' id='line_1_75' title="bbox 2322 2691 3912 2762; baseline 0.007 -18"><span class='ocrx_word' id='word_1_465' title='bbox 2322 2705 2538 2745; x_wconf 91' lang='lat' dir='ltr'><strong>morum</strong></span> <span class='ocrx_word' id='word_1_466' title='bbox 2565 2691 2953 2762; x_wconf 90' lang='lat' dir='ltr'><strong>imperatorum</strong></span> <span class='ocrx_word' id='word_1_467' title='bbox 2985 2693 3250 2758; x_wconf 84' lang='lat' dir='ltr'><strong>habeatis,</strong></span> <span class='ocrx_word' id='word_1_468' title='bbox 3285 2695 3402 2750; x_wconf 88' lang='lat' dir='ltr'><strong>luce</strong></span> <span class='ocrx_word' id='word_1_469' title='bbox 3423 2697 3624 2752; x_wconf 90' lang='lat' dir='ltr'><strong>clarius</strong></span> <span class='ocrx_word' id='word_1_470' title='bbox 3641 2699 3912 2755; x_wconf 82' lang='lat' dir='ltr'><strong>novimus.</strong></span> 
     </span>
    </p>
   </div>
   <div class='ocr_carea' id='block_1_76' title="bbox 2324 2779 3918 2850">
    <p class='ocr_par' dir='ltr' id='par_1_76' title="bbox 2324 2779 3918 2850">
     <span class='ocr_line' id='line_1_76' title="bbox 2324 2779 3918 2850; baseline 0.006 -16"><span class='ocrx_word' id='word_1_471' title='bbox 2324 2779 2478 2834; x_wconf 91' lang='lat' dir='ltr'><strong>Unde</strong></span> <span class='ocrx_word' id='word_1_472' title='bbox 2507 2779 2662 2834; x_wconf 87' lang='lat' dir='ltr'><strong>valde</strong></span> <span class='ocrx_word' id='word_1_473' title='bbox 2710 2779 2887 2850; x_wconf 89' lang='lat' dir='ltr'><strong>gavisi</strong></span> <span class='ocrx_word' id='word_1_474' title='bbox 2939 2781 3252 2849; x_wconf 81' lang='lat' dir='ltr'><strong>existentes,</strong></span> <span class='ocrx_word' id='word_1_475' title='bbox 3287 2783 3552 2838; x_wconf 87' lang='lat' dir='ltr'><strong>maximas</strong></span> <span class='ocrx_word' id='word_1_476' title='bbox 3583 2787 3918 2843; x_wconf 64' lang='lat' dir='ltr'><strong>excellentia:</strong></span> 
     </span>
    </p>
   </div>
   <div class='ocr_carea' id='block_1_77' title="bbox 2322 2867 3912 2948">
    <p class='ocr_par' dir='ltr' id='par_1_77' title="bbox 2322 2867 3912 2948">
     <span class='ocr_line' id='line_1_77' title="bbox 2322 2867 3912 2948; baseline 0.007 -28"><span class='ocrx_word' id='word_1_477' title='bbox 2322 2875 2516 2921; x_wconf 74' lang='lat' dir='ltr'><strong>vestrae</strong></span> <span class='ocrx_word' id='word_1_478' title='bbox 2572 2867 2785 2938; x_wconf 86' lang='lat' dir='ltr'><strong>agimus</strong></span> <span class='ocrx_word' id='word_1_479' title='bbox 2815 2869 3042 2938; x_wconf 89' lang='lat' dir='ltr'><strong>gratias,</strong></span> <span class='ocrx_word' id='word_1_480' title='bbox 3103 2871 3230 2940; x_wconf 87' lang='lat' dir='ltr'><strong>quia</strong></span> <span class='ocrx_word' id='word_1_481' title='bbox 3259 2872 3418 2926; x_wconf 88' lang='lat' dir='ltr'><strong>nobis</strong></span> <span class='ocrx_word' id='word_1_482' title='bbox 3458 2873 3598 2928; x_wconf 86' lang='lat' dir='ltr'><strong>inter</strong></span> <span class='ocrx_word' id='word_1_483' title='bbox 3626 2883 3706 2929; x_wconf 91' lang='lat' dir='ltr'><strong>tot</strong></span> <span class='ocrx_word' id='word_1_484' title='bbox 3731 2890 3912 2948; x_wconf 86' lang='lat' dir='ltr'><strong>angu-</strong></span> 
     </span>
    </p>
   </div>
   <div class='ocr_carea' id='block_1_78' title="bbox 2245 2955 3916 3036">
    <p class='ocr_par' dir='ltr' id='par_1_78' title="bbox 2245 2955 3916 3036">
     <span class='ocr_line' id='line_1_78' title="bbox 2245 2955 3916 3036; baseline 0.008 -29"><span class='ocrx_word' id='word_1_485' title='bbox 2245 2956 2296 3017; x_wconf 86' lang='lat' dir='ltr'><strong>C.</strong></span> <span class='ocrx_word' id='word_1_486' title='bbox 2319 2955 2448 3010; x_wconf 92' lang='lat' dir='ltr'><strong>stias</strong></span> <span class='ocrx_word' id='word_1_487' title='bbox 2478 2963 2531 3010; x_wconf 92' lang='lat' dir='ltr'><strong>et</strong></span> <span class='ocrx_word' id='word_1_488' title='bbox 2559 2957 2990 3026; x_wconf 87' lang='lat' dir='ltr'><strong>persecutiones,</strong></span> <span class='ocrx_word' id='word_1_489' title='bbox 3022 2974 3159 3028; x_wconf 90' lang='lat' dir='ltr'><strong>quas</strong></span> <span class='ocrx_word' id='word_1_490' title='bbox 3188 2975 3220 3014; x_wconf 90' lang='lat' dir='ltr'><strong>a</strong></span> <span class='ocrx_word' id='word_1_491' title='bbox 3248 2961 3472 3031; x_wconf 86' lang='lat' dir='ltr'><strong>paganis</strong></span> <span class='ocrx_word' id='word_1_492' title='bbox 3503 2963 3725 3018; x_wconf 88' lang='lat' dir='ltr'><strong>assidue</strong></span> <span class='ocrx_word' id='word_1_493' title='bbox 3750 2981 3916 3036; x_wconf 86' lang='lat' dir='ltr'><strong>supra</strong></span> 
     </span>
    </p>
   </div>
   <div class='ocr_carea' id='block_1_79' title="bbox 2316 3043 3910 3119">
    <p class='ocr_par' dir='ltr' id='par_1_79' title="bbox 2316 3043 3910 3119">
     <span class='ocr_line' id='line_1_79' title="bbox 2316 3043 3910 3119; baseline 0.008 -23"><span class='ocrx_word' id='word_1_494' title='bbox 2316 3043 2536 3097; x_wconf 90' lang='lat' dir='ltr'><strong>modum</strong></span> <span class='ocrx_word' id='word_1_495' title='bbox 2567 3044 2821 3114; x_wconf 88' lang='lat' dir='ltr'><strong>patimur,</strong></span> <span class='ocrx_word' id='word_1_496' title='bbox 2874 3054 3072 3101; x_wconf 66' lang='lat' dir='ltr'><strong>vestrae</strong></span> <span class='ocrx_word' id='word_1_497' title='bbox 3109 3047 3322 3102; x_wconf 75' lang='lat' dir='ltr'><strong>invictae</strong></span> <span class='ocrx_word' id='word_1_498' title='bbox 3349 3051 3602 3119; x_wconf 66' lang='lat' dir='ltr'><strong>potentiae</strong></span> <span class='ocrx_word' id='word_1_499' title='bbox 3649 3052 3910 3107; x_wconf 82' lang='lat' dir='ltr'><strong>auxilium</strong></span> 
     </span>
    </p>
   </div>
   <div class='ocr_carea' id='block_1_80' title="bbox 2317 3129 3912 3204">
    <p class='ocr_par' dir='ltr' id='par_1_80' title="bbox 2317 3129 3912 3204">
     <span class='ocr_line' id='line_1_80' title="bbox 2317 3129 3912 3204; baseline 0.006 -19"><span class='ocrx_word' id='word_1_500' title='bbox 2317 3129 2760 3204; x_wconf 90' lang='lat' dir='ltr'><strong>defensionisque</strong></span> <span class='ocrx_word' id='word_1_501' title='bbox 2816 3131 3068 3187; x_wconf 89' lang='lat' dir='ltr'><strong>solatium</strong></span> <span class='ocrx_word' id='word_1_502' title='bbox 3113 3135 3205 3204; x_wconf 88' lang='lat' dir='ltr'><strong>pia</strong></span> <span class='ocrx_word' id='word_1_503' title='bbox 3235 3136 3488 3190; x_wconf 87' lang='lat' dir='ltr'><strong>duntaxat</strong></span> <span class='ocrx_word' id='word_1_504' title='bbox 3529 3139 3696 3192; x_wconf 90' lang='lat' dir='ltr'><strong>animi</strong></span> <span class='ocrx_word' id='word_1_505' title='bbox 3738 3140 3912 3196; x_wconf 85' lang='lat' dir='ltr'><strong>devo-</strong></span> 
     </span>
    </p>
   </div>
   <div class='ocr_carea' id='block_1_81' title="bbox 2313 3217 3908 3294">
    <p class='ocr_par' dir='ltr' id='par_1_81' title="bbox 2313 3217 3908 3294">
     <span class='ocr_line' id='line_1_81' title="bbox 2313 3217 3908 3294; baseline 0.007 -22"><span class='ocrx_word' id='word_1_506' title='bbox 2313 3218 2459 3273; x_wconf 87' lang='lat' dir='ltr'><strong>tione</strong></span> <span class='ocrx_word' id='word_1_507' title='bbox 2487 3217 2738 3274; x_wconf 89' lang='lat' dir='ltr'><strong>conferre</strong></span> <span class='ocrx_word' id='word_1_508' title='bbox 2769 3221 3096 3277; x_wconf 90' lang='lat' dir='ltr'><strong>omnimodis</strong></span> <span class='ocrx_word' id='word_1_509' title='bbox 3127 3223 3374 3294; x_wconf 88' lang='lat' dir='ltr'><strong>cupiatis.</strong></span> <span class='ocrx_word' id='word_1_510' title='bbox 3411 3225 3558 3292; x_wconf 87' lang='lat' dir='ltr'><strong>Ideo,</strong></span> <span class='ocrx_word' id='word_1_511' title='bbox 3593 3224 3667 3281; x_wconf 85' lang='lat' dir='ltr'><strong>ﬁli</strong></span> <span class='ocrx_word' id='word_1_512' title='bbox 3697 3228 3908 3283; x_wconf 87' lang='lat' dir='ltr'><strong>charis-</strong></span> 
     </span>
    </p>
   </div>
   <div class='ocr_carea' id='block_1_82' title="bbox 2315 3306 3913 3380">
    <p class='ocr_par' dir='ltr' id='par_1_82' title="bbox 2315 3306 3913 3380">
     <span class='ocr_line' id='line_1_82' title="bbox 2315 3306 3913 3380; baseline 0.008 -20"><span class='ocrx_word' id='word_1_513' title='bbox 2315 3306 2470 3374; x_wconf 89' lang='lat' dir='ltr'><strong>sime,</strong></span> <span class='ocrx_word' id='word_1_514' title='bbox 2504 3315 2702 3380; x_wconf 74' lang='lat' dir='ltr'><strong>nostrae</strong></span> <span class='ocrx_word' id='word_1_515' title='bbox 2729 3309 3036 3378; x_wconf 71' lang='lat' dir='ltr'><strong>apostolicae</strong></span> <span class='ocrx_word' id='word_1_516' title='bbox 3066 3311 3416 3367; x_wconf 87' lang='lat' dir='ltr'><strong>admonitioni</strong></span> <span class='ocrx_word' id='word_1_517' title='bbox 3447 3329 3636 3370; x_wconf 92' lang='lat' dir='ltr'><strong>aurem</strong></span> <span class='ocrx_word' id='word_1_518' title='bbox 3665 3315 3913 3373; x_wconf 89' lang='lat' dir='ltr'><strong>clemen-</strong></span> 
     </span>
    </p>
   </div>
   <div class='ocr_carea' id='block_1_83' title="bbox 2315 3394 3916 3472">
    <p class='ocr_par' dir='ltr' id='par_1_83' title="bbox 2315 3394 3916 3472">
     <span class='ocr_line' id='line_1_83' title="bbox 2315 3394 3916 3472; baseline 0.009 -26"><span class='ocrx_word' id='word_1_519' title='bbox 2315 3394 2404 3450; x_wconf 76' lang='lat' dir='ltr'><strong>tiae</strong></span> <span class='ocrx_word' id='word_1_520' title='bbox 2431 3404 2623 3450; x_wconf 65' lang='lat' dir='ltr'><strong>vestra:</strong></span> <span class='ocrx_word' id='word_1_521' title='bbox 2671 3404 2727 3450; x_wconf 89' lang='lat' dir='ltr'><strong>ut</strong></span> <span class='ocrx_word' id='word_1_522' title='bbox 2775 3399 3199 3454; x_wconf 76' lang='lat' dir='ltr'><strong>accommodatis</strong></span> <span class='ocrx_word' id='word_1_523' title='bbox 3247 3401 3443 3459; x_wconf 85' lang='lat' dir='ltr'><strong>obnixe</strong></span> <span class='ocrx_word' id='word_1_524' title='bbox 3497 3419 3809 3472; x_wconf 88' lang='lat' dir='ltr'><strong>precamur,</strong></span> <span class='ocrx_word' id='word_1_525' title='bbox 3861 3416 3916 3461; x_wconf 91' lang='lat' dir='ltr'><strong>ut</strong></span> 
     </span>
    </p>
   </div>
   <div class='ocr_carea' id='block_1_84' title="bbox 2315 3482 3913 3556">
    <p class='ocr_par' dir='ltr' id='par_1_84' title="bbox 2315 3482 3913 3556">
     <span class='ocr_line' id='line_1_84' title="bbox 2315 3482 3913 3556; baseline 0.008 -19"><span class='ocrx_word' id='word_1_526' title='bbox 2315 3482 2476 3538; x_wconf 85' lang='lat' dir='ltr'><strong>citius</strong></span> <span class='ocrx_word' id='word_1_527' title='bbox 2497 3483 2654 3537; x_wconf 90' lang='lat' dir='ltr'><strong>nobis</strong></span> <span class='ocrx_word' id='word_1_528' title='bbox 2682 3493 2864 3540; x_wconf 89' lang='lat' dir='ltr'><strong>vestro</strong></span> <span class='ocrx_word' id='word_1_529' title='bbox 2890 3487 3097 3556; x_wconf 90' lang='lat' dir='ltr'><strong>potenti</strong></span> <span class='ocrx_word' id='word_1_530' title='bbox 3128 3489 3352 3544; x_wconf 88' lang='lat' dir='ltr'><strong>brachio</strong></span> <span class='ocrx_word' id='word_1_531' title='bbox 3381 3490 3670 3546; x_wconf 89' lang='lat' dir='ltr'><strong>subvenire</strong></span> <span class='ocrx_word' id='word_1_532' title='bbox 3684 3493 3913 3550; x_wconf 87' lang='lat' dir='ltr'><strong>studea-</strong></span> 
     </span>
    </p>
   </div>
   <div class='ocr_carea' id='block_1_85' title="bbox 2315 3570 3914 3652">
    <p class='ocr_par' dir='ltr' id='par_1_85' title="bbox 2315 3570 3914 3652">
     <span class='ocr_line' id='line_1_85' title="bbox 2315 3570 3914 3652; baseline 0.008 -28"><span class='ocrx_word' id='word_1_533' title='bbox 2315 3570 2402 3636; x_wconf 92' lang='lat' dir='ltr'><strong>tis,</strong></span> <span class='ocrx_word' id='word_1_534' title='bbox 2437 3579 2704 3641; x_wconf 88' lang='lat' dir='ltr'><strong>quatenus</strong></span> <span class='ocrx_word' id='word_1_535' title='bbox 2733 3583 2976 3628; x_wconf 90' lang='lat' dir='ltr'><strong>sanctam</strong></span> <span class='ocrx_word' id='word_1_536' title='bbox 2994 3575 3094 3629; x_wconf 91' lang='lat' dir='ltr'><strong>Dei</strong></span> <span class='ocrx_word' id='word_1_537' title='bbox 3125 3577 3446 3647; x_wconf 76' lang='lat' dir='ltr'><strong>Ecclesiam,</strong></span> <span class='ocrx_word' id='word_1_538' title='bbox 3471 3579 3524 3632; x_wconf 93' lang='lat' dir='ltr'><strong>in</strong></span> <span class='ocrx_word' id='word_1_539' title='bbox 3547 3595 3746 3652; x_wconf 88' lang='lat' dir='ltr'><strong>magna</strong></span> <span class='ocrx_word' id='word_1_540' title='bbox 3767 3597 3914 3639; x_wconf 92' lang='lat' dir='ltr'><strong>nunc</strong></span> 
     </span>
    </p>
   </div>
   <div class='ocr_carea' id='block_1_86' title="bbox 2314 3656 3913 3740">
    <p class='ocr_par' dir='ltr' id='par_1_86' title="bbox 2314 3656 3913 3740">
     <span class='ocr_line' id='line_1_86' title="bbox 2314 3656 3913 3740; baseline 0.008 -28"><span class='ocrx_word' id='word_1_541' title='bbox 2314 3656 2658 3714; x_wconf 87' lang='lat' dir='ltr'><strong>ﬂuctuatione</strong></span> <span class='ocrx_word' id='word_1_542' title='bbox 2715 3661 2964 3729; x_wconf 88' lang='lat' dir='ltr'><strong>positam,</strong></span> <span class='ocrx_word' id='word_1_543' title='bbox 2999 3663 3068 3716; x_wconf 93' lang='lat' dir='ltr'><strong>ad</strong></span> <span class='ocrx_word' id='word_1_544' title='bbox 3113 3673 3327 3733; x_wconf 88' lang='lat' dir='ltr'><strong>portum</strong></span> <span class='ocrx_word' id='word_1_545' title='bbox 3357 3666 3545 3720; x_wconf 90' lang='lat' dir='ltr'><strong>salutis</strong></span> <span class='ocrx_word' id='word_1_546' title='bbox 3565 3675 3618 3720; x_wconf 91' lang='lat' dir='ltr'><strong>et</strong></span> <span class='ocrx_word' id='word_1_547' title='bbox 3649 3670 3913 3740; x_wconf 89' lang='lat' dir='ltr'><strong>tranquil-</strong></span> 
     </span>
    </p>
   </div>
   <div class='ocr_carea' id='block_1_87' title="bbox 2314 3745 3915 3828">
    <p class='ocr_par' dir='ltr' id='par_1_87' title="bbox 2314 3745 3915 3828">
     <span class='ocr_line' id='line_1_87' title="bbox 2314 3745 3915 3828; baseline 0.009 -29"><span class='ocrx_word' id='word_1_548' title='bbox 2314 3745 2477 3800; x_wconf 89' lang='lat' dir='ltr'><strong>litatis</strong></span> <span class='ocrx_word' id='word_1_549' title='bbox 2507 3745 2798 3802; x_wconf 75' lang='lat' dir='ltr'><strong>etiicaciter</strong></span> <span class='ocrx_word' id='word_1_550' title='bbox 2826 3749 3152 3818; x_wconf 90' lang='lat' dir='ltr'><strong>perducatis,</strong></span> <span class='ocrx_word' id='word_1_551' title='bbox 3195 3761 3245 3806; x_wconf 92' lang='lat' dir='ltr'><strong>et</strong></span> <span class='ocrx_word' id='word_1_552' title='bbox 3277 3761 3477 3808; x_wconf 89' lang='lat' dir='ltr'><strong>terram</strong></span> <span class='ocrx_word' id='word_1_553' title='bbox 3512 3755 3779 3824; x_wconf 89' lang='lat' dir='ltr'><strong>perditam</strong></span> <span class='ocrx_word' id='word_1_554' title='bbox 3811 3774 3915 3828; x_wconf 86' lang='lat' dir='ltr'><strong>per</strong></span> 
     </span>
    </p>
   </div>
   <div class='ocr_carea' id='block_1_88' title="bbox 2315 3835 3907 3907">
    <p class='ocr_par' dir='ltr' id='par_1_88' title="bbox 2315 3835 3907 3907">
     <span class='ocr_line' id='line_1_88' title="bbox 2315 3835 3907 3907; baseline 0.008 -20"><span class='ocrx_word' id='word_1_555' title='bbox 2315 3849 2433 3897; x_wconf 88' lang='lat' dir='ltr'><strong>vos,</strong></span> <span class='ocrx_word' id='word_1_556' title='bbox 2468 3835 2580 3890; x_wconf 93' lang='lat' dir='ltr'><strong>Deo</strong></span> <span class='ocrx_word' id='word_1_557' title='bbox 2612 3835 2866 3905; x_wconf 88' lang='lat' dir='ltr'><strong>propitio,</strong></span> <span class='ocrx_word' id='word_1_558' title='bbox 2899 3837 2969 3891; x_wconf 87' lang='lat' dir='ltr'><strong>ad</strong></span> <span class='ocrx_word' id='word_1_559' title='bbox 3001 3839 3283 3907; x_wconf 88' lang='lat' dir='ltr'><strong>pristinam</strong></span> <span class='ocrx_word' id='word_1_560' title='bbox 3314 3842 3582 3896; x_wconf 79' lang='lat' dir='ltr'><strong>revocatis</strong></span> <span class='ocrx_word' id='word_1_561' title='bbox 3613 3843 3907 3899; x_wconf 88' lang='lat' dir='ltr'><strong>incolumi-</strong></span> 
     </span>
    </p>
   </div>
   <div class='ocr_carea' id='block_1_89' title="bbox 2313 3925 3910 3998">
    <p class='ocr_par' dir='ltr' id='par_1_89' title="bbox 2313 3925 3910 3998">
     <span class='ocr_line' id='line_1_89' title="bbox 2313 3925 3910 3998; baseline 0.009 -24"><span class='ocrx_word' id='word_1_562' title='bbox 2313 3928 2498 3986; x_wconf 90' lang='lat' dir='ltr'><strong>tatem,</strong></span> <span class='ocrx_word' id='word_1_563' title='bbox 2531 3930 2588 3976; x_wconf 91' lang='lat' dir='ltr'><strong>ut</strong></span> <span class='ocrx_word' id='word_1_564' title='bbox 2618 3939 2679 3977; x_wconf 86' lang='lat' dir='ltr'><strong>ex</strong></span> <span class='ocrx_word' id='word_1_565' title='bbox 2711 3925 2812 3978; x_wconf 92' lang='lat' dir='ltr'><strong>hoc</strong></span> <span class='ocrx_word' id='word_1_566' title='bbox 2841 3933 2893 3978; x_wconf 91' lang='lat' dir='ltr'><strong>et</strong></span> <span class='ocrx_word' id='word_1_567' title='bbox 2939 3925 3082 3995; x_wconf 92' lang='lat' dir='ltr'><strong>apud</strong></span> <span class='ocrx_word' id='word_1_568' title='bbox 3136 3927 3562 3998; x_wconf 88' lang='lat' dir='ltr'><strong>omnipotentem</strong></span> <span class='ocrx_word' id='word_1_569' title='bbox 3618 3932 3910 3988; x_wconf 87' lang='lat' dir='ltr'><strong>Dominum</strong></span> 
     </span>
    </p>
   </div>
   <div class='ocr_carea' id='block_1_90' title="bbox 2313 4008 3910 4089">
    <p class='ocr_par' dir='ltr' id='par_1_90' title="bbox 2313 4008 3910 4089">
     <span class='ocr_line' id='line_1_90' title="bbox 2313 4008 3910 4089; baseline 0.008 -26"><span class='ocrx_word' id='word_1_570' title='bbox 2313 4008 2537 4080; x_wconf 89' lang='lat' dir='ltr'><strong>dignam</strong></span> <span class='ocrx_word' id='word_1_571' title='bbox 2571 4010 2798 4065; x_wconf 86' lang='lat' dir='ltr'><strong>valeatis</strong></span> <span class='ocrx_word' id='word_1_572' title='bbox 2826 4014 3134 4068; x_wconf 87' lang='lat' dir='ltr'><strong>mercedem</strong></span> <span class='ocrx_word' id='word_1_573' title='bbox 3183 4015 3444 4086; x_wconf 85' lang='lat' dir='ltr'><strong>recipere,</strong></span> <span class='ocrx_word' id='word_1_574' title='bbox 3477 4025 3530 4071; x_wconf 80' lang='lat' dir='ltr'><strong>et</strong></span> <span class='ocrx_word' id='word_1_575' title='bbox 3561 4018 3614 4072; x_wconf 90' lang='lat' dir='ltr'><strong>in</strong></span> <span class='ocrx_word' id='word_1_576' title='bbox 3652 4021 3910 4089; x_wconf 59' lang='lat' dir='ltr'><strong>presenti</strong></span> 
     </span>
    </p>
   </div>
   <div class='ocr_carea' id='block_1_91' title="bbox 2314 4097 3905 4177">
    <p class='ocr_par' dir='ltr' id='par_1_91' title="bbox 2314 4097 3905 4177">
     <span class='ocr_line' id='line_1_91' title="bbox 2314 4097 3905 4177; baseline 0.008 -27"><span class='ocrx_word' id='word_1_577' title='bbox 2314 4097 2515 4152; x_wconf 68' lang='lat' dir='ltr'><strong>saeculo</strong></span> <span class='ocrx_word' id='word_1_578' title='bbox 2541 4097 2808 4154; x_wconf 90' lang='lat' dir='ltr'><strong>laudabile</strong></span> <span class='ocrx_word' id='word_1_579' title='bbox 2830 4116 3026 4155; x_wconf 90' lang='lat' dir='ltr'><strong>nomen</strong></span> <span class='ocrx_word' id='word_1_580' title='bbox 3058 4103 3372 4158; x_wconf 90' lang='lat' dir='ltr'><strong>omnimodo</strong></span> <span class='ocrx_word' id='word_1_581' title='bbox 3401 4106 3714 4177; x_wconf 88' lang='lat' dir='ltr'><strong>acquiratis.</strong></span> <span class='ocrx_word' id='word_1_582' title='bbox 3751 4107 3905 4176; x_wconf 85' lang='lat' dir='ltr'><strong>Qua-</strong></span> 
     </span>
    </p>
   </div>
   <div class='ocr_carea' id='block_1_92' title="bbox 2313 4186 3906 4264">
    <p class='ocr_par' dir='ltr' id='par_1_92' title="bbox 2313 4186 3906 4264">
     <span class='ocr_line' id='line_1_92' title="bbox 2313 4186 3906 4264; baseline 0.009 -27"><span class='ocrx_word' id='word_1_583' title='bbox 2313 4193 2536 4254; x_wconf 81' lang='lat' dir='ltr'><strong>prOpter</strong></span> <span class='ocrx_word' id='word_1_584' title='bbox 2563 4186 2755 4240; x_wconf 90' lang='lat' dir='ltr'><strong>scitote</strong></span> <span class='ocrx_word' id='word_1_585' title='bbox 2783 4203 2882 4257; x_wconf 92' lang='lat' dir='ltr'><strong>pro</strong></span> <span class='ocrx_word' id='word_1_586' title='bbox 2911 4198 3058 4244; x_wconf 89' lang='lat' dir='ltr'><strong>certo</strong></span> <span class='ocrx_word' id='word_1_587' title='bbox 3086 4191 3214 4260; x_wconf 90' lang='lat' dir='ltr'><strong>quia</strong></span> <span class='ocrx_word' id='word_1_588' title='bbox 3269 4193 3448 4246; x_wconf 91' lang='lat' dir='ltr'><strong>nullus</strong></span> <span class='ocrx_word' id='word_1_589' title='bbox 3492 4204 3774 4264; x_wconf 88' lang='lat' dir='ltr'><strong>parentum</strong></span> <span class='ocrx_word' id='word_1_590' title='bbox 3803 4213 3906 4251; x_wconf 88' lang='lat' dir='ltr'><strong>ve-</strong></span> 
     </span>
    </p>
   </div>
   <div class='ocr_carea' id='block_1_93' title="bbox 615 4255 3906 4363">
    <p class='ocr_par' dir='ltr' id='par_1_93' title="bbox 615 4255 3906 4363">
     <span class='ocr_line' id='line_1_93' title="bbox 615 4255 3906 4363; baseline 0.009 -54"><span class='ocrx_word' id='word_1_591' title='bbox 615 4255 754 4310; x_wconf 89' lang='lat' dir='ltr'><strong>bene</strong></span> <span class='ocrx_word' id='word_1_592' title='bbox 775 4259 1084 4330; x_wconf 89' lang='lat' dir='ltr'><strong>cognoscis,</strong></span> <span class='ocrx_word' id='word_1_593' title='bbox 1110 4265 1718 4336; x_wconf 86' lang='lat' dir='ltr'><strong>excommunicavimus,</strong></span> <span class='ocrx_word' id='word_1_594' title='bbox 1755 4271 1962 4342; x_wconf 91' lang='lat' dir='ltr'><strong>absque</strong></span> <span class='ocrx_word' id='word_1_595' title='bbox 1992 4255 2210 4329; x_wconf 81' lang='lat' dir='ltr'><strong>eorum-</strong></span> <span class='ocrx_word' id='word_1_596' title='bbox 2237 4303 2291 4363; x_wconf 69' lang='grc' dir='ltr'>Β</span> <span class='ocrx_word' id='word_1_597' title='bbox 2313 4280 2550 4326; x_wconf 83' lang='lat' dir='ltr'><strong>atrorum</strong></span> <span class='ocrx_word' id='word_1_598' title='bbox 2579 4255 3044 4347; x_wconf 21' lang='lat' dir='ltr'><strong>tantam‘gloriam</strong></span> <span class='ocrx_word' id='word_1_599' title='bbox 3065 4287 3114 4332; x_wconf 92' lang='lat' dir='ltr'><strong>et</strong></span> <span class='ocrx_word' id='word_1_600' title='bbox 3146 4279 3528 4335; x_wconf 87' lang='lat' dir='ltr'><strong>exaltationem</strong></span> <span class='ocrx_word' id='word_1_601' title='bbox 3573 4298 3605 4336; x_wconf 91' lang='lat' dir='ltr'><strong>a</strong></span> <span class='ocrx_word' id='word_1_602' title='bbox 3661 4299 3906 4354; x_wconf 57' lang='lat' dir='ltr'><strong>praees-</strong></span> 
     </span>
     <span class='ocr_line' id='line_1_94' title="bbox 622 4342 2438 4363; baseline 0 0"><span class='ocrx_word' id='word_1_603' title='bbox 622 4342 732 4363; x_wconf 50' lang='grc' dir='ltr'><strong>,ψ</strong></span> <span class='ocrx_word' id='word_1_604' title='bbox 776 4343 898 4363; x_wconf 63' lang='lat'><strong>.__.,</strong></span> <span class='ocrx_word' id='word_1_605' title='bbox 1060 4355 1070 4363; x_wconf 90' lang='lat'><strong>.</strong></span> <span class='ocrx_word' id='word_1_606' title='bbox 1251 4351 1262 4360; x_wconf 94' lang='lat'><strong>.</strong></span> <span class='ocrx_word' id='word_1_607' title='bbox 2411 4361 2438 4363; x_wconf 95' lang='lat'><em>__</em></span> 
     </span>
    </p>
   </div>
   <div class='ocr_carea' id='block_1_94' title="bbox 615 4342 2210 4434">
    <p class='ocr_par' dir='ltr' id='par_1_94' title="bbox 615 4342 2210 4434">
     <span class='ocr_line' id='line_1_95' title="bbox 615 4342 2210 4434; baseline 0.014 -38"><span class='ocrx_word' id='word_1_608' title='bbox 615 4342 740 4398; x_wconf 90' lang='lat' dir='ltr'><strong>dem</strong></span> <span class='ocrx_word' id='word_1_609' title='bbox 773 4343 998 4402; x_wconf 84' lang='lat' dir='ltr'><strong>fratrum</strong></span> <span class='ocrx_word' id='word_1_610' title='bbox 1025 4355 1079 4402; x_wconf 90' lang='lat' dir='ltr'><strong>et</strong></span> <span class='ocrx_word' id='word_1_611' title='bbox 1107 4351 1562 4422; x_wconf 90' lang='lat' dir='ltr'><strong>coepiscoporum</strong></span> <span class='ocrx_word' id='word_1_612' title='bbox 1594 4366 1920 4426; x_wconf 88' lang='lat' dir='ltr'><strong>nostrorum,</strong></span> <span class='ocrx_word' id='word_1_613' title='bbox 1952 4375 2074 4416; x_wconf 90' lang='lat' dir='ltr'><strong>cum</strong></span> <span class='ocrx_word' id='word_1_614' title='bbox 2100 4364 2210 4434; x_wconf 89' lang='lat' dir='ltr'><strong>qui-</strong></span> 
     </span>
    </p>
   </div>
   <div class='ocr_carea' id='block_1_95' title="bbox 612 4431 2208 4519">
    <p class='ocr_par' dir='ltr' id='par_1_95' title="bbox 612 4431 2208 4519">
     <span class='ocr_line' id='line_1_96' title="bbox 612 4431 2208 4519; baseline 0.014 -36"><span class='ocrx_word' id='word_1_615' title='bbox 612 4431 714 4484; x_wconf 85' lang='lat' dir='ltr'><strong>bus</strong></span> <span class='ocrx_word' id='word_1_616' title='bbox 745 4431 804 4485; x_wconf 91' lang='lat' dir='ltr'><strong>in</strong></span> <span class='ocrx_word' id='word_1_617' title='bbox 833 4449 956 4488; x_wconf 90' lang='lat' dir='ltr'><strong>eum</strong></span> <span class='ocrx_word' id='word_1_618' title='bbox 986 4440 1562 4496; x_wconf 82' lang='lat' dir='ltr'><strong>excommunicationis</strong></span> <span class='ocrx_word' id='word_1_619' title='bbox 1603 4447 1924 4500; x_wconf 90' lang='lat' dir='ltr'><strong>sententiam</strong></span> <span class='ocrx_word' id='word_1_620' title='bbox 1971 4431 2208 4519; x_wconf 72' lang='lat' dir='ltr'><strong>promul-</strong></span> 
     </span>
    </p>
   </div>
   <div class='ocr_carea' id='block_1_96' title="bbox 612 4517 2210 4594">
    <p class='ocr_par' dir='ltr' id='par_1_96' title="bbox 612 4517 2210 4594">
     <span class='ocr_line' id='line_1_97' title="bbox 612 4517 2210 4594; baseline 0.016 -25"><span class='ocrx_word' id='word_1_621' title='bbox 612 4517 882 4588; x_wconf 80' lang='lat' dir='ltr'><strong>gavimus,</strong></span> <span class='ocrx_word' id='word_1_622' title='bbox 918 4537 1190 4578; x_wconf 90' lang='lat' dir='ltr'><strong>consensu</strong></span> <span class='ocrx_word' id='word_1_623' title='bbox 1221 4533 1272 4578; x_wconf 94' lang='lat' dir='ltr'><strong>et</strong></span> <span class='ocrx_word' id='word_1_624' title='bbox 1300 4527 1574 4582; x_wconf 85' lang='lat' dir='ltr'><strong>voluntate</strong></span> <span class='ocrx_word' id='word_1_625' title='bbox 1603 4546 1748 4586; x_wconf 90' lang='lat' dir='ltr'><strong>nunc</strong></span> <span class='ocrx_word' id='word_1_626' title='bbox 1775 4517 2061 4592; x_wconf 81' lang='lat' dir='ltr'><strong>absolvere</strong></span> <span class='ocrx_word' id='word_1_627' title='bbox 2117 4555 2210 4594; x_wconf 93' lang='lat' dir='ltr'><strong>no-</strong></span> 
     </span>
    </p>
   </div>
   <div class='ocr_carea' id='block_1_97' title="bbox 613 4604 2207 4694">
    <p class='ocr_par' dir='ltr' id='par_1_97' title="bbox 613 4604 2207 4694">
     <span class='ocr_line' id='line_1_98' title="bbox 613 4604 2207 4694; baseline 0.015 -37"><span class='ocrx_word' id='word_1_628' title='bbox 613 4604 794 4694; x_wconf 86' lang='lat' dir='ltr'><strong>lumus</strong></span> <span class='ocrx_word' id='word_1_629' title='bbox 825 4625 840 4673; x_wconf 87' lang='lat'><strong>;</strong></span> <span class='ocrx_word' id='word_1_630' title='bbox 875 4623 943 4662; x_wconf 91' lang='lat' dir='ltr'><strong>ne</strong></span> <span class='ocrx_word' id='word_1_631' title='bbox 975 4609 1044 4662; x_wconf 92' lang='lat' dir='ltr'><strong>ab</strong></span> <span class='ocrx_word' id='word_1_632' title='bbox 1069 4610 1154 4664; x_wconf 90' lang='lat' dir='ltr'><strong>his</strong></span> <span class='ocrx_word' id='word_1_633' title='bbox 1185 4611 1274 4682; x_wconf 90' lang='lat' dir='ltr'><strong>qui</strong></span> <span class='ocrx_word' id='word_1_634' title='bbox 1319 4613 1402 4666; x_wconf 91' lang='lat' dir='ltr'><strong>vel</strong></span> <span class='ocrx_word' id='word_1_635' title='bbox 1432 4615 1723 4684; x_wconf 90' lang='lat' dir='ltr'><strong>desiderio,</strong></span> <span class='ocrx_word' id='word_1_636' title='bbox 1760 4620 1845 4674; x_wconf 87' lang='lat' dir='ltr'><strong>vel</strong></span> <span class='ocrx_word' id='word_1_637' title='bbox 1871 4623 2207 4694; x_wconf 86' lang='lat' dir='ltr'><strong>negligentia</strong></span> 
     </span>
    </p>
   </div>
   <div class='ocr_carea' id='block_1_98' title="bbox 610 4693 2206 4772">
    <p class='ocr_par' dir='ltr' id='par_1_98' title="bbox 610 4693 2206 4772">
     <span class='ocr_line' id='line_1_99' title="bbox 610 4693 2206 4772; baseline 0.014 -27"><span class='ocrx_word' id='word_1_638' title='bbox 610 4693 1034 4750; x_wconf 89' lang='lat' dir='ltr'><strong>ecclesiasticam</strong></span> <span class='ocrx_word' id='word_1_639' title='bbox 1065 4697 1410 4767; x_wconf 85' lang='lat' dir='ltr'><strong>disciplinam</strong></span> <span class='ocrx_word' id='word_1_640' title='bbox 1437 4711 1808 4772; x_wconf 89' lang='lat' dir='ltr'><strong>contemnunt,</strong></span> <span class='ocrx_word' id='word_1_641' title='bbox 1837 4717 1888 4762; x_wconf 92' lang='lat' dir='ltr'><strong>et</strong></span> <span class='ocrx_word' id='word_1_642' title='bbox 1905 4693 2068 4764; x_wconf 84' lang='lat' dir='ltr'><strong>multa</strong></span> <span class='ocrx_word' id='word_1_643' title='bbox 2098 4728 2206 4769; x_wconf 87' lang='lat' dir='ltr'><strong>non</strong></span> 
     </span>
    </p>
   </div>
   <div class='ocr_carea' id='block_1_99' title="bbox 615 4783 2206 4866">
    <p class='ocr_par' dir='ltr' id='par_1_99' title="bbox 615 4783 2206 4866">
     <span class='ocr_line' id='line_1_100' title="bbox 615 4783 2206 4866; baseline 0.015 -36"><span class='ocrx_word' id='word_1_644' title='bbox 615 4783 992 4846; x_wconf 67' lang='lat' dir='ltr'><strong>praesumenda</strong></span> <span class='ocrx_word' id='word_1_645' title='bbox 1021 4795 1378 4853; x_wconf 68' lang='lat' dir='ltr'><strong>praesumunt,</strong></span> <span class='ocrx_word' id='word_1_646' title='bbox 1411 4790 1734 4846; x_wconf 89' lang='lat' dir='ltr'><strong>canonicum</strong></span> <span class='ocrx_word' id='word_1_647' title='bbox 1787 4795 2206 4866; x_wconf 87' lang='lat' dir='ltr'><strong>parvipendatur</strong></span> 
     </span>
    </p>
   </div>
   <div class='ocr_carea' id='block_1_100' title="bbox 607 4865 2202 4957">
    <p class='ocr_par' dir='ltr' id='par_1_100' title="bbox 607 4865 2202 4957">
     <span class='ocr_line' id='line_1_101' title="bbox 607 4865 2202 4957; baseline 0.016 -39"><span class='ocrx_word' id='word_1_648' title='bbox 607 4865 890 4932; x_wconf 89' lang='lat' dir='ltr'><strong>judicium.</strong></span> <span class='ocrx_word' id='word_1_649' title='bbox 924 4870 1096 4926; x_wconf 87' lang='lat' dir='ltr'><strong>Porro</strong></span> <span class='ocrx_word' id='word_1_650' title='bbox 1124 4887 1248 4926; x_wconf 91' lang='lat' dir='ltr'><strong>cum</strong></span> <span class='ocrx_word' id='word_1_651' title='bbox 1279 4875 1348 4928; x_wconf 89' lang='lat' dir='ltr'><strong>ad</strong></span> <span class='ocrx_word' id='word_1_652' title='bbox 1380 4877 1710 4932; x_wconf 88' lang='lat' dir='ltr'><strong>nominatam</strong></span> <span class='ocrx_word' id='word_1_653' title='bbox 1729 4865 2017 4952; x_wconf 86' lang='lat' dir='ltr'><strong>synodum,</strong></span> <span class='ocrx_word' id='word_1_654' title='bbox 2043 4904 2202 4957; x_wconf 88' lang='lat' dir='ltr'><strong>quam</strong></span> 
     </span>
    </p>
   </div>
   <div class='ocr_carea' id='block_1_101' title="bbox 613 4955 2204 5044">
    <p class='ocr_par' dir='ltr' id='par_1_101' title="bbox 613 4955 2204 5044">
     <span class='ocr_line' id='line_1_102' title="bbox 613 4955 2204 5044; baseline 0.016 -40"><span class='ocrx_word' id='word_1_655' title='bbox 613 4955 912 5010; x_wconf 86' lang='lat' dir='ltr'><strong>secundum</strong></span> <span class='ocrx_word' id='word_1_656' title='bbox 938 4973 1125 5013; x_wconf 90' lang='lat' dir='ltr'><strong>sacros</strong></span> <span class='ocrx_word' id='word_1_657' title='bbox 1153 4974 1389 5016; x_wconf 90' lang='lat' dir='ltr'><strong>canones</strong></span> <span class='ocrx_word' id='word_1_658' title='bbox 1411 4963 1610 5033; x_wconf 89' lang='lat' dir='ltr'><strong>Spiritu</strong></span> <span class='ocrx_word' id='word_1_659' title='bbox 1629 4967 1727 5022; x_wconf 90' lang='lat' dir='ltr'><strong>Dei</strong></span> <span class='ocrx_word' id='word_1_660' title='bbox 1744 4971 1991 5026; x_wconf 90' lang='lat' dir='ltr'><strong>conditos</strong></span> <span class='ocrx_word' id='word_1_661' title='bbox 2013 4955 2204 5044; x_wconf 85' lang='lat' dir='ltr'><strong>quarto</strong></span> 
     </span>
    </p>
   </div>
   <div class='ocr_carea' id='block_1_102' title="bbox 616 5038 2198 5131">
    <p class='ocr_par' dir='ltr' id='par_1_102' title="bbox 616 5038 2198 5131">
     <span class='ocr_line' id='line_1_103' title="bbox 616 5038 2198 5131; baseline 0.017 -40"><span class='ocrx_word' id='word_1_662' title='bbox 616 5038 742 5093; x_wconf 87' lang='lat' dir='ltr'><strong>ldus</strong></span> <span class='ocrx_word' id='word_1_663' title='bbox 771 5040 1044 5110; x_wconf 89' lang='lat' dir='ltr'><strong>Octobris,</strong></span> <span class='ocrx_word' id='word_1_664' title='bbox 1069 5046 1298 5102; x_wconf 91' lang='lat' dir='ltr'><strong>Domino</strong></span> <span class='ocrx_word' id='word_1_665' title='bbox 1329 5061 1617 5117; x_wconf 90' lang='lat' dir='ltr'><strong>annuente,</strong></span> <span class='ocrx_word' id='word_1_666' title='bbox 1638 5056 1958 5114; x_wconf 88' lang='lat' dir='ltr'><strong>celebraturi</strong></span> <span class='ocrx_word' id='word_1_667' title='bbox 1975 5038 2198 5131; x_wconf 76' lang='lat' dir='ltr'><strong>erimus,</strong></span> 
     </span>
    </p>
   </div>
   <div class='ocr_carea' id='block_1_103' title="bbox 609 5125 2203 5203">
    <p class='ocr_par' dir='ltr' id='par_1_103' title="bbox 609 5125 2203 5203">
     <span class='ocr_line' id='line_1_104' title="bbox 609 5125 2203 5203; baseline 0.016 -26"><span class='ocrx_word' id='word_1_668' title='bbox 609 5125 693 5178; x_wconf 83' lang='lat' dir='ltr'><strong>vel</strong></span> <span class='ocrx_word' id='word_1_669' title='bbox 723 5125 838 5196; x_wconf 89' lang='lat' dir='ltr'><strong>ipse</strong></span> <span class='ocrx_word' id='word_1_670' title='bbox 871 5131 1098 5198; x_wconf 86' lang='lat' dir='ltr'><strong>venerit,</strong></span> <span class='ocrx_word' id='word_1_671' title='bbox 1135 5133 1214 5186; x_wconf 92' lang='lat' dir='ltr'><strong>vel</strong></span> <span class='ocrx_word' id='word_1_672' title='bbox 1247 5150 1277 5188; x_wconf 92' lang='lat' dir='ltr'><strong>e</strong></span> <span class='ocrx_word' id='word_1_673' title='bbox 1307 5135 1476 5192; x_wconf 85' lang='lat' dir='ltr'><strong>latere</strong></span> <span class='ocrx_word' id='word_1_674' title='bbox 1504 5155 1604 5192; x_wconf 89' lang='lat' dir='ltr'><strong>suo</strong></span> <span class='ocrx_word' id='word_1_675' title='bbox 1635 5145 1969 5200; x_wconf 86' lang='lat' dir='ltr'><strong>venerabiles</strong></span> <span class='ocrx_word' id='word_1_676' title='bbox 1991 5125 2203 5203; x_wconf 48' lang='lat' dir='ltr'><strong>contra;</strong></span> 
     </span>
    </p>
   </div>
   <div class='ocr_carea' id='block_1_104' title="bbox 611 5219 2202 5301">
    <p class='ocr_par' dir='ltr' id='par_1_104' title="bbox 611 5219 2202 5301">
     <span class='ocr_line' id='line_1_105' title="bbox 611 5219 2202 5301; baseline 0.016 -37"><span class='ocrx_word' id='word_1_677' title='bbox 611 5219 720 5266; x_wconf 87' lang='lat' dir='ltr'><strong>tres</strong></span> <span class='ocrx_word' id='word_1_678' title='bbox 770 5223 822 5268; x_wconf 88' lang='lat' dir='ltr'><strong>et</strong></span> <span class='ocrx_word' id='word_1_679' title='bbox 852 5219 1206 5288; x_wconf 90' lang='lat' dir='ltr'><strong>coepiscopos</strong></span> <span class='ocrx_word' id='word_1_680' title='bbox 1240 5239 1368 5278; x_wconf 87' lang='lat' dir='ltr'><strong>suos</strong></span> <span class='ocrx_word' id='word_1_681' title='bbox 1391 5225 1662 5294; x_wconf 74' lang='lat' dir='ltr'><strong>direxerit,</strong></span> <span class='ocrx_word' id='word_1_682' title='bbox 1689 5231 1778 5301; x_wconf 86' lang='lat' dir='ltr'><strong>qui</strong></span> <span class='ocrx_word' id='word_1_683' title='bbox 1798 5223 1964 5286; x_wconf 71' lang='lat' dir='ltr'><strong>nobis</strong></span> <span class='ocrx_word' id='word_1_684' title='bbox 1995 5244 2045 5288; x_wconf 91' lang='lat' dir='ltr'><strong>et</strong></span> <span class='ocrx_word' id='word_1_685' title='bbox 2078 5254 2202 5290; x_wconf 81' lang='lat' dir='ltr'><strong>san-</strong></span> 
     </span>
    </p>
   </div>
   <div class='ocr_carea' id='block_1_105' title="bbox 676 5355 2202 5438">
    <p class='ocr_par' dir='ltr' id='par_1_105' title="bbox 676 5355 2202 5438">
     <span class='ocr_line' id='line_1_106' title="bbox 676 5355 2202 5438; baseline 0.015 -37"><span class='ocrx_word' id='word_1_686' title='bbox 676 5355 1024 5438; x_wconf 41' lang='lat' dir='ltr'><strong>:legelndnn&#39;i.</strong></span> <span class='ocrx_word' id='word_1_687' title='bbox 1046 5362 1253 5438; x_wconf 78' lang='lat' dir='ltr'><strong>videtur,</strong></span> <span class='ocrx_word' id='word_1_688' title='bbox 1300 5371 1612 5425; x_wconf 68' lang='lat' dir='ltr'><strong>prasmtimn</strong></span> <span class='ocrx_word' id='word_1_689' title='bbox 1660 5375 1888 5424; x_wconf 71' lang='lat' dir='ltr'><strong>videlicet</strong></span> <span class='ocrx_word' id='word_1_690' title='bbox 1924 5378 2202 5438; x_wconf 58' lang='lat' dir='ltr'><strong>prtrsbyter</strong></span> 
     </span>
    </p>
   </div>
   <div class='ocr_carea' id='block_1_106' title="bbox 605 5419 2195 5506">
    <p class='ocr_par' dir='ltr' id='par_1_106' title="bbox 605 5419 2195 5506">
     <span class='ocr_line' id='line_1_107' title="bbox 605 5419 2195 5506; baseline 0.015 -38"><span class='ocrx_word' id='word_1_691' title='bbox 605 5419 752 5481; x_wconf 79' lang='lat' dir='ltr'><strong>later,</strong></span> <span class='ocrx_word' id='word_1_692' title='bbox 779 5423 1091 5489; x_wconf 79' lang='lat' dir='ltr'><strong>subinteltige</strong></span> <span class='ocrx_word' id='word_1_693' title='bbox 1128 5419 1422 5498; x_wconf 58' lang='lat' dir='ltr'><strong>litterarum,</strong></span> <span class='ocrx_word' id='word_1_694' title='bbox 1453 5443 1501 5487; x_wconf 89' lang='lat' dir='ltr'><strong>et</strong></span> <span class='ocrx_word' id='word_1_695' title='bbox 1527 5419 1676 5489; x_wconf 81' lang='lat' dir='ltr'><strong>verbo</strong></span> <span class='ocrx_word' id='word_1_696' title='bbox 1695 5419 1903 5492; x_wconf 47' lang='lat' dir='ltr'><strong>Saleii}</strong></span> <span class='ocrx_word' id='word_1_697' title='bbox 1924 5419 2195 5506; x_wconf 46' lang='lat' dir='ltr'><strong>militiis,</strong></span> 
     </span>
    </p>
   </div>
   <div class='ocr_carea' id='block_1_107' title="bbox 2313 4361 3906 4436">
    <p class='ocr_par' dir='ltr' id='par_1_107' title="bbox 2313 4361 3906 4436">
     <span class='ocr_line' id='line_1_108' title="bbox 2313 4361 3906 4436; baseline 0.01 -23"><span class='ocrx_word' id='word_1_698' title='bbox 2313 4361 2528 4414; x_wconf 89' lang='lat' dir='ltr'><strong>soribus</strong></span> <span class='ocrx_word' id='word_1_699' title='bbox 2557 4363 2758 4416; x_wconf 90' lang='lat' dir='ltr'><strong>nostris</strong></span> <span class='ocrx_word' id='word_1_700' title='bbox 2785 4365 3047 4433; x_wconf 87' lang='lat' dir='ltr'><strong>percepit,</strong></span> <span class='ocrx_word' id='word_1_701' title='bbox 3073 4377 3328 4436; x_wconf 87' lang='lat' dir='ltr'><strong>quantam</strong></span> <span class='ocrx_word' id='word_1_702' title='bbox 3343 4385 3444 4423; x_wconf 90' lang='lat' dir='ltr'><strong>nos</strong></span> <span class='ocrx_word' id='word_1_703' title='bbox 3474 4369 3649 4436; x_wconf 83' lang='lat' dir='ltr'><strong>vobis,</strong></span> <span class='ocrx_word' id='word_1_704' title='bbox 3675 4371 3720 4424; x_wconf 89' lang='lat' dir='ltr'><strong>si</strong></span> <span class='ocrx_word' id='word_1_705' title='bbox 3749 4389 3906 4429; x_wconf 87' lang='lat' dir='ltr'><strong>vene-</strong></span> 
     </span>
    </p>
   </div>
   <div class='ocr_carea' id='block_1_108' title="bbox 2311 4447 3904 4530">
    <p class='ocr_par' dir='ltr' id='par_1_108' title="bbox 2311 4447 3904 4530">
     <span class='ocr_line' id='line_1_109' title="bbox 2311 4447 3904 4530; baseline 0.009 -30"><span class='ocrx_word' id='word_1_706' title='bbox 2311 4447 2444 4512; x_wconf 91' lang='lat' dir='ltr'><strong>ritis,</strong></span> <span class='ocrx_word' id='word_1_707' title='bbox 2498 4449 2624 4502; x_wconf 91' lang='lat' dir='ltr'><strong>totis</strong></span> <span class='ocrx_word' id='word_1_708' title='bbox 2654 4449 3019 4520; x_wconf 89' lang='lat' dir='ltr'><strong>multipliciter</strong></span> <span class='ocrx_word' id='word_1_709' title='bbox 3047 4453 3251 4508; x_wconf 88' lang='lat' dir='ltr'><strong>viribus</strong></span> <span class='ocrx_word' id='word_1_710' title='bbox 3280 4456 3656 4512; x_wconf 88' lang='lat' dir='ltr'><strong>desideramus</strong></span> <span class='ocrx_word' id='word_1_711' title='bbox 3687 4459 3904 4530; x_wconf 90' lang='lat' dir='ltr'><strong>impen-</strong></span> 
     </span>
    </p>
   </div>
   <div class='ocr_carea' id='block_1_109' title="bbox 2308 4535 3902 4615">
    <p class='ocr_par' dir='ltr' id='par_1_109' title="bbox 2308 4535 3902 4615">
     <span class='ocr_line' id='line_1_110' title="bbox 2308 4535 3902 4615; baseline 0.009 -27"><span class='ocrx_word' id='word_1_712' title='bbox 2308 4535 2456 4589; x_wconf 89' lang='lat' dir='ltr'><strong>dere.</strong></span> <span class='ocrx_word' id='word_1_713' title='bbox 2493 4535 2663 4590; x_wconf 88' lang='lat' dir='ltr'><strong>Porro</strong></span> <span class='ocrx_word' id='word_1_714' title='bbox 2692 4538 2760 4592; x_wconf 93' lang='lat' dir='ltr'><strong>de</strong></span> <span class='ocrx_word' id='word_1_715' title='bbox 2783 4539 2884 4593; x_wconf 89' lang='lat' dir='ltr'><strong>hoc</strong></span> <span class='ocrx_word' id='word_1_716' title='bbox 2907 4540 3052 4610; x_wconf 90' lang='lat' dir='ltr'><strong>quod</strong></span> <span class='ocrx_word' id='word_1_717' title='bbox 3101 4543 3413 4607; x_wconf 88' lang='lat' dir='ltr'><strong>mandastis,</strong></span> <span class='ocrx_word' id='word_1_718' title='bbox 3459 4550 3520 4598; x_wconf 88' lang='lat' dir='ltr'><strong>&#39;ut</strong></span> <span class='ocrx_word' id='word_1_719' title='bbox 3562 4562 3660 4615; x_wconf 90' lang='lat' dir='ltr'><strong>pro</strong></span> <span class='ocrx_word' id='word_1_720' title='bbox 3705 4558 3902 4603; x_wconf 89' lang='lat' dir='ltr'><strong>eventu</strong></span> 
     </span>
    </p>
   </div>
   <div class='ocr_carea' id='block_1_110' title="bbox 2309 4623 3904 4705">
    <p class='ocr_par' dir='ltr' id='par_1_110' title="bbox 2309 4623 3904 4705">
     <span class='ocr_line' id='line_1_111' title="bbox 2309 4623 3904 4705; baseline 0.009 -29"><span class='ocrx_word' id='word_1_721' title='bbox 2309 4624 2464 4693; x_wconf 86' lang='lat' dir='ltr'><strong>regni</strong></span> <span class='ocrx_word' id='word_1_722' title='bbox 2494 4623 2752 4680; x_wconf 85' lang='lat' dir='ltr'><strong>Ludovici</strong></span> <span class='ocrx_word' id='word_1_723' title='bbox 2781 4626 2884 4696; x_wconf 77' lang='lat' dir='ltr'><strong>piae</strong></span> <span class='ocrx_word' id='word_1_724' title='bbox 2923 4628 3197 4684; x_wconf 60' lang='lat' dir='ltr'><strong>memoria</strong></span> <span class='ocrx_word' id='word_1_725' title='bbox 3237 4631 3450 4700; x_wconf 86' lang='lat' dir='ltr'><strong>nepotis</strong></span> <span class='ocrx_word' id='word_1_726' title='bbox 3494 4634 3657 4687; x_wconf 87' lang='lat' dir='ltr'><strong>vestri</strong></span> <span class='ocrx_word' id='word_1_727' title='bbox 3697 4651 3904 4705; x_wconf 68' lang='lat' dir='ltr'><strong>praepe-</strong></span> 
     </span>
    </p>
   </div>
   <div class='ocr_carea' id='block_1_111' title="bbox 2306 4710 3903 4788">
    <p class='ocr_par' dir='ltr' id='par_1_111' title="bbox 2306 4710 3903 4788">
     <span class='ocr_line' id='line_1_112' title="bbox 2306 4710 3903 4788; baseline 0.009 -24"><span class='ocrx_word' id='word_1_728' title='bbox 2306 4710 2404 4764; x_wconf 85' lang='lat' dir='ltr'><strong>diti</strong></span> <span class='ocrx_word' id='word_1_729' title='bbox 2434 4711 2700 4778; x_wconf 82' lang='lat' dir='ltr'><strong>existatis,</strong></span> <span class='ocrx_word' id='word_1_730' title='bbox 2737 4729 2837 4783; x_wconf 91' lang='lat' dir='ltr'><strong>pro</strong></span> <span class='ocrx_word' id='word_1_731' title='bbox 2868 4715 3035 4770; x_wconf 91' lang='lat' dir='ltr'><strong>multo</strong></span> <span class='ocrx_word' id='word_1_732' title='bbox 3053 4718 3196 4788; x_wconf 90' lang='lat' dir='ltr'><strong>quod</strong></span> <span class='ocrx_word' id='word_1_733' title='bbox 3219 4719 3363 4773; x_wconf 88' lang='lat' dir='ltr'><strong>circa</strong></span> <span class='ocrx_word' id='word_1_734' title='bbox 3395 4736 3494 4774; x_wconf 89' lang='lat' dir='ltr'><strong>vos</strong></span> <span class='ocrx_word' id='word_1_735' title='bbox 3510 4721 3729 4776; x_wconf 88' lang='lat' dir='ltr'><strong>videndi</strong></span> <span class='ocrx_word' id='word_1_736' title='bbox 3751 4724 3903 4779; x_wconf 85' lang='lat' dir='ltr'><strong>desi-</strong></span> 
     </span>
    </p>
   </div>
   <div class='ocr_carea' id='block_1_112' title="bbox 2306 4797 3903 4872">
    <p class='ocr_par' dir='ltr' id='par_1_112' title="bbox 2306 4797 3903 4872">
     <span class='ocr_line' id='line_1_113' title="bbox 2306 4797 3903 4872; baseline 0.01 -21"><span class='ocrx_word' id='word_1_737' title='bbox 2306 4797 2514 4852; x_wconf 89' lang='lat' dir='ltr'><strong>derium</strong></span> <span class='ocrx_word' id='word_1_738' title='bbox 2551 4800 2812 4855; x_wconf 89' lang='lat' dir='ltr'><strong>habemus</strong></span> <span class='ocrx_word' id='word_1_739' title='bbox 2835 4803 3035 4856; x_wconf 89' lang='lat' dir='ltr'><strong>turbati</strong></span> <span class='ocrx_word' id='word_1_740' title='bbox 3083 4821 3406 4872; x_wconf 90' lang='lat' dir='ltr'><strong>manemus;</strong></span> <span class='ocrx_word' id='word_1_741' title='bbox 3467 4809 3563 4864; x_wconf 89' lang='lat' dir='ltr'><strong>sed</strong></span> <span class='ocrx_word' id='word_1_742' title='bbox 3605 4820 3788 4866; x_wconf 90' lang='lat' dir='ltr'><strong>vestra</strong></span> <span class='ocrx_word' id='word_1_743' title='bbox 3819 4811 3903 4866; x_wconf 84' lang='lat' dir='ltr'><strong>fisi</strong></span> 
     </span>
    </p>
   </div>
   <div class='ocr_carea' id='block_1_113' title="bbox 2307 4884 3900 4968">
    <p class='ocr_par' dir='ltr' id='par_1_113' title="bbox 2307 4884 3900 4968">
     <span class='ocr_line' id='line_1_114' title="bbox 2307 4884 3900 4968; baseline 0.011 -31"><span class='ocrx_word' id='word_1_744' title='bbox 2307 4884 2638 4958; x_wconf 89' lang='lat' dir='ltr'><strong>benignitate</strong></span> <span class='ocrx_word' id='word_1_745' title='bbox 2661 4889 2894 4958; x_wconf 89' lang='lat' dir='ltr'><strong>petimus</strong></span> <span class='ocrx_word' id='word_1_746' title='bbox 2915 4901 2990 4956; x_wconf 92' lang='lat' dir='ltr'><strong>ut,</strong></span> <span class='ocrx_word' id='word_1_747' title='bbox 3011 4895 3158 4946; x_wconf 85' lang='lat' dir='ltr'><strong>omni</strong></span> <span class='ocrx_word' id='word_1_748' title='bbox 3180 4909 3307 4948; x_wconf 88' lang='lat' dir='ltr'><strong>cura</strong></span> <span class='ocrx_word' id='word_1_749' title='bbox 3331 4906 3554 4965; x_wconf 90' lang='lat' dir='ltr'><strong>remota,</strong></span> <span class='ocrx_word' id='word_1_750' title='bbox 3589 4915 3691 4968; x_wconf 86' lang='lat' dir='ltr'><strong>pro</strong></span> <span class='ocrx_word' id='word_1_751' title='bbox 3713 4915 3900 4955; x_wconf 88' lang='lat' dir='ltr'><strong>amore</strong></span> 
     </span>
    </p>
   </div>
   <div class='ocr_carea' id='block_1_114' title="bbox 2306 4973 3902 5054">
    <p class='ocr_par' dir='ltr' id='par_1_114' title="bbox 2306 4973 3902 5054">
     <span class='ocr_line' id='line_1_115' title="bbox 2306 4973 3902 5054; baseline 0.011 -26"><span class='ocrx_word' id='word_1_752' title='bbox 2306 4973 2405 5028; x_wconf 91' lang='lat' dir='ltr'><strong>Dei</strong></span> <span class='ocrx_word' id='word_1_753' title='bbox 2425 4983 2477 5027; x_wconf 89' lang='lat' dir='ltr'><strong>et</strong></span> <span class='ocrx_word' id='word_1_754' title='bbox 2506 4987 2812 5032; x_wconf 84' lang='lat' dir='ltr'><strong>sanctorum</strong></span> <span class='ocrx_word' id='word_1_755' title='bbox 2841 4979 3206 5048; x_wconf 88' lang='lat' dir='ltr'><strong>apostolorum</strong></span> <span class='ocrx_word' id='word_1_756' title='bbox 3240 4983 3382 5036; x_wconf 85' lang='lat' dir='ltr'><strong>Petri</strong></span> <span class='ocrx_word' id='word_1_757' title='bbox 3420 4993 3470 5038; x_wconf 87' lang='lat' dir='ltr'><strong>et</strong></span> <span class='ocrx_word' id='word_1_758' title='bbox 3503 4985 3668 5054; x_wconf 88' lang='lat' dir='ltr'><strong>Pauli,</strong></span> <span class='ocrx_word' id='word_1_759' title='bbox 3700 4998 3902 5045; x_wconf 68' lang='lat' dir='ltr'><strong>nostrae</strong></span> 
     </span>
    </p>
   </div>
   <div class='ocr_carea' id='block_1_115' title="bbox 2304 5061 3902 5164">
    <p class='ocr_par' dir='ltr' id='par_1_115' title="bbox 2304 5061 3902 5164">
     <span class='ocr_line' id='line_1_116' title="bbox 2304 5061 3902 5164; baseline 0.011 -50"><span class='ocrx_word' id='word_1_760' title='bbox 2304 5061 2578 5131; x_wconf 88' lang='lat' dir='ltr'><strong>petitionis</strong></span> <span class='ocrx_word' id='word_1_761' title='bbox 2601 5065 3013 5122; x_wconf 87' lang='lat' dir='ltr'><strong>sollicitudinem</strong></span> <span class='ocrx_word' id='word_1_762' title='bbox 3047 5070 3135 5138; x_wconf 92' lang='lat' dir='ltr'><strong>pio</strong></span> <span class='ocrx_word' id='word_1_763' title='bbox 3165 5081 3386 5140; x_wconf 74' lang='lat' dir='ltr'><strong>pectore</strong></span> <span class='ocrx_word' id='word_1_764' title='bbox 3431 5083 3607 5129; x_wconf 87' lang='lat' dir='ltr'><strong>vestro</strong></span> <span class='ocrx_word' id='word_1_765' title='bbox 3649 5076 3902 5164; x_wconf 61' lang='lat' dir='ltr'><strong>alapriter</strong></span> 
     </span>
    </p>
   </div>
   <div class='ocr_carea' id='block_1_116' title="bbox 2303 5151 3898 5234">
    <p class='ocr_par' dir='ltr' id='par_1_116' title="bbox 2303 5151 3898 5234">
     <span class='ocr_line' id='line_1_117' title="bbox 2303 5151 3898 5234; baseline 0.013 -34"><span class='ocrx_word' id='word_1_766' title='bbox 2303 5151 2608 5218; x_wconf 78' lang='lat' dir='ltr'><strong>assumatis,</strong></span> <span class='ocrx_word' id='word_1_767' title='bbox 2643 5162 2698 5205; x_wconf 90' lang='lat' dir='ltr'><strong>ut</strong></span> <span class='ocrx_word' id='word_1_768' title='bbox 2731 5153 2868 5209; x_wconf 83' lang='lat' dir='ltr'><strong>sicut</strong></span> <span class='ocrx_word' id='word_1_769' title='bbox 2899 5158 3058 5210; x_wconf 86' lang='lat' dir='ltr'><strong>sedes</strong></span> <span class='ocrx_word' id='word_1_770' title='bbox 3088 5160 3407 5228; x_wconf 85' lang='lat' dir='ltr'><strong>apostolica,</strong></span> <span class='ocrx_word' id='word_1_771' title='bbox 3450 5179 3570 5232; x_wconf 59' lang='lat' dir='ltr'><strong>quae</strong></span> <span class='ocrx_word' id='word_1_772' title='bbox 3601 5151 3760 5234; x_wconf 74' lang='lat' dir='ltr'><strong>capth</strong></span> <span class='ocrx_word' id='word_1_773' title='bbox 3819 5175 3898 5220; x_wconf 88' lang='lat' dir='ltr'><strong>est</strong></span> 
     </span>
    </p>
   </div>
   <div class='ocr_carea' id='block_1_117' title="bbox 2303 5238 3893 5325">
    <p class='ocr_par' dir='ltr' id='par_1_117' title="bbox 2303 5238 3893 5325">
     <span class='ocr_line' id='line_1_118' title="bbox 2303 5238 3893 5325; baseline 0.011 -35"><span class='ocrx_word' id='word_1_774' title='bbox 2303 5238 2542 5292; x_wconf 88' lang='lat' dir='ltr'><strong>omnium</strong></span> <span class='ocrx_word' id='word_1_775' title='bbox 2571 5240 2940 5296; x_wconf 73' lang='lat' dir='ltr'><strong>Ecclesiarum</strong></span> <span class='ocrx_word' id='word_1_776' title='bbox 2967 5245 3082 5313; x_wconf 85' lang='lat' dir='ltr'><strong>Dei,</strong></span> <span class='ocrx_word' id='word_1_777' title='bbox 3115 5263 3210 5302; x_wconf 87' lang='lat' dir='ltr'><strong>vos</strong></span> <span class='ocrx_word' id='word_1_778' title='bbox 3242 5265 3440 5322; x_wconf 81' lang='lat' dir='ltr'><strong>magno</strong></span> <span class='ocrx_word' id='word_1_779' title='bbox 3459 5252 3728 5307; x_wconf 74' lang='lat' dir='ltr'><strong>desiderio</strong></span> <span class='ocrx_word' id='word_1_780' title='bbox 3742 5257 3893 5325; x_wconf 85' lang='lat' dir='ltr'><strong>quasi</strong></span> 
     </span>
    </p>
   </div>
   <div class='ocr_carea' id='block_1_118' title="bbox 2301 5380 3892 5493">
    <p class='ocr_par' dir='ltr' id='par_1_118' title="bbox 2301 5380 3892 5493">
     <span class='ocr_line' id='line_1_119' title="bbox 2301 5380 3892 5493; baseline 0.013 -66"><span class='ocrx_word' id='word_1_781' title='bbox 2301 5380 2426 5493; x_wconf 52' lang='lat' dir='ltr'><strong>ﬂuod</strong></span> <span class='ocrx_word' id='word_1_782' title='bbox 2453 5385 2620 5430; x_wconf 85' lang='lat' dir='ltr'><strong>natum</strong></span> <span class='ocrx_word' id='word_1_783' title='bbox 2643 5387 2714 5430; x_wconf 80' lang='lat' dir='ltr'><strong>est</strong></span> <span class='ocrx_word' id='word_1_784' title='bbox 2737 5397 2796 5433; x_wconf 78' lang='lat' dir='ltr'><strong>ex</strong></span> <span class='ocrx_word' id='word_1_785' title='bbox 2818 5387 3110 5446; x_wconf 84' lang='lat' dir='ltr'><strong>repetitione</strong></span> <span class='ocrx_word' id='word_1_786' title='bbox 3125 5392 3374 5451; x_wconf 75' lang='lat' dir='ltr'><strong>sequen‘is</strong></span> <span class='ocrx_word' id='word_1_787' title='bbox 3391 5393 3626 5454; x_wconf 64' lang='lat' dir='ltr'><strong>adverbii,</strong></span> <span class='ocrx_word' id='word_1_788' title='bbox 3655 5397 3892 5448; x_wconf 71' lang='lat' dir='ltr'><strong>ridelirrl.</strong></span> 
     </span>
     <span class='ocr_line' id='line_1_120' title="bbox 2347 5459 2456 5493; baseline 0.009 -1"><span class='ocrx_word' id='word_1_789' title='bbox 2347 5459 2456 5493; x_wconf 59' lang='lat' dir='ltr'><strong>ann.</strong></span> 
     </span>
    </p>
   </div>
   <div class='ocr_carea' id='block_1_119' title="bbox 2347 5459 2456 5494">
    <p class='ocr_par' dir='ltr' id='par_1_119' title="bbox 2347 5459 2456 5494">
     <span class='ocr_line' id='line_1_121' title="bbox 2347 5459 2456 5494; baseline 0.018 -2"><span class='ocrx_word' id='word_1_790' title='bbox 2347 5459 2456 5494; x_wconf 69' lang='lat' dir='ltr'><strong>ARD.</strong></span> 
     </span>
    </p>
   </div>
  </div>
