4160 6304
235 251 342 300 853

1445 229 1796 285 EPISTOLAS
1852 226 1942 280 ET
1998 229 2317 283 DECRETA
2331 271 2342 281 .

3433 227 3534 278 854

237 372 458 425 unicum
501 376 552 422 et
601 364 979 421 cbarissimum
1029 361 1194 415 tilium
1246 357 1609 429 praestolatur,
1660 359 1842 407 vestra
1869 348 2102 421 Aloque
2122 359 2466 405 commotam.
2501 351 2613 404 Nos
2634 350 2832 420 itaque,
2867 348 3170 403 serenitatis
3191 355 3387 403 vestrae
3411 363 3538 416 pre-

236 457 461 530 speciali
515 456 719 511 visione
768 452 1020 508 celeriter
1067 448 1412 520 perfruatur;
1461 441 1718 515 quoniam
1766 439 1831 503 si,

238 550 358 603 Deo
374 547 603 607 favente,
630 545 931 598 Romanum
954 536 1294 607 sumpseritis
1321 532 1629 603 imperium,
1654 528 1837 584 omnia

236 636 397 691 vobis
430 648 595 705 regna
626 631 867 700 subjecta
898 627 1145 682 existent.
1180 625 1318 678 Nam
1351 622 1394 675 si
1411 620 1641 691 pleniter
1669 617 1837 671 scire-

239 725 307 778 tis
339 730 537 794 quanta
582 736 683 773 nos
712 718 949 788 undique
994 714 1158 778 mala,
1195 727 1313 783 quae
1350 725 1451 779 pro
1494 705 1835 761 multitudine

240 812 487 868 scribere
518 808 877 879 nequivimus,
912 802 1225 874 opprimunt
1250 807 1297 853 et
1335 796 1598 865 aliligunt,
1632 801 1833 847 tantum

236 901 293 954 in
323 908 506 955 vestra
556 894 935 968 cognoscimus
983 889 1249 960 sapientia
1282 885 1422 957 quod
1453 901 1552 953 per
1600 890 1835 936 vestram

240 985 665 1059 magnitudinem
693 984 800 1050 jam
833 994 1179 1035 maneremus
1227 973 1455 1029 defensi.
1491 973 1635 1025 Deus
1668 978 1717 1023 te
1748 968 1833 1020 in-

241 1076 514 1132 columem
544 1071 826 1135 custodiat,
850 1066 1164 1124 charissime
1196 1062 1291 1117 fili.
1328 1063 1463 1115 Data
1483 1064 1547 1114 ut
1568 1074 1758 1129 supra.

898 1190 1173 1246 CCXLIII.

351 1302 422 1340 AD
472 1299 746 1347 BASILIUM,
795 1291 1224 1334 CONSTANTINUM
1255 1289 1325 1327 ET
1353 1284 1727 1325 ALEXANDRUM

850 1361 1254 1405 lMPERATORESo

876 1441 1056 1509 (Anno
1089 1434 1238 1504 879.)

247 1538 657 1606 Imperator-um
684 1526 1288 1606 precibuscommotus,
1317 1522 1381 1574 ut
1411 1534 1527 1606 pax
1547 1517 1623 1569 sit
1644 1515 1837 1606 Eccle-

316 1596 416 1659 sia:
441 1583 1097 1670 Constan'tinopolitanm,
1152 1583 1440 1670 dispensat
1482 1603 1619 1670 cunt
1645 1583 1838 1670 Phario

1937 453 2031 493 ces
2071 454 2315 510 congrua
2334 438 2544 492 ratione
2578 437 2936 503 admittentes,
2967 437 3094 508 quia
3112 443 3134 469 °
3150 434 3415 507 lgnatium
3436 434 3542 503 piae

1937 527 2218 582 memoriae
2247 526 2612 596 patriarcham
2630 526 2698 579 de
2729 524 2981 594 praesenti
3011 524 3115 577 vita
3129 523 3241 591 jam
3268 521 3540 593 migrasse

1938 614 2344 685 cognoscimus,
2378 612 2872 685 temporisratione
2909 618 3214 680 perspecta,
3245 611 3349 663 hoc
3376 608 3541 662 modo

1938 701 2283 755 decernimus
2312 701 2383 754 ad
2413 700 2623 754 veniam
2647 698 2920 769 pertinere
2947 697 3093 767 quod
3123 712 3295 765 nuper
3322 695 3390 749 de
3421 694 3539 764 ipso

1938 790 2068 843 Phot
2078 789 2146 856 io,
2171 789 2294 843 licet
2308 788 2423 856 ipse
2449 787 2656 857 absque
2668 785 2916 840 consultu
2933 783 3079 837 sedis
3092 790 3291 836 nostra?
3303 780 3538 836 ofﬁcium

1938 877 2040 930 sibi
2062 876 2400 930 interdictum
2434 874 2776 943 usurpaverit
2796 871 2838 937 ἀ,
2864 880 3078 943 gestum
3106 876 3315 925 constat
3349 868 3534 923 fuisse.

2010 982 2122 1035 Nos
2174 981 2387 1035 statutis
2438 978 2751 1049 apostolicis
2794 993 2904 1030 non
2950 975 3386 1043 praejudicantes,
3438 989 3540 1028 nec

1938 1071 2222 1124 beatorum
2270 1070 2482 1121 Patrum
2524 1065 2741 1137 regulas
2790 1064 3139 1128 resolventes,
3192 1061 3321 1131 quin
3363 1061 3542 1130 potius

1939 1156 2324 1225 multiplicibus
2364 1170 2553 1208 earum
2599 1151 3007 1207 auctoritatibus
3036 1149 3178 1215 freti,
3214 1147 3305 1218 qui
3332 1148 3541 1202 Niceni

1939 1244 2153 1299 concilii
2199 1242 2434 1312 capitulo
2465 1241 2704 1295 secundo
2752 1237 3094 1308 apertissime
3124 1236 3308 1290 dicunt
3340 1252 3354 1287 :
3388 1233 3568 1302 Ωιιο-⁸

1942 1333 2086 1386 niam
2116 1331 2273 1400 plura
2303 1338 2394 1383 aut
2422 1345 2522 1398 per
2564 1326 2964 1389 necessitatem,
2997 1332 3088 1378 aut
3115 1322 3248 1376 alias
3290 1322 3541 1392 cogenti-

1938 1421 2039 1474 bus
2068 1418 2399 1482 hominibus,
2448 1417 2714 1470 adversus
2762 1412 3186 1469 ecclesiasticam
3234 1409 3373 1464 facta
3417 1416 3542 1462 sunt

1940 1508 2206 1579 regulam.
2242 1506 2376 1559 Hinc
2398 1515 2449 1559 et
2481 1504 2732 1558 Gelasius
2761 1516 2902 1571 papa
2923 1500 3072 1564 dicit,
3103 1498 3247 1569 quod
3269 1496 3360 1551 ubi
3391 1495 3543 1550 nulla

1940 1603 2196 1665 perurget
2266 1592 2581 1655 necessitas,
2654 1588 2941 1644 constituta
2996 1588 3216 1640 Patrum
3288 1583 3541 1638 inviolata

318 1677 463 1731 uti"
488 1654 1840 1748 [ny-amlqcﬁmpomihmmop
1868 1654 2224 1748 Bgel‘veglur
2244 1691 2282 1734 ⁸.
2316 1682 2383 1735 Et
2411 1654 2628 1733 sanctus
2673 1678 2780 1730 Leo
2828 1675 3018 1729 eodem
3063 1672 3251 1742 spiritu
3299 1669 3543 1740 praecipit

319 1724 1013 1818 patriartihlrtsuprogetur,
1034 1724 1382 1818 statuens-lue
1402 1729 1660 1811 deinceps
1681 1724 1837 1795 quis-

319 1799 572 1888 quamad
585 1799 1031 1888 patriarchalem
1058 1799 1549 1888 dignitaternunisz;
1579 1812 1679 1879 per
1706 1809 1838 1888 {ira-

318 1866 422 1942 Zlus
460 1866 863 1940 ecclesiasticos
890 1866 1233 1933 asccmlaunt:
1276 1872 1435 1942 jubet
1455 1866 1839 1942 patriarcha???

323 1933 1013 2024 Constantinopolitmiunt
1045 1933 1415 2024 {fulgaro'ruin
1449 1933 1727 1993 dioecesim
1743 1933 1842 2024 sui:

322 2027 582 2083 Ecclesia,
601 2006 1272 2090 limitana'jurisdictione
1292 2012 1627 2090 relinquere,
1653 2006 1843 2090 monet

323 2114 514 2154 omnes
569 2075 1302 2164 u't'patritti'clirrdebitum
1358 2075 1629 2153 praestent
1665 2075 1841 2156 oobsa-

323 2170 558 2240 quium;
588 2146 842 2240 prriacipit
882 2164 943 2214 ut
979 2159 1050 2240 qd
1090 2146 1842 2240 Ecclesira:communique)?

323 2213 951 2309 'a.’liré'ti{6dio’et
978 2227 1199 2309 ignaot'io
1236 2222 1458 2305 initiati
1474 2219 1728 2309 fuerant,
1753 2213 1846 2266 (ul-

323 2287 583 2369 mitiant;
623 2287 1081 2359 arcomntunicuat
1107 2299 1147 2351 il
1156 2298 1232 2350 los
1257 2294 1350 2365 qui
1372 2307 1502 2345 cum
1523 2287 1717 2341 Photio
1739 2301 1842 2336 no—

328 2381 544 2434 luerint
567 2374 1005 2431 communicare.

329 2463 703 2521 Dilectissimis
734 2476 797 2515 ac.
818 2454 1286 2513 excellentissimis
1318 2445 1689 2520 spiritualibus
1722 2440 1846 2493 filiis

250 2556 456 2611 nostris
478 2554 718 2614 Bssmo,
746 2552 1143 2602 Coxsnxrixo
1176 2550 1227 2595 et
1258 2544 1617 2597 ALEXANDRO,
1641 2528 1847 2599 glorio-

253 2642 485 2699 sissimis
508 2635 934 2710 imperatoribus
966 2647 1184 2702 semper
1214 2625 1490 2699 Augustis.

326 2733 519 2785 ILInter
573 2728 748 2781 claras
823 2721 1102 2792 sapientiae
1157 2710 1589 2792 mansuetudinis
1658 2712 1849 2758 vestrae

253 2820 465 2885 laudes,
516 2833 548 2871 o
596 2808 1039 2869 Christianissimi
1093 2804 1388 2876 principes,
1452 2786 1671 2866 aliquod
1727 2805 1848 2845 cum

254 2908 473 2981 puriore
506 2906 625 2959 luce
656 2915 880 2955 summa‘
902 2892 1415 2950 devotionislumen
1448 2887 1609 2954 longe
1639 2881 1851 2947 lateque

260 2966 586 3066 resplendet,
622 2990 765 3061 quod
791 3001 977 3042 amore
999 2982 1143 3046 fidei,
1176 2978 1321 3051 quod
1345 2971 1620 3030 charitatis
1651 2966 1849 3029 studio,

258 3082 560 3153 disciplinis
604 3074 984 3133 ecclesiasticis
1017 3070 1214 3136 edocti,
1265 3067 1522 3120 Romanae
1551 3057 1666 3113 sedi
1693 3071 1857 3109 reve-

256 3173 495 3229 rentiam
525 3183 677 3222 more
708 3164 1180 3235 praedecessorum
1229 3162 1534 3209 vestrorum
1580 3144 1858 3216 piissimo-

258 3277 383 3316 rum
410 3260 797 3328 imperatorum
840 3246 1193 3309 conservatis,
1229 3252 1279 3296 et
1311 3241 1428 3308 ejus
1459 3242 1653 3291 cuncta
1685 3230 1857 3297 subji-

262 3346 430 3405 citis"
464 3326 767 3399 auctoritati
801 3358 812 3393 :
849 3340 915 3392 ad
938 3337 1089 3404 cujus
1133 3339 1428 3391 auctorem,
1463 3326 1566 3377 hoc
1610 3328 1689 3374 est
1726 3332 1859 3386 apo-

264 3438 530 3492 stolorum
554 3431 793 3486 omnium
809 3425 1135 3497 principem,
1158 3417 1385 3474 Domino
1415 3415 1690 3483 loquente,
1715 3421 1861 3475 prae—

266 3532 482 3595 ceptum
512 3529 593 3575 est
618 3538 629 3574 :
655 3522 828 3573 Pasce
850 3530 974 3569 oves
995 3527 1147 3566 meas
1165 3509 1347 3577 (Joan.
1385 3501 1527 3567 XXI).
1548 3497 1724 3565 Quam
1742 3506 1863 3545 esse

266 3629 398 3670 vere
445 3610 683 3666 omnium
727 3603 1094 3660 Ecclesiarum
1139 3596 1236 3651 Dei
1280 3599 1441 3661 caput
1489 3595 1542 3641 et
1583 3586 1864 3637 beatorum

270 3805 398 3861 pum
446 3793 640 3840 statuta
679 3781 977 3841 declarant,
1012 3786 1064 3829 et
1106 3770 1322 3843 pietatis
1366 3772 1562 3821 vestra:
1606 3771 1866 3813 reveren-

272 3843 481 3932 ilissimi
525 3873 700 3943 apices
745 3873 1081 3921 attestantur.
1128 3858 1274 3914 Nihil
1308 3863 1388 3910 est
1420 3853 1561 3906 enim
1606 3845 1751 3918 quod
1782 3843 1869 3895 lu-

274 3966 418 4020 mine
450 3962 676 4018 clariore
709 3955 1044 4028 przefulgeat,
1090 3963 1247 4019 quam
1279 3944 1369 4014 pia
1398 3937 1615 3995 devotio
1646 3942 1698 3988 et
1729 3937 1873 3984 recta

274 4053 410 4108 ﬁdes
441 4052 494 4104 in
536 4025 800 4118 principe.
834 4044 897 4096 Et
931 4039 1057 4111 quia
1094 4031 1354 4106 pontificii
1399 4025 1569 4081 nostri
1611 4034 1872 4075 reveren—

275 4144 405 4196 tiam
434 4141 537 4193 hoc
570 4136 766 4190 ardore
799 4129 1014 4189 mentis,
1060 4126 1161 4177 hoc
1194 4116 1476 4189 religionis
1508 4109 1685 4165 studio
1718 4107 1873 4159 lucu-

280 4232 455 4285 leuter
510 4224 702 4281 vestris
764 4216 1039 4273 melliﬂuis
1093 4209 1288 4264 litteris
1355 4200 1591 4257 exoratis
1658 4196 1711 4247 id
1778 4206 1877 4244 nos

286 4318 493 4372 ratione
524 4331 620 4368 seu
651 4307 913 4378 temporis
935 4298 1259 4357 necessitate
1291 4295 1552 4361 inspecta,
1581 4299 1704 4339 cum
1735 4279 1881 4333 sedis

1889 3030 1938 3091 C

1942 1770 2297 1824 omittendum
2355 1784 2476 1821 esse
2522 1775 2573 1820 et
2618 1762 2945 1833 inculpabile
2994 1759 3349 1829 judicandum
3396 1755 3540 1827 quod

1942 1857 2244 1913 necessitas
2289 1854 2483 1908 intulit.
2546 1854 2674 1906 Inde
2719 1859 2771 1905 et
2812 1849 2959 1904 Felix
3006 1847 3227 1918 praesul,
3286 1846 3545 1899 decessor

1943 1954 2150 2010 noster,
2182 1944 2235 1997 in
2269 1959 2361 1996 sua
2393 1941 2649 1995 decretali
2674 1938 2904 2008 epistola
2943 1951 3076 1991 voce
3106 1947 3347 1988 consona
3393 1930 3543 1995 dicit,

1945 2034 2103 2087 aliter
2133 2030 2465 2085 tractandam
2514 2044 2635 2081 esse
2678 2024 3021 2080 necessitatis
3067 2021 3332 2075 rationem
3360 2026 3414 2072 et
3441 2016 3544 2070 ali—

1946 2131 2027 2176 ter
2056 2118 2362 2174 voluntatis.
2415 2117 2543 2170 lnde
2574 2115 2738 2168 etiam
2786 2119 3030 2166 sanctum
3077 2106 3363 2163 concilium
3402 2104 3549 2174 apud

1947 2208 2183 2262 Africam
2234 2214 2446 2275 gestum
2485 2202 2722 2271 capitulo
2772 2198 3043 2253 tricesimo
3086 2195 3271 2266 quinto
3314 2192 3469 2260 jubet
3494 2197 3550 2242 ut

1948 2296 2130 2350 clerici
2180 2293 2581 2347 Donatistarum
2626 2291 2680 2341 in
2710 2286 2975 2350 Ecclesia,
3024 2290 3247 2353 propter
3292 2277 3555 2334 Ecclesiae

1948 2399 2141 2453 pacem
2171 2389 2223 2435 et
2269 2380 2572 2440 utilitatem,
2609 2377 2653 2429 si
2685 2382 2933 2429 correeto
2976 2370 3208 2425 concilio
3245 2367 3313 2420 ad
3361 2365 3558 2420 catho-

1950 2471 2109 2525 licam
2151 2469 2408 2522 unitatem
2438 2464 2669 2518 transire
2712 2460 3001 2527 voluerint,
3035 2458 3081 2510 si
3111 2457 3211 2509 hoc
3241 2453 3363 2524 paci
3392 2451 3555 2506 Chri-

1952 2559 2142 2612 stiana)
2181 2555 2441 2625 prodesse
2475 2552 2649 2605 visum
2696 2549 2872 2611 fuerit,
2907 2547 2959 2599 in
2990 2545 3103 2598 suis
3131 2540 3430 2596 honoribus
3457 2554 3554 2591 su-

1953 2645 2271 2714 scipiantur,
2322 2657 2431 2694 non
2459 2647 2514 2693 ut
2554 2637 2841 2693 concilium
2885 2633 3028 2704 quod
3077 2630 3133 2683 in
3181 2624 3559 2683 transmarinis

1952 2732 2191 2803 partibus
2238 2730 2305 2782 de
2354 2730 2455 2782 hac
2486 2742 2545 2779 re
2578 2725 2774 2779 factum
2818 2730 2916 2783 est,
2968 2718 3316 2779 dissolvatur,
3350 2715 3408 2767 in
3454 2727 3561 2783 quo

1952 2800 2205 2874 videlicet
2255 2815 2485 2871 concilio
2533 2820 2786 2865 statutum
2836 2814 3005 2862 estut
3048 2802 3281 2859 ordinati
3311 2800 3365 2854 in
3407 2806 3564 2869 parte

1956 2906 2170 2967 Donati,
2206 2904 2249 2957 si
2280 2903 2349 2956 ad
2381 2899 2698 2956 catholicam
2748 2903 2956 2966 partem
2988 2890 3217 2944 transire
3275 2886 3564 2946 voluerint,

1958 3011 2068 3049 non
2116 2991 2477 3060 suscipiantur
2503 2987 2556 3040 in
2606 2983 2901 3039 honoribus
2949 2979 3080 3033 suis.
3133 2979 3213 3031 De
3255 2977 3359 3029 hoc
3403 2973 3564 3027 etiam

1961 3084 2157 3137 beatus
2176 3059 2317 3149 papa
2346 3073 2693 3130 Innocentius
2713 3070 2843 3124 dicit
2857 3066 3090 3135 capitulo
3113 3059 3568 3134 quinquagesimo

1962 3170 2148 3242 quinto
2181 3147 2370 3235 remst.
2404 3165 2514 3230 27),
2547 3159 2691 3230 quod
2714 3158 2747 3225 ii
2781 3155 2873 3226 qui
2902 3169 2935 3208 a
2964 3154 3178 3207 Bonoso
3200 3147 3453 3203 haeretico
3484 3160 3568 3199 or-

1962 3256 2132 3311 dinati
2183 3233 2323 3315 sunt,
2370 3256 2659 3320 prepterea
2707 3244 2813 3297 sint
2856 3240 3081 3309 recepti,
3132 3252 3200 3291 ne
3250 3233 3566 3290 scandalum

1964 3348 2265 3398 remaneret
2295 3336 2576 3393 Ecclesiae.

2032 3450 2189 3502 Nunc
2215 3446 2396 3514 itaque
2445 3440 2566 3494 aliis
2596 3434 2942 3508 patriarchis,
2995 3427 3361 3485 Alexandrino
3408 3424 3567 3480 vide—

1964 3537 2089 3591 licet
2119 3543 2169 3589 et
2203 3510 2538 3586 Antiocheno
2569 3535 2619 3581 et
2649 3520 3127 3591 Jerosolymitano,
3179 3523 3341 3585 atque
3389 3510 3571 3566 omni-

1967 3626 2068 3677 bus
2099 3616 2544 3688 archiepiscopis,
2590 3608 2964 3680 metropolitis,
2999 3603 3269 3675 episcopis
3300 3609 3352 3654 et
3383 3613 3573 3653 sacer-

1969 3711 2206 3773 dotibus,
2238 3685 2542 3774 cunctoque
2571 3700 2715 3755 clero
2747 3689 3350 3761 Constantinopolitanae
3396 3685 3563 3749 sedis,

1971 3798 2060 3870 qui
2093 3798 2159 3849 de
2183 3769 2523 3849 ordinatione
2546 3790 2720 3842 beatae
2736 3781 3013 3838 memoriae
3031 3775 3289 3833 Methodii
3306 3782 3358 3829 et
3380 3769 3576 3844 lgnatii

1971 3882 2551 3940 reverendissimorum
2591 3872 3022 3945 patriarcharum
3052 3865 3303 3930 existunt,
3335 3875 3444 3915 una
3472 3872 3577 3913 vo-

1972 3975 2215 4033 luntate,
2283 3968 2511 4038 parique
2563 3971 2688 4016 voto
2759 3953 3257 4014 consentientibus,
3327 3945 3577 4000 eumdem

1975 4059 2221 4115 Photium
2272 4050 2648 4109 satisfaciendo
2683 4048 2721 4112 τ,
2772 4039 3201 4098 misericordiam
3249 4049 3432 4089 coram
3481 4047 3577 4099 sy-

1978 4149 2120 4202 nodo
2153 4143 2446 4198 secundum
2479 4133 2924 4192 consuetudinem
2955 4126 3334 4197 postulantem,
3367 4119 3422 4171 in
3449 4132 3579 4171 vera

1980 4232 2266 4288 dilectione
2318 4228 2556 4287 fratrem,
2608 4222 2663 4274 in
2708 4214 2999 4289 pontificali
3067 4209 3244 4265 oﬁicio
3289 4203 3579 4261 commini-

1983 4331 2154 4375 strum
2204 4320 2390 4387 (atque
2422 4325 2627 4366 .coram
2684 4303 2892 4377 synodo
2950 4294 3382 4354 misericordiam
3438 4305 3584 4360 qua:-

286 4404 598 4478 apostolieae
641 4398 798 4454 nobis
844 4390 1148 4449 commissae
1192 4395 1461 4439 consensu
1508 4384 1560 4428 et
1604 4371 1880 4426 voluntate
1907 4372 1959 4431 D
2211 4371 2270 4458 ‘in
2305 4371 2572 4472 'pastorali
2610 4371 2925 4465 magisterio
2974 4381 3439 4442 consacerdotem’
3487 4390 3585 4445 pro

292 4492 555 4567 perficere
579 4493 697 4560 jure
728 4482 1028 4556 apostolico
1058 4478 1237 4530 decet.

365 4584 535 4656 Igitur
580 4576 789 4649 petistis
819 4590 851 4627 a
881 4569 1038 4624 nobis
1085 4571 1368 4636 quatenus,
1416 4554 1544 4607 sede
1592 4544 1888 4618 apostolica

1142 4652 1150 4656 '
1262 4649 1315 4656 "‘
1384 4644 1413 4656 -“
1608 4632 1853 4656 κ---ΑηΑιέι-

294 4632 421 4729 sua:
431 4669 700 4741 pandente
728 4662 937 4716 viscera
973 4652 1207 4726 pietatis,
1262 4644 1509 4701 Photium
1542 4632 1889 4692 revereudis-

1294 4736 1304 4741 '
1559 4728 1569 4737 '
1641 4740 1651 4741 κ
1680 4740 1691 4741 κ
1714 4717 1888 4741 .__l-s:2

297 4717 404 4729 "uu’
433 4717 644 4741 l""'“‘“"
660 4717 663 4718 '
682 4717 692 4719 '
973 4717 987 4726 .

297 4765 493 4816 simum
525 4759 575 4810 in
607 4751 999 4825 patriarchatus
1030 4744 1258 4801 honore,
1293 4736 1347 4788 in
1379 4728 1574 4785 summi
1604 4717 1894 4778 sacerdotii

298 4849 557 4921 dignitate
586 4853 638 4897 et
670 4843 719 4895 in
752 4830 1107 4892 ecclesiastici
1134 4823 1349 4893 collegii
1376 4819 1634 4874 societate
1680 4810 1894 4877 recipe—

1148 4917 1155 4921 .
1242 4914 1251 4921 .
1439 4907 1469 4921 _.
1512 4906 1521 4915 .
1686 4899 1860 4921 cum“

302 4899 502 4995 minus.
551 4939 858 4997 nostrmque
890 4914 1286 4977 communionis
1333 4906 1654 4979 participem
1686 4899 1895 4952 facere-

302 5043 442 5085 mus.
478 5040 544 5077 ne
579 5017 875 5074 Ecclesiam
911 5009 1025 5071 Dei,
1062 5004 1337 5069 tantojam
1381 5006 1625 5063 tempore
1677 4993 1898 5058 pertur-

307 5118 506 5181 balani,
540 5118 847 5180 pateremur
875 5098 1104 5167 amplius
1146 5104 1367 5145 manere
1397 5082 1627 5137 divisam
1663 5072 1899 5129 scanda-

377 5249 399 5272 ιι
447 5242 558 5290 Hice
604 5232 803 5296 epistola
852 5241 879 5276 a
926 5223 1098 5296 Photio
1158 5223 1234 5296 est
1287 5210 1532 5296 corrupta,
1594 5197 1905 5296 locis“

314 5264 974 5365 desigiigtis.‘li’iilemndtaiu
1024 5290 1137 5336 Sev.
1185 5282 1290 5331 Biu.
1342 5277 1403 5327 ad
1435 5264 1619 5322 calcem
1673 5264 1907 5328 epistola;

384 5349 655 5442 flata-“vde
697 5379 985 5433 auctoritate
1021 5374 1267 5442 Romanae
1317 5358 1549 5412 Ecclesiae
1603 5350 1804 5402 Photius
1860 5349 1909 5397 in

319 5474 407 5513 sua
431 5440 751 5510 translatione
777 5458 870 5497 non
896 5440 1130 5513 posuit-ﬂ
1186 5500 1218 5513 Δ,
1240 5510 1275 5513 Α
1330 5493 1387 5513 ,η

389 5495 407 5554 ἶ
435 5495 836 5581 ignaui
860 5495 1056 5581 sustulit
1075 5500 1301 5581 Photius,
1328 5495 1687 5581 alii-tigna?

391 5594 409 5625 ἀ
949 5551 1298 5621 "contrarium
1328 5570 1522 5610 sensum
1583 5551 1801 5608 Photius,
1864 5551 1916 5594 ut

1987 4461 2249 4551 Ecclesia:
2298 4461 2395 4545 Dei
2426 4502 2559 4557 pace
2593 4492 2645 4539 et
2673 4461 2919 4544 utilitate,
2970 4471 3185 4535 amodo,
3237 4465 3454 4522 Christo
3500 4461 3584 4515 fa-

1989 4590 2166 4645 vente,
2200 4576 2494 4647 recipimus
2523 4581 2575 4625 et
2601 4569 2882 4624 habemus.

2062 4695 2199 4764 Quia
2228 4701 2276 4746 et
2308 4677 2885 4744 vosChristianissimi
2929 4676 3287 4743 imperatores
3335 4660 3587 4734 Augusti,

1995 4785 2083 4856 qui
2115 4789 2313 4835 saneta;
2341 4774 2657 4844 reipublicae
2689 4760 3111 4823 clementissimo
3159 4753 3353 4808 affectu
3383 4749 3591 4820 guber-

2780 4854 2786 4856 μ
2932 4848 2950 4856 -
3064 4845 3138 4856 ..
3445 4835 3565 4856 μη*

1996 4835 2137 4926 datis
2184 4835 2491 4936 imperium,
2524 4875 2625 4930 pro
2665 4854 2879 4910 Christo
2927 4846 3080 4918 fungi
3126 4840 3399 4914 legatione
3445 4835 3598 4890 vide-

1998 4924 2127 5013 mini
2161 4956 2237 5024 (ΙΙ
2262 4924 2388 5009 ἶῖον.
2423 4924 2502 5019 v),
2525 4924 2679 5001 -dum
2710 4956 2810 5011 pro
2838 4952 2972 5007 pace
3004 4930 3205 5003 rogatis
3235 4924 3514 4988 Ecclesiae,
3550 4930 3604 4975 et

2000 5062 2101 5101 nos
2133 5044 2348 5114 quibus,
2385 5035 2680 5091 secundum
2714 5023 3029 5096 Apostolum
3057 5016 3295 5073 omnium
3325 5008 3601 5066 Ecclesia-

2004 5173 2101 5221 vim
2164 5179 2359 5229 passum
2407 5176 2458 5211 se
2500 5156 2740 5219 recepisse
2788 5152 2913 5200 hanc
2972 5143 3136 5194 sedem
3181 5141 3244 5190 ab
3289 5131 3602 5199 imperatori-

2006 5239 2096 5332 bu:
2119 5236 2372 5351 déi‘iaisius.
2420 5304 2497 5354 ep.
2541 5289 2572 5336 6
2610 5307 2621 5336 :
2659 5278 2977 5337 Necessitatis
3032 5280 3245 5335 tempore
3310 5269 3465 5318 locum
3509 5264 3604 5313 ha-

2010 5372 2093 5420 bet
2118 5360 2439 5420 dispensatio.

2079 5453 2092 5487 ¹
2133 5448 2307 5501 Omnia
2369 5446 2461 5493 ista
2508 5438 2689 5488 delevit
2735 5432 2954 5491 Photius,
3016 5426 3076 5476 de
3129 5421 3270 5503 venia
3317 5426 3479 5467 coram
3526 5423 3605 5472 ay-

2018 5536 2139 5590 nodo
2159 5530 2384 5597 petenda.
