4160 6324
1826 199 2121 257 JOANNIS
2174 197 2368 254 ΡΑΡΕ
2431 199 2564 254 Vill.

3819 191 3920 242 856

611 342 735 387 rum
763 328 866 388 Dei
913 327 1224 386 sollicitudo
1271 323 1536 382 incumbit
1569 323 1796 412 (II’Cor.
1833 323 1936 394 χι),
1988 330 2214 378 contro-
2231 327 2288 390 Α
2315 321 2536 376 familiae
2557 318 2776 375 Domini
2805 325 2974 373 status
2994 317 3202 412 et-ordo
3222 315 3452 412 notabit,
3489 315 3697 412 siquod
3719 315 3914 412 requi-

607 419 849 476 versiam
875 417 1115 488 aliquam
1141 416 1199 468 in
1227 413 1480 470 Ecclesia
1522 413 1623 467 Dei
1652 411 1886 482 amplius
1926 424 2212 466 remanere

607 505 881 572 nolentes,
913 506 1059 560 hunc
1075 503 1258 574 ipsum
1279 502 1640 573 patriarcham
1662 515 1787 556 cum
1817 499 2066 554 omnibus
2097 497 2213 552 sive

611 593 904 665 episcopis,
951 592 1067 647 sive
1112 589 1470 662 presbyteris,
1522 606 1618 643 seu
1650 587 1861 644 caeteris
1903 585 2118 642 clericis
2161 592 2213 640 et

611 681 864 738 omnibus
893 679 1068 746 laicis,
1101 678 1159 733 in
1188 693 1327 750 quos
1366 677 1556 746 judicii
1585 676 1760 730 fuerat
1805 689 2040 730 censura
2079 688 2211 744 pro-

610 769 740 839 lata,
791 769 860 822 ab
890 766 1038 823 omni
1087 765 1472 822 ecclesiastica:
1518 763 1813 819 sanctionis
1860 761 2076 818 vinculo
2107 761 2210 815 ab-

613 856 896 927 solvimus,
944 863 1255 926 sanctmque
1301 851 1903 922 ConstantinOpolitanae
1949 849 2212 905 Ecclesiae

607 943 921 1012 judicamus
949 943 1195 1014 recipere
1224 941 1430 1008 sedem,
1464 939 1841 1010 Dominicique
1869 938 2056 1009 gregis
2087 953 2210 992 esse

614 1039 912 1103 pastorem,
943 1031 1038 1086 illa
1067 1029 1275 1086 scilicet
1302 1035 1568 1100 potestate
1597 1026 1734 1094 fulti,
1771 1042 1934 1096 quam
1964 1025 2212 1080 Ecclesia

614 1125 730 1175 toto
775 1119 905 1174 orbe
950 1116 1148 1173 diffusa
1191 1116 1359 1172 credit
1403 1115 1560 1170 nobis
1589 1115 1646 1168 in
1673 1115 1794 1185 ipso
1841 1113 2211 1184 apostolorum

612 1205 860 1278 principe
889 1197 924 1260 α
953 1205 1167 1261 Christo
1208 1205 1323 1258 Deo
1351 1211 1539 1258 nostro
1567 1217 1691 1257 esse
1740 1217 2077 1266 concessam,
2111 1217 2209 1256 eo-

613 1293 742 1350 dem
766 1292 1048 1348 Salvatore
1093 1293 1310 1346 beatum
1359 1293 1580 1346 Petrum
1606 1289 1910 1360 apostolum
1938 1305 2048 1358 prae
2097 1303 2208 1344 cm-

613 1381 744 1436 teris
772 1380 1086 1451 specialiter
1133 1379 1422 1452 delegante
1457 1397 1470 1434 :
1513 1379 1628 1434 Tibi.
1656 1379 1792 1434 dabo
1822 1379 2004 1434 claves
2051 1377 2212 1448 regni

613 1470 900 1536 caelorum,
955 1472 1013 1524 et
1059 1484 1400 1541 quaecunque
1450 1468 1710 1538 ligaveris
1758 1480 1922 1537 super
1972 1469 2205 1531 terram,

609 1560 782 1612 erunt
799 1557 977 1628 ligata
992 1560 1050 1611 et
1067 1557 1132 1611 in
1147 1557 1302 1612 caelis
1319 1575 1338 1622 ;
1361 1559 1418 1611 et
1433 1571 1774 1628 quaecunque
1794 1554 2024 1609 solveris
2040 1570 2212 1626 super

2312 409 2448 462 ritur
2474 408 2528 462 in
2559 422 2808 479 corpore,
2859 421 2967 461 non
3017 405 3084 459 sit
3111 405 3166 458 in
3196 404 3410 474 capite;
3443 411 3495 458 et
3539 403 3664 456 inde
3717 399 3809 457 ﬁet
3865 409 3917 456 ut

2311 497 2488 551 omnis
2509 495 2874 552 ecclesiastica
2894 493 3176 564 disciplina
3195 492 3519 560 resolvatur,
3555 491 3736 546 omnis
3773 490 3912 545 ordo

2309 585 2576 640 turbetur.
2610 585 2678 638 Et
2707 583 2830 638 ideo
2859 583 2962 637 hoc
2992 581 3135 652 quod
3163 597 3264 636 nos
3296 581 3456 636 modo
3497 595 3596 650 pro
3643 579 3914 634 ecclesia-

2311 673 2444 728 stica
2470 673 2677 726 unitate
2707 679 2760 726 et
2794 686 2931 742 pace
2962 685 3122 740 quam
3152 669 3398 722 Christus
3427 667 3689 722 Dominus
3722 674 3914 720 noster

2309 743 2467 816 nobis
2488 760 2637 816 dedit
2654 760 2962 815 habendam
2981 766 3252 828 utcunque
3273 757 3509 827 patimur
3530 772 3652 810 esse
3669 756 3907 820 veniale,

2309 849 2537 903 inultum
2566 848 2914 920 postmodum
2943 863 3066 902 esse
3095 862 3205 900 non
3233 845 3431 916 poterit
3459 853 3503 898 ³.

2380 939 2495 993 Hoc
2526 937 2691 992 etiam
2717 937 2882 992 modo
2913 936 3035 1002 ista,
3069 934 3402 990 excellentiae
3430 941 3624 988 vestrm
3652 932 3912 1004 precibus

2308 1025 2457 1094 moti,
2491 1025 2604 1080 fieri
2647 1025 2924 1094 jubemus,
2959 1023 3005 1078 si
3033 1023 3151 1094 ipse
3193 1022 3501 1094 patriarcha
3548 1021 3911 1092 Bulgarorum

2309 1113 2588 1180 dioecesin,
2641 1129 2800 1184 quam
2849 1113 2952 1183 pia».
2993 1110 3272 1166 memoriae
3301 1109 3560 1177 Nicolaus
3601 1124 3912 1180 praecessor

2309 1209 2513 1271 noster,
2555 1201 2818 1256 Michaele
2865 1200 3104 1271 ipsorum
3131 1214 3266 1271 rege
3293 1205 3532 1268 petente,
3587 1197 3908 1269 aposblicis

2309 1289 2570 1344 doctrinis
2616 1289 2818 1354 docuit,
2851 1296 2904 1343 et
2941 1303 3041 1358 per
3086 1285 3428 1342 venerabiles
3471 1286 3729 1357 epicopos
3773 1302 3908 1342 suos

2308 1377 2439 1434 lavit
2468 1377 2610 1431 unda
2640 1376 2997 1448 baptismatis,
3033 1375 3288 1447 omnique
3317 1374 3683 1431 ecclesiastica
3710 1375 3906 1447 regula

2309 1473 2360 1520 et
2387 1464 2670 1536 disciplina
2712 1471 2874 1535 prout
2905 1464 3192 1535 oportebat
3240 1463 3510 1529 instruxit,
3562 1463 3760 1518 amodo
3802 1479 3904 1519 suo

2303 1553 2414 1621 juri
2442 1553 2721 1608 vindicare
2751 1553 2836 1608 vel
2866 1551 3134 1607 remittere
3165 1551 3312 1606 nullo
3341 1551 3504 1606 modo
3531 1567 3903 1622 praesumpse-

608 1647 842 1710 terram,
877 1648 1048 1700 erunt
1067 1645 1256 1700 soluta
1281 1647 1338 1698 et
1359 1645 1420 1698 in
1441 1645 1594 1698 cretis
1625 1643 1847 1713 (Matth.
1881 1641 2024 1713 xvr).
2060 1641 2207 1697 Sicut
2233 1673 2288 1733 Β
2309 1640 2395 1706 rit,
2430 1656 2533 1696 nec
2547 1639 2781 1712 aliquam
2811 1641 3182 1711 cujuscunque
3196 1639 3421 1733 honoris
3451 1638 3653 1733 ibidem
3681 1641 3904 1733 ordina-

608 1731 753 1786 enim
779 1747 846 1787 ex
871 1732 959 1786 his
987 1731 1170 1787 verbis
1199 1731 1336 1785 nihil
1375 1739 1586 1787 constat
1630 1738 1936 1801 exceptum,
1986 1729 2066 1785 sic
2109 1745 2209 1800 per
2234 1727 2282 1733 _
2307 1729 2509 1784 tionem
2553 1728 2828 1784 fecerit....
2862 1728 3066 1783 ibidem
3112 1737 3236 1783 sunt
3279 1727 3464 1784 illicite
3505 1728 3901 1798 ordinati'epi-

607 1819 922 1890 apostolicae
949 1819 1372 1891 dispensationis
1401 1819 1636 1875 ofﬁcium
1661 1827 1710 1873 et
1725 1825 1892 1873 totum
1913 1833 2206 1890 possumus

603 1907 793 1978 procul
809 1905 976 1964 dubio
995 1907 1326 1979 generaliter
1340 1907 1588 1980 alligare,
1609 1915 1664 1962 et
1683 1915 1852 1962 totum
1868 1921 2205 1978 consequen-

605 2003 693 2050 ter
717 1995 1029 2064 absolvere,
1063 1997 1334 2068 preecipue
1363 2012 1488 2052 cum
1527 2013 1594 2050 ex
1623 1997 1729 2052 hoc
1766 1996 1941 2066 magis
1970 1995 2204 2066 praeberi

606 2082 816 2139 cunctis
844 2091 1096 2154 oporteat
1125 2084 1432 2153 apostolicae
1479 2083 1840 2138 miserationis
1875 2083 2198 2153 exemplum.

672 2169 816 2225 Nam
863 2177 916 2224 et
963 2170 1127 2242 legati
1174 2171 1322 2226 sedis
1368 2171 1680 2242 apostolicae
1727 2171 1792 2224 ab
1851 2179 2202 2226 antecessore

603 2263 810 2326 nostro,
843 2257 1084 2313 Adriano
1111 2258 1366 2314 videlicet
1385 2259 1620 2315 almitico
1648 2259 1902 2329 praesule,
1935 2260 2202 2314 Constan-

601 2343 884 2414 tinopolim
912 2345 1128 2412 directi,
1157 2347 1366 2416 synodo
1409 2347 1612 2402 ibidem
1639 2353 1876 2416 peractae
1921 2363 2099 2418 usque
2129 2347 2200 2402 ad

601 2431 932 2487 voluntatem
982 2433 1067 2488 sui
1113 2433 1384 2504 pontiﬁcis
1438 2434 1682 2507 vigilanti
1730 2434 1906 2490 studio
1950 2435 2196 2490 subscri-

597 2527 1115 2590 pserunt........nec
1161 2523 1232 2576 ab
1280 2523 1576 2592 apostolico
1625 2538 1845 2577 manere
1880 2541 1892 2577 :
1927 2524 2054 2594 quia
2104 2539 2196 2579 se-

601 2607 700 2662 des
731 2607 876 2663 beati
903 2609 1048 2662 Petri
1091 2609 1328 2665 caelestis
1357 2611 1516 2682 regni
1564 2611 1824 2683 clavigeri
1871 2619 2196 2682 potestatem

599 2694 780 2764 habet,
812 2695 983 2767 ligata
1019 2696 1273 2767 quaelibet
1313 2697 1626 2767 pontiﬁcum
1671 2713 1909 2769 congrua
1954 2699 2196 2754 aestima-

601 2779 748 2836 tione
793 2781 1099 2837 absolvere.
1153 2782 1366 2853 Quippe
1415 2799 1540 2839 cum
1582 2793 1794 2839 constet
1843 2787 2043 2842 multos
2079 2787 2196 2855 jam

597 2869 957 2938 patriarchas,
990 2870 1095 2926 hoc
1123 2878 1206 2924 est
1225 2871 1578 2926 Athanasium
1607 2879 1658 2926 et
1679 2873 1936 2942 Cyrillum
1964 2875 2194 2929 Alexan-

595 2955 804 3024 drinos,
837 2955 1154 3013 Flavianum
1173 2965 1226 3012 et
1245 2958 1512 3013 Joannem
1543 2959 2190 3031 ConstantinOpolitanos,

597 3049 650 3099 et
677 3043 1094 3115 Polychronium
1135 3045 1647 3117 Jerosolymitanum
1683 3048 1942 3118 synodice
1971 3049 2196 3105 damna-

597 3137 682 3186 tos
709 3146 808 3202 per
845 3131 1159 3202 apostolicae
1207 3133 1356 3188 sedis
1401 3135 1748 3204 postmodum
1797 3136 2191 3194 absolutionem

594 3219 875 3274 restitutos
905 3219 1283 3276 incunctanter
1313 3221 1500 3276 fuisse.

661 3307 742 3362 Eo
772 3314 954 3362 tamen
983 3315 1174 3364 tenore
1202 3309 1309 3364 ista
1356 3317 1671 3378 statuentes,
1717 3313 2018 3382 apostolica
2045 3315 2190 3370 dun-

585 3401 734 3450 taxat
781 3395 1098 3451 auctoritate
1146 3405 1199 3452 et
1229 3406 1545 3452 sanctorum
1589 3399 1805 3454 Patrum
1854 3402 2188 3457 venerabili-

588 3482 692 3538 bus
733 3481 991 3541 institutis
1035 3483 1381 3540 decernimus
1408 3493 1468 3540 ut
1497 3493 1620 3556 post
1661 3487 1822 3555 hujus
1866 3489 2189 3558 patriarchae

587 3568 814 3639 obitum,
845 3569 1028 3626 nullus
1043 3570 1112 3626 de
1143 3571 1298 3629 laicis
1328 3573 1418 3628 vel
1442 3574 1738 3630 curialibus
1766 3575 1824 3630 in
1849 3577 2188 3646 patriarcha-

587 3662 676 3710 tus
705 3656 940 3728 eligatur
954 3658 1042 3714 vel
1071 3668 1424 3716 consecretur
1450 3663 1675 3729 honore,
1694 3663 1800 3716 nisi
1828 3665 1896 3718 de
1929 3665 2184 3720 cardina-

581 3742 726 3797 libus
753 3744 1088 3816 presbyteris
1129 3754 1182 3801 et
1209 3747 1530 3803 diaconibus
1578 3751 2186 3822 Constantinopolitanae

587 3829 753 3898 sedis,
781 3832 1081 3886 secundum
1111 3850 1292 3889 sacros
1315 3850 1554 3890 canones
1586 3837 1785 3908 Spiritu
1805 3839 1904 3894 Dei
1936 3841 2182 3897 conditos

587 3923 641 3972 et
681 3917 844 3972 totius
891 3921 1081 3974 mundi
1127 3923 1431 3978 reverentia
1475 3934 1828 3982 consecratos
1861 3946 1874 3993 ;
1908 3929 2034 3998 quia
2080 3947 2182 3987 nec

583 4020 926 4077 praepropere
956 4017 1144 4064 contra
1181 4025 1418 4067 canones
1461 4013 1880 4084 ecclesiasticos,
1927 4017 2178 4073 decreta-

583 4107 690 4164 que
739 4095 1006 4163 majorum
1057 4097 1165 4153 cito
1211 4099 1436 4170 quilibet
1481 4101 1667 4170 lector,
1718 4104 1825 4166 cito
1873 4107 2172 4178 acolythus,

580 4179 688 4236 cito
735 4179 1016 4252 diaconus,
1050 4185 1158 4241 cito
1185 4189 1448 4244 sacerdos
1473 4191 1562 4246 vel
1591 4192 1878 4264 episcopus
1923 4193 2034 4261 ﬁat,
2083 4196 2177 4267 qui

577 4267 636 4322 in
662 4269 964 4326 minoribus
983 4272 1175 4330 officiis
1203 4275 1282 4332 sic
1301 4276 1391 4330 diu
1421 4277 1742 4352 perdurent,
1771 4289 1823 4335 et
1847 4282 1953 4336 vita
1984 4300 2175 4340 eorum

2309 1817 2460 1887 scOpi
2491 1817 2577 1872 vel
2607 1817 3006 1872 sacerdotes....
3049 1817 3480 1888 archiepiscopo,
3511 1817 3602 1872 vel
3630 1817 3902 1887 episcOpis

2307 1905 2398 1976 qui
2442 1905 2644 1960 ibidem
2689 1904 2943 1960 videntur
2990 1903 3361 1959 existere......
3416 1921 3628 1960 sacrum
3675 1905 3898 1976 pallium

2305 2009 2413 2064 quo
2438 1993 2579 2048 inter
2607 2009 2761 2049 sacra
2807 1993 3096 2047 missarum
3142 1993 3406 2048 solemnia
3434 1993 3509 2048 uti
3552 1992 3899 2064 pontificibus

2305 2081 2524 2136 solitum
2554 2088 2655 2147 est,
2689 2081 2807 2152 ipse
2853 2080 3156 2152 patriarcha
3203 2080 3417 2136 mittere
3465 2083 3892 2152 praesumpserit.

2375 2189 2541 2242 Porro
2567 2203 2666 2257 pro
2693 2186 2855 2241 tantis
2901 2187 3416 2258 perturbationibus,
3451 2189 3664 2260 quibus,
3698 2191 3893 2247 Eccle-

2303 2275 2380 2328 sia
2409 2282 2590 2330 vestra
2616 2275 2782 2346 longo
2805 2275 2921 2344 jam
2952 2283 3197 2346 tempore
3227 2283 3408 2331 manet
3435 2277 3668 2343 turbata,
3701 2287 3894 2336 vestrae

2301 2363 2584 2434 Augustali
2612 2363 2816 2434 pietati,
2865 2363 3062 2418 obnixe
3107 2365 3452 2436 suggerimus
3480 2373 3539 2420 ut
3584 2366 3890 2424 Constanti-

2300 2450 2673 2520 n0politanum
2701 2451 3066 2522 patriarcham
3109 2453 3276 2523 digno
3315 2455 3524 2509 honore
3552 2465 3888 2522 venerantes,

2301 2538 2458 2608 quasi
2485 2547 2691 2609 patrem
2723 2539 3034 2609 spiritalem,
3065 2549 3118 2596 et
3147 2549 3332 2612 utpote
3353 2541 3494 2596 inter
3522 2559 3620 2599 vos
3639 2552 3691 2598 et
3721 2546 3892 2602 Deum

2298 2627 2656 2682 mediatorem
2699 2628 3048 2698 praecipuum,
3094 2629 3276 2684 divina
3303 2630 3474 2699 vobis,
3509 2647 3610 2701 per
3647 2648 3768 2702 quae
3821 2635 3890 2688 ad

2299 2729 2531 2783 regnum
2560 2716 2891 2785 perveniatis
2931 2725 3210 2784 aeternum,
3246 2719 3434 2772 sedule
3463 2721 3890 2790 annuntiantem,

2297 2802 2388 2871 pio
2410 2818 2628 2873 semper
2655 2803 2848 2858 affectu
2873 2805 3081 2871 colatis,
3108 2814 3161 2860 et
3180 2813 3234 2860 ut
3251 2807 3532 2873 condecet,
3565 2809 3620 2862 in
3639 2810 3896 2868 omnibus

2297 2890 2613 2956 honoretis;
2647 2892 2774 2962 quia
2815 2909 2916 2962 pro
2947 2894 3245 2964 temporali,
3301 2912 3463 2966 quem
3494 2896 3570 2950 illi
3601 2898 3891 2965 exhibetis,

2297 2977 2520 3045 honore,
2555 2995 2650 3034 vos
2680 2988 2734 3035 et
2759 2980 2847 3036 hic
2876 2982 3228 3051 temporalem
3271 2983 3740 3040 honoriﬁcentiam
3784 2987 3891 3044 ha-

2300 3065 2516 3133 bebitis,
2570 3074 2623 3122 et
2684 3069 2742 3122 in
2790 3077 3050 3124 mternum
3099 3071 3448 3142 multiplicem
3496 3073 3687 3143 procul
3733 3075 3898 3134 dubio

2296 3153 2590 3224 recipietis,
2622 3157 2690 3210 ab
2719 3156 2813 3212 illo
2841 3173 3036 3228 nempe
3067 3159 3160 3230 qui
3187 3159 3558 3232 gloriﬁcantes
3587 3178 3648 3216 se
3677 3163 3890 3236 gloriﬁ-

2294 3257 2422 3296 care
2465 3250 2691 3298 testatur
2745 3245 2807 3314 (Ι
2821 3247 2946 3316 Reg.
2996 3252 3086 3316 ιι).
3138 3248 3252 3303 Nec
3306 3263 3495 3303 eorum
3533 3251 3700 3305 verba
3747 3250 3889 3309 falso

2291 3329 2522 3398 prolata,
2555 3332 2646 3402 qui
2678 3333 3062 3388 scandalorum
3103 3335 3303 3389 zizania
3349 3353 3512 3407 super
3539 3340 3888 3410 conspicuam

2294 3426 2536 3488 segetem
2568 3420 2784 3474 Domini
2812 3422 3086 3478 seminare
3115 3439 3226 3478 non
3245 3434 3478 3492 cessant,
3511 3436 3694 3483 vestra
3720 3430 3891 3502 impe-

2291 3503 2440 3558 rialis
2479 3506 2734 3578 dignetur
2764 3509 2954 3564 audire
3003 3512 3276 3582 majestas,
3311 3530 3414 3570 nec
3440 3532 3543 3586 pro
3573 3517 3760 3572 talium
3788 3535 3886 3574 su-

2292 3594 2680 3650 surrationibus
2709 3597 3006 3665 hominum,
3041 3601 3131 3672 qui
3153 3619 3368 3674 semper
3394 3605 3612 3660 student
3633 3607 3886 3666 scindam

2287 3679 2547 3736 unitatem
2591 3683 2712 3754 Dei,
2765 3695 2971 3741 vestem
3020 3689 3256 3756 Domini,
3311 3693 3610 3748 Ecclesium
3660 3695 3880 3762 Christi,

2287 3768 2486 3840 quique
2514 3769 2716 3842 linguis
2745 3773 2857 3827 suis
2878 3791 3093 3846 semper
3113 3779 3301 3833 dolose
3329 3795 3494 3852 agere
3516 3797 3622 3837 non
3645 3795 3878 3852 cessant,

2283 3871 2554 3910 venenum
2590 3860 2836 3930 aspidum
2882 3872 3158 3933 portantes
3209 3869 3310 3921 sub
3338 3869 3493 3923 labiis
3540 3871 3653 3926 suis
3685 3873 3874 3944 (Psal.

2283 3945 2428 4014 xui),
2453 3945 2692 4001 animum
2714 3949 3015 4006 clementiae
3036 3963 3231 4010 vestrae
3252 3957 3512 4014 adversus
3532 3975 3654 4014 eum
3675 3963 3878 4034 aliqua-

2283 4039 2438 4086 tenus
2468 4039 2876 4104 commoveatis,
2901 4048 2952 4094 et
2982 4058 3250 4098 summum
3277 4047 3618 4103 sacerdotem
3637 4059 3876 4106 vestrum

2281 4120 2378 4174 Dei
2401 4123 2744 4191 providentia
2765 4125 2819 4179 in
2838 4127 3103 4184 Ecclesiae
3127 4133 3322 4186 Christi
3339 4135 3608 4207 regimine
3625 4139 3874 4196 constitu-

2275 4215 2384 4262 tum
2399 4210 2476 4263 sic
2491 4209 2650 4266 facile
2667 4215 3037 4283 exhonoretis,
3059 4221 3204 4290 quod
3223 4221 3473 4277 nimirum
3487 4234 3678 4282 sancto
3691 4238 3872 4285 vestro

2282 4296 2510 4367 imperio
2539 4301 2694 4356 valde
2711 4302 3051 4360 inhonestum
3081 4315 3132 4362 et
3161 4308 3420 4365 indecens
3449 4329 3572 4367 esse
3603 4316 3868 4375 videatur.

576 4355 786 4476 pariter
904 4359 1227 4476 obsequium
1270 4365 1671 4476 comprobftur,
1705 4376 1888 4467 utper
1933 4379 2179 4443 tempora
2208 4359 2260 4419 D
2353 4387 2620 4442 Praeterea
2651 4393 2971 4448 mandamus
2998 4395 3176 4462 etiam,
3209 4407 3264 4452 ut
3284 4415 3474 4455 omnes
3503 4403 3793 4476 episcopos
3821 4363 3872 4464 et

573 4455 609 4496 δ
651 4445 946 4512 majoribus
992 4447 1249 4514 instituta,
1297 4453 1664 4521 comprobatis
1706 4456 1860 4526 prius
1907 4462 2170 4533 moribus,

573 4537 628 4585 et
655 4529 814 4587 bona
843 4532 967 4587 vitae
995 4536 1204 4590 meritis
1235 4537 1648 4608 refulgentibus,
1684 4543 1753 4596 ad
1787 4561 2056 4602 summum
2087 4529 2172 4606 sa;

573 4618 880 4674 cerdotium
906 4624 1255 4690 postmodum
1295 4625 1494 4680 veniat.
1524 4628 1792 4696 Quoniam
1821 4649 1929 4688 non
1959 4645 2039 4691 est
2073 4655 2170 4694 su-

571 4704 686 4761 bito
726 4707 1152 4778 pmripiendum
1184 4713 1269 4766 vel
1317 4716 1711 4786 usurpandum,
1747 4722 1890 4790 quod
1923 4723 2032 4778 vita
2078 4728 2168 4784 diu

570 4793 799 4862 probata
851 4804 1090 4851 meretur
1131 4799 1401 4869 accipere.
1459 4802 1596 4856 Nam
1644 4805 1688 4858 si
1735 4807 1790 4860 in
1838 4809 2167 4878 quibuslibet

568 4877 833 4937 Ecclesiae
878 4884 1142 4956 gradibus
1183 4888 1537 4956 providenter
1584 4877 1881 4950 curandum
1912 4908 1994 4952 est
2023 4910 2080 4956 ut
2109 4903 2164 4958 in

565 4963 786 5061 Domini
832 4969 995 5061 domo
1037 4971 1169 5027 nihil
1201 4974 1269 5028 sit
1297 4975 1682 5050 inordinatum,
1738 4966 1938 5054 quanto
1986 4991 2163 5061 magis

565 5051 954 5112 elaborandum
983 5067 1066 5113 est
1093 5069 1151 5114 ut
1189 5061 1244 5116 in
1271 5064 1534 5122 electione
1565 5069 1680 5136 ejus
1710 5051 1800 5141 qui
1830 5091 1990 5144 supra
2039 5051 2160 5132 om-

561 5153 661 5194 nes
707 5143 912 5212 gradus
942 5147 1302 5217 constituitur,
1353 5169 1461 5208 non
1503 5165 1712 5212 erretur
1745 5159 1773 5213 ‘?
1811 5143 1948 5216 Nam
1996 5165 2159 5220 totius

627 5282 770 5364 illis
799 5284 966 5364 ide-est
1025 5291 1277 5364 periodus,
1303 5363 1313 5364 ί
1339 5309 1483 5358 quam
1540 5311 1600 5350 ex
1660 5303 1875 5354 editione
1936 5306 2156 5361 Romana

559 5347 758 5428 suppleo
795 5352 900 5428 ξ-δὶ
969 5347 1213 5428 quispiam
1229 5425 1238 5428 Α
1256 5347 1316 5428 ἴα
1353 5347 1502 5425 ’φὼά
1549 5347 2156 5426 ίῦηιᾶὖιῖῂέᾶτείάἶὲἦὲἒ

569 5422 834 5479 usurparit
853 5433 876 5479 ,°
953 5422 1074 5484 quia
1116 5425 1342 5479 remissio
1379 5422 1594 5492 peccati
1641 5449 1740 5488 non
1783 5437 1868 5489 dat
1911 5422 2158 5493 licentium

2275 4471 2605 4538 sacerdotes,
2641 4490 2737 4528 seu
2759 4477 3128 4550 cujuscunque
3158 4483 3366 4536 ordinis
3397 4471 3648 4552 clericos,
3681 4471 3773 4560 qui
3801 4492 3868 4547 de

2272 4561 2677 4616 consecratione
2735 4563 2925 4636 Ignatii
2997 4567 3152 4622 bona:
3209 4573 3486 4627 memoriae
3547 4576 3868 4644 patriarchae

2271 4647 2590 4712 consistunt,
2644 4651 2758 4705 sive
2787 4652 2840 4706 in
2871 4653 2990 4723 ipsa
3039 4657 3187 4728 regia
3235 4660 3367 4717 urbe
3395 4673 3702 4732 manentes,
3754 4668 3866 4726 sive

2269 4733 2468 4789 alicubi
2507 4745 2680 4807 extra,
2728 4740 2890 4812 longe
2939 4760 3034 4798 seu
3081 4761 3250 4817 prOpe
3303 4758 3565 4822 retrusos,
3617 4755 3866 4811 clementi

2267 4821 2446 4878 animo
2466 4825 2536 4878 ad
2553 4828 2822 4897 gremium
2845 4839 2897 4885 et
2916 4832 3174 4887 unitatem
3208 4845 3407 4892 sancta:
3425 4839 3688 4898 Ecclesiae
3712 4860 3863 4899 revo—

2267 4909 2424 4975 cetis,
2457 4919 2508 4965 et
2541 4913 2680 4968 ulnis
2730 4920 2968 4972 extensis
2997 4930 3227 4990 paterno
3271 4925 3468 4982 atfectu
3507 4929 3780 5001 recipiatis
3809 4941 3861 4988 et

2265 4998 2686 5072 amplectamini,
2721 5007 3076 5080 prOpriasque
3107 5012 3398 5086 unicuique
3426 4998 3638 5072 illorum
3662 5021 3860 5088 jubea-

2263 5085 2330 5138 tis
2374 5089 2599 5144 reddere
2647 5093 2843 5159 sedes;
2877 5104 2933 5150 ut
2962 5097 3099 5152 sicut
3139 5117 3240 5154 una
3271 5085 3353 5157 est
3401 5103 3558 5172 ﬁdes,
3611 5085 3776 5164 unum
3804 5111 3859 5166 in

2261 5174 2417 5228 nobis
2461 5177 2751 5250 baptisma,
2787 5192 2838 5237 et
2869 5201 3057 5240 omnes
3105 5205 3272 5243 unum
3323 5209 3505 5247 sumus
3533 5193 3588 5248 in
3620 5197 3852 5266 Christo,

2259 5308 2434 5391 iterum
2501 5314 2818 5391 delinquendi
2853 5334 2998 5391 {nec
3041 5326 3170 5384 quod
3208 5330 3378 5388 potuit
3437 5330 3607 5391 aliqua
3669 5335 3854 5386 ratione

2255 5377 2416 5506 86:33:,
2443 5383 2659 5496 gat-cedi,
2703 5385 2784 5444 fas
2829 5377 2929 5436 erit
2969 5377 3182 5451 amplius
3208 5377 3422 5457 't'nrpune
3439 5377 3852 5460 “etiam:
