4160 6314
317 212 416 262 857

1509 204 1859 277 ΕΡΙΞᾟΟΙΑΕ
1920 203 2006 255 ET
2061 201 2400 255 DECRETA.

3506 200 3608 247 858

321 332 397 385 ita
430 339 481 384 et
519 330 607 383 isti
635 330 725 401 qui
756 331 824 383 ad
856 330 1116 383 unitatem
1175 339 1225 383 et
1285 330 1595 384 societatem
1651 321 1914 381 Ecclesiae
1944 332 1999 390 Α
2094 324 2200 401 Sed
2232 339 2490 401 quorsum
2539 326 2650 377 huic
2693 324 2816 401 ipse
2842 323 2867 374 '?
2905 322 3072 401 diees.
3135 320 3305 401 Voluit
3350 320 3613 375 scelestus

328 417 433 473 Dei
459 426 513 473 et
542 417 789 488 corporis
819 417 1017 471 Christi
1050 418 1331 483 redierint,
1362 426 1414 471 et
1444 417 1496 470 id
1529 418 1703 486 ipsum
1737 415 1915 469 dicen-

331 515 415 561 tes
444 505 779 576 perfectique
813 506 1106 561 existentes
1135 506 1190 560 in
1221 506 1412 561 eodem
1444 521 1627 569 sensu,
1647 504 1702 556 in
1734 503 1923 556 eadem

335 594 580 659 scientia,
628 611 767 648 unus
797 611 932 665 grex
986 594 1300 660 efﬁciantur,
1336 602 1389 648 et
1417 610 1553 647 unus
1588 600 1790 663 pastor,
1826 606 1927 646 nec

329 684 566 738 audeant
610 683 840 753 amplius
887 682 1073 737 dicere
1103 700 1115 737 :
1152 685 1258 753 Ego
1288 682 1511 754 quidem
1542 698 1669 736 sum
1708 681 1924 752 Cephce,

335 788 435 843 ego
460 772 645 838 Pauli,
686 788 778 841 ego
829 775 1020 825 autem
1051 772 1282 842 Appollo
1323 772 1373 840 (Ι
1404 770 1522 825 Cor.
1556 770 1615 837 ι),
1642 769 1739 823 sed
1770 767 1928 821 unius

336 859 535 914 Christi
562 859 674 913 veri
702 859 802 912 Dei
840 858 1030 923 nostri,
1079 859 1169 928 qui
1230 866 1310 913 est
1342 873 1445 927 pax
1504 865 1692 911 nostra
1723 864 1774 911 et
1804 855 1931 910 fecit

336 954 565 1018 utraque
595 963 780 1016 unum,
814 947 1145 1018 veniensque
1172 946 1411 1001 cmlestia
1432 961 1556 1000 cum
1578 945 1808 999 terrenis
1830 960 1928 1014 pa-

333 1034 552 1091 ciﬁcare
582 1035 838 1106 dignatus
870 1042 970 1088 est.
1012 1036 1115 1103 Qui
1146 1036 1351 1089 idcirco
1374 1035 1546 1089 semel
1572 1050 1669 1103 pro
1682 1034 1932 1105 peccatis
1972 1070 1983 1077 ς

335 1124 545 1180 nostris
572 1127 829 1179 mortuus
867 1127 970 1191 est,
1018 1127 1083 1177 ut
1120 1124 1268 1191 ﬁlios
1316 1124 1416 1177 Dei
1464 1123 1559 1194 qui
1618 1125 1786 1176 erant
1813 1122 1932 1175 (lis-

337 1214 508 1283 persi,
566 1216 929 1284 congregaret
974 1212 1034 1266 in
1089 1228 1263 1266 unum
1313 1212 1603 1279 (Joan.xr,
1655 1210 1764 1279 5‘2).
1818 1209 1934 1264 Nec

337 1300 482 1355 enim
513 1299 709 1370 poterit
743 1299 960 1354 unitatis
1020 1315 1208 1354 eorum
1255 1297 1413 1352 ﬁrma
1462 1314 1585 1353 esse
1643 1313 1930 1368 compago,

338 1388 445 1442 nisi
476 1404 571 1443 eos
601 1388 670 1442 ad
697 1388 1123 1458 inseparabilem
1144 1387 1469 1443 soliditatem
1497 1387 1774 1441 vinculum
1806 1387 1935 1441 cha-

338 1476 510 1531 ritatis
538 1475 841 1531 astrinxerit
876 1494 888 1529 :
941 1484 1228 1547 quatenus,
1290 1477 1405 1529 Deo
1457 1475 1692 1540 favente,
1729 1475 1937 1545 absque

340 1564 488 1618 omni
515 1563 946 1634 perturbatione,
1005 1564 1158 1617 vobis
1196 1563 1546 1634 regnantibus
1604 1563 1737 1618 salvi
1768 1570 1821 1617 et
1852 1579 1937 1615 se-

343 1652 457 1707 curi
494 1652 868 1722 persistentes,
903 1668 1004 1722 pro
1033 1652 1206 1706 salute
1238 1660 1417 1705 vestra
1446 1659 1497 1705 et
1524 1668 1622 1721 pro
1654 1658 1796 1705 statu
1827 1650 1936 1705 rei-

342 1740 576 1810 publicae
597 1741 822 1811 jugibus
850 1756 1070 1810 semper
1100 1739 1236 1794 votis
1267 1740 1559 1794 Dominum
1585 1739 1801 1794 valeant
1832 1740 1935 1794 de-

342 1829 575 1898 precari.

418 1917 575 1987 Quod
608 1918 653 1971 si
680 1916 818 1973 forte
848 1918 1067 1989 quidam
1097 1918 1402 1972 exstiterint
1459 1934 1579 1973 cum
1610 1918 1804 1972 eodem
1834 1933 1933 1987 pa-

348 2008 587 2063 triarcha
625 2007 1028 2062 communicare
1079 2007 1356 2073 nolentes,
1405 2008 1797 2061 admoneantur
1843 2022 1935 2060 se-

346 2097 525 2153 cundo
554 2104 607 2149 et
640 2096 794 2150 tertio
824 2103 881 2148 ut
913 2104 1111 2150 sancta)
1167 2096 1430 2151 Ecclesia)
1461 2112 1518 2149 se
1550 2095 1700 2148 unire
1731 2110 1935 2164 procu-

347 2192 483 2239 rent.
517 2183 675 2252 Quod
705 2184 751 2237 si
780 2184 1100 2253 acquiscere
1130 2183 1419 2253 noluerint,
1453 2184 1505 2237 in
1528 2198 1625 2237 sua
1646 2182 1941 2253 pertinacia

346 2289 568 2328 manere
595 2273 861 2340 volentes,
896 2288 1051 2327 sacra
1091 2289 1186 2327 eos
1234 2272 1635 2337 communione,
1687 2271 1769 2325 his
1801 2288 1937 2341 pra:-

348 2362 591 2417 sentibus
648 2361 831 2415 missis
859 2361 1061 2415 nostris
1119 2378 1223 2415 una
1270 2377 1395 2415 cum
1441 2361 1650 2430 synodo
1674 2360 1939 2429 jussimus

345 2451 577 2521 privare,
612 2465 895 2521 quousque
925 2451 994 2503 ad
1039 2466 1198 2503 suum
1230 2451 1451 2503 redeant
1490 2448 1857 2519 patriarcham
1886 2456 1938 2502 et

349 2539 420 2593 ad
464 2546 665 2593 sanctae
706 2538 971 2593 Ecclesiae
1024 2538 1305 2605 unitatem,
1336 2565 1343 2572 -
1369 2554 1489 2592 cum
1521 2538 1795 2608 praecipue
1834 2536 1937 2606 ipsi

347 2627 830 2698 episcopianobis
885 2627 990 2680 sint
1047 2627 1305 2681 canonice
1358 2625 1826 2681 excommunicati.
1874 2626 1941 2679 Et

346 2716 470 2771 ideo
500 2717 547 2770 si
575 2730 670 2771 e05
699 2717 753 2769 in
774 2716 1106 2771 consortium
1139 2732 1297 2769 suum
1319 2715 1600 2783 receperit,
1634 2714 1940 2785 aliquamve

348 2820 470 2859 cum
504 2804 584 2858 eis
634 2803 1070 2858 communionem
1115 2804 1385 2871 habuerit,
1436 2802 1773 2857 similimodo
1795 2817 1941 2856 eum-

347 2893 471 2947 dem
510 2893 869 2963 patriarcham
925 2908 1048 2946 cum
1078 2892 1210 2962 ipsis
1269 2891 1538 2962 episcOpis
1569 2892 1941 2947 ecclesiastica

349 2981 728 3036 communione
764 2981 1072 3051 judicamus
1096 2998 1219 3035 esse
1242 2980 1537 3051 privatum.
1586 2982 1721 3034 Data
1750 2997 1941 3035 mense

1965 1703 2019 1762 B

2025 394 2176 465 quasi
2206 391 2272 447 ex
2300 394 2524 447 Joannis
2581 391 2736 465 papa:
2783 393 2973 447 litteris
3002 408 3110 445 non
3141 391 3314 445 solum
3346 406 3494 444 suam
3521 405 3615 465 _re-

2027 461 2360 519 stitutionem
2391 461 2601 517 ﬁrmam
2639 461 3059 533 roboratamque
3087 468 3413 526 monstrare,
3440 461 3538 515 sed
3567 469 3620 515 et

2030 534 2231 590 falsatis
2254 535 2361 588 illis
2392 535 2622 605 probare
2671 534 2834 587 etiam
2863 533 3182 605 auctoritate
3217 533 3460 605 ejusdem
3485 548 3618 601 pon-

2029 606 2188 660 tificis
2220 603 2467 661 octavam
2523 605 2789 675 synodum
2846 604 3232 658 acumenicam
3255 619 3376 675 esse
3405 603 3624 656 damna-

2030 686 2137 731 tam
2164 696 2178 741 ;
2209 677 2491 746 probatam
2524 674 2652 730 vero
2670 683 2944 729 recentem
2973 675 3044 728 ab
3061 675 3179 743 ipso
3208 674 3470 746 adversus
3498 688 3617 727 earr.

2029 744 2494 816 Constantinopoli
2525 746 2888 810 celebratam;
2921 752 3276 814 octavamque
3305 744 3507 814 pariter
3526 761 3618 816 no-

2029 818 2285 872 minatam
2312 817 2366 871 in
2386 815 2692 871 abolitione
2738 817 2994 886 legitimaa
3023 824 3225 870 octava!
3281 815 3625 869 occumenicae

2032 890 2134 943 sub
2166 888 2402 942 Adriano
2440 887 2692 957 pontiﬁce
2723 888 3030 942 celebrataz.
3063 888 3144 940 Ex
3168 901 3274 957 quo
3291 886 3499 958 grande
3519 901 3627 958 ma-

2032 960 2144 1013 lum
2194 958 2328 1013 illud
2359 956 2538 1012 evenit
2570 968 2626 1012 ut
2681 974 2779 1028 pro
2808 972 3071 1029 germana
3118 956 3328 1022 octava,
3360 972 3389 1008 a
3419 956 3626 1029 Graecis

2034 1030 2287 1091 maxime,
2321 1038 2541 1099 accepta
2591 1030 2656 1082 sit
2682 1026 2940 1099 synodus
2971 1029 3232 1083 Photiana
3265 1046 3278 1091 ;
3325 1034 3379 1081 ut
3427 1026 3626 1080 factum

2035 1102 2173 1154 inter
2201 1101 2338 1154 alios
2369 1116 2401 1154 a
2431 1103 2639 1154 Zonara
2668 1108 2751 1153 est
2780 1100 2982 1165 videre,
3027 1100 3117 1169 qui
3147 1099 3200 1151 in
3235 1114 3328 1151 sua
3360 1113 3624 1152 canonum

2035 1172 2355 1226 collectione
2413 1179 2466 1224 et
2520 1170 2965 1241 interpretatione
3022 1169 3219 1241 posuit,
3255 1170 3378 1223 loco
3426 1176 3629 1222 octavae

2037 1241 2387 1297 meumenicze
2418 1240 2682 1313 synodum
2712 1241 3029 1313 Photianam
3056 1240 3387 1313 sacrilegam
3423 1258 3434 1292 :
3469 1254 3627 1313 quam

2036 1313 2210 1383 ipsam
2242 1320 2296 1366 et
2341 1309 2660 1367 Theodorus
2690 1312 2938 1383 Balsﬁamo
2976 1309 3339 1383 universalem
3369 1309 3625 1383 appellat,

2038 1381 2191 1452 cujus
2222 1391 2272 1437 et
2304 1391 2411 1437 tres
2443 1398 2682 1437 canones
2710 1382 2903 1437 recitat
2933 1400 2946 1447 ;
2981 1381 3058 1437 sic
3090 1381 3378 1452 etreliqua
3409 1382 3632 1452 Graeco-

2038 1471 2160 1509 rum
2193 1453 2658 1509 schismaticorum
2675 1453 2956 1525 colluvies,
2980 1454 3058 1525 Tu
3087 1451 3273 1525 igitur,
3291 1451 3497 1525 lector.
3516 1451 3625 1525 hic,

2039 1525 2232 1580 amabo
2277 1532 2345 1589 te,
2398 1526 2548 1590 sede,
2583 1524 2790 1578 arbiter
2840 1521 3134 1587 veritatis]
3155 1530 3315 1593 atque
3341 1538 3405 1576 ex
3435 1521 3628 1593 litteris

2041 1596 2267 1649 Joannis
2296 1612 2449 1666 papa;
2485 1596 2539 1649 in
2571 1596 2822 1651 Graecum
2855 1611 2887 1650 a
2918 1595 3104 1650 Photio
3139 1592 3363 1666 redditis
3402 1600 3454 1646 et
3479 1592 3627 1647 reci-

2042 1667 2164 1720 tatis
2196 1667 2247 1719 in
2279 1664 2520 1721 secunda
2553 1667 2765 1721 actione
2795 1682 2906 1721 suae
2935 1664 3358 1735 pseudosynodi,
3411 1678 3631 1735 revoca-

2043 1739 2116 1791 tis
2147 1754 2279 1791 vero
2312 1738 2381 1791 ad
2440 1737 2782 1792 Latinitatem
2813 1752 2845 1790 a
2876 1734 3151 1791 Friderieo
3184 1735 3364 1799 Metio,
3422 1734 3631 1803 origine

2042 1809 2253 1872 Graeco,
2289 1809 2383 1861 sed
2404 1808 2603 1876 pietate
2633 1807 2900 1864 catholico
2921 1815 3084 1878 atque
3100 1806 3204 1859 ﬁde
3234 1805 3440 1878 Latino,
3464 1805 3628 1858 modo

2037 1880 2106 1931 ob
2163 1879 2421 1932 virtutum
2469 1888 2629 1950 atque
2677 1879 2934 1933 doctrina:
2998 1876 3373 1950 prmstantiam
3453 1883 3632 1950 creato

2037 1951 2391 2003 Thermarum
2425 1945 2703 2019 episcopo,
2736 1945 3056 2003 veteratoris
3092 1948 3263 2001 malas
3302 1955 3449 2019 artes
3477 1945 3635 2019 intel-

2038 2020 2166 2091 lige.
2201 2022 2392 2073 Exstat
2432 2017 2549 2089 ipsa
2586 2017 2802 2091 integra
2852 2021 3109 2074 Photiana
3182 2017 3633 2091 pseudosynodus

2040 2086 2231 2145 Grmce
2272 2092 2325 2144 in
2367 2086 2569 2159 scripto
2624 2086 2813 2146 codice
2856 2086 3196 2144 bibliothecae
3228 2086 3629 2147 Columnensis,

2041 2179 2160 2232 quze
2191 2162 2287 2215 fuit
2343 2162 2641 2216 eardinalis
2682 2162 2884 2223 Sirleti,
2918 2170 3045 2215 nota
3075 2159 3285 2232 numeri
3321 2159 3632 2232 quadrage-

2040 2228 2180 2299 simi,
2216 2232 2269 2285 in
2320 2248 2424 2303 quo
2470 2234 2571 2286 sub
2602 2233 2813 2287 actione
2871 2232 3113 2287 secunda
3166 2228 3637 2303 eadem_epistola

2038 2298 2262 2356 Joannis
2302 2298 2453 2373 papa!
2485 2303 2737 2357 recitatur
2769 2304 2837 2357 ad
2869 2304 3248 2373 imperatorem
3280 2298 3480 2373 scripta
3497 2299 3637 2373 adeo

2038 2381 2263 2439 mutata,
2295 2369 2351 2427 ut
2373 2369 2467 2429 vix
2501 2375 2621 2444 quis
2643 2369 3211 2444 cognoscat-eamdem
3228 2386 3366 2444 esse
3386 2369 3632 2444 Joannis,

2043 2461 2202 2515 quam
2247 2461 2419 2515 nuper
2447 2440 2946 2501 recitatam'audisti
2982 2464 2996 2509 ;
3042 2444 3121 2497 sic
3153 2442 3296 2515 enim
3342 2456 3399 2494 se
3433 2440 3633 2515 habet:

2122 2534 2140 2565 ι
2171 2510 2425 2583 Joannes,
2511 2531 2700 2568 servus
2749 2531 3033 2569 servorum
3094 2513 3209 2575 Dei,
3272 2510 3635 2585 serenissimis

2043 2585 2257 2640 dilectis
2286 2581 2418 2639 ﬁliis
2442 2586 2643 2639 nostris
2675 2585 3062 2655 spiritualibus,
3096 2592 3159 2655 et
3180 2585 3292 2638 Deo
3310 2581 3638 2655 Cll-aI'iSABA-

2042 2671 2208 2721 srmo,
2244 2657 2438 2721 LEONI,
2473 2666 2525 2710 et
2572 2651 2922 2710 ALExANnno
2957 2654 3272 2709 victricibus
3309 2652 3426 2724 [pro
3474 2651 3639 2724 victo-

2042 2727 2218 2789 ribus,
2254 2727 2455 2799 I‘Iano,]
2503 2727 2923 2799 imperatoribus
2953 2735 3003 2779 et
3034 2722 3567 2799 reterni_s_A_ugustis.
3614 2742 3635 2771 :-

2043 2806 2068 2841 b
2107 2819 2127 2847 α
2165 2799 2372 2851 Puritas
2420 2794 2468 2850 et
2529 2794 2997 2867 splendorvestra:
3015 2804 3174 2851 recta)
3203 2794 3407 2867 ﬁdei,et
3430 2808 3643 2867 morum

2042 2869 2303 2938 probitas,
2338 2877 2387 2923 et
2436 2863 2775 2939 benignitas
2807 2868 3071 2937 perfecta,
3104 2882 3155 2920 -ο
3188 2863 3642 2939 Christianissimi

2046 2930 2097 2991 et
2132 2930 2350 2992 maximi
2382 2930 2734 3008 imperatores
2763 2930 3153 3002 Romanorum,
3187 2936 3450 3008 luminum
3472 2934 3640 3008 instat;

2047 3010 2103 3062 in
2133 3012 2314 3063 medio
2336 3002 2495 3064 terrae
2550 3010 2810 3064 micantes
2837 3025 3010 3078 usque
3039 3009 3107 3062 ad
3159 3023 3349 3061 omnes
3381 3006 3536 3078 lines,
3573 3002 3643 3058 ad

351 3072 595 3141 Augusto
622 3069 709 3125 die
747 3070 959 3125 decima
989 3078 1141 3123 sexta
1170 3077 1212 3138 ⁸,
1245 3069 1536 3124 indictione
1565 3069 1907 3123 duodecima.

431 3160 588 3199 Hine/1.
618 3174 715 3199 nor
750 3161 973 3199 prmnn
1000 3160 1379 3199 nvnchufpruin

2053 3097 2186 3149 quos
2245 3082 2531 3135 universus
2589 3081 2757 3146 orbis,
2827 3057 3190 3133 extenduntur
3245 3086 3295 3130 et
3334 3057 3638 3199 splendent.

2051 3153 2168 3199 Non
2202 3152 2342 3199 enim
2377 3152 2495 3199 sola
2526 3160 2667 3199 recta
2711 3150 2817 3199 fide
2867 3157 3209 3199 nrmstantes.
3243 3148 3296 3199 in
3327 3146 3445 3199 aiis
3477 3146 3638 3199 rebus

3382 3165 3395 3199 ι

426 3160 588 3213 Missa
618 3174 715 3228 per
745 3161 977 3213 Petrum
999 3160 1403 3230 presbyterum.

724 3271 1041 3311 ADNOTATIO
1101 3270 1164 3311 SE
1174 3271 1364 3309 VERINI
1428 3271 1565 3308 BIN"
1575 3297 1586 3309 .

357 3348 429 3401 De
467 3345 837 3417 praecedenti:
882 3347 1133 3417 epistola:
1182 3363 1215 3399 (ι
1272 3345 1468 3399 Photio
1507 3343 1945 3399 adulteralimze.

422 3432 543 3500 Qua
571 3433 854 3488 occasione
886 3434 1024 3488 hanc
1041 3434 1110 3487 de
1139 3433 1312 3487 Photii
1343 3431 1684 3485 absolutione
1715 3440 1766 3485 et
1795 3432 1946 3485 resti-

349 3505 555 3558 tntione
587 3504 869 3573 epistolam
902 3503 1142 3574 pontifex
1176 3504 1473 3572 scripserit,
1506 3503 1740 3556 diximus
1784 3519 1950 3574 supra

350 3575 409 3628 in
436 3574 578 3629 notis
609 3575 677 3629 ad
708 3576 882 3628 Vitam
910 3573 1132 3629 Joannis
1173 3591 1328 3644 papa:
1360 3575 1499 3627 VIII.
1526 3575 1649 3627 Haec
1681 3574 1733 3626 in
1756 3573 1949 3628 codice

354 3644 615 3700 Vaticano
645 3646 959 3700 charactere
990 3645 1355 3715 Longobardo
1394 3653 1642 3708 exarato,
1664 3653 1825 3713 atque
1838 3646 1951 3711 jam

356 3716 495 3770 haud
507 3715 739 3785 pridem,
765 3717 860 3769 sed
881 3717 1144 3770 mendose
1164 3716 1427 3779 nonnihil,
1447 3731 1596 3777 cuso,
1624 3716 1825 3784 scripta
1845 3724 1946 3770 est.

428 3787 652 3840 Summa
674 3786 835 3855 plane
869 3788 967 3839 Dei
988 3786 1330 3856 providentia
1367 3787 1565 3840 factum
1599 3794 1679 3839 est
1712 3796 1765 3838 ut
1800 3786 1949 3853 ejus-

355 3856 503 3911 modi
531 3856 753 3927 Joannis
812 3857 930 3911 VIII
970 3872 1125 3927 papa:
1182 3857 1372 3911 litteraa
1414 3857 1467 3909 in
1498 3864 1737 3911 nostrum
1778 3872 1951 3927 usque

355 3936 571 3999 tempus
599 3926 654 3979 in
684 3928 802 3994 ejus
850 3926 1089 3998 regesto,
1130 3927 1243 3982 sive
1272 3936 1328 3981 ut
1375 3928 1559 3999 dicunt
1602 3928 1780 3993 vulgo,
1812 3926 1952 3999 regi-

358 4005 467 4051 stro
501 3997 729 4069 integrae
752 3997 1117 4069 servarentur,
1166 4015 1266 4052 nec
1285 3998 1423 4053 sicut
1456 3998 1683 4052 aliorum
1714 3997 1950 4067 plurium

356 4067 668 4138 pontiﬁcum
698 4068 940 4138 epistola?
970 4070 1327 4138 perderentur
1359 4086 1371 4121 :
1419 4077 1473 4122 ut
1499 4069 1668 4121 ex.his
1692 4070 1854 4121 etiam
1886 4086 1949 4122 ex

355 4138 565 4194 Nicolai
588 4147 638 4193 et
667 4140 889 4194 Adriani
922 4139 1165 4208 epistolis
1180 4139 1400 4192 Photius
1429 4140 1625 4192 millies
1656 4140 1828 4208 possit
1861 4156 1950 4192 re-

355 4209 882 4282 darguiimposturm
910 4209 1235 4282 etfalsitatis
1267 4209 1534 4282 convinci.
1577 4210 1659 4282 nd
1706 4210 1952 4262 usitatam

356 4280 620 4350 impostor
649 4288 824 4335 artem
870 4281 1027 4335 rediit
1071 4280 1302 4334 falsandi
1350 4280 1558 4333 litteras
1588 4281 1950 4334 Romanorum

356 4350 690 4420 pontiﬁcum,
723 4359 774 4404 et
805 4350 1014 4421 ﬁngere
1046 4367 1191 4405 nova
1233 4350 1451 4419 scripta,
1486 4366 1617 4413 nam
1652 4359 1853 4418 praeter
1883 4366 1951 4404 ea

357 4408 478 4492 qua:
497 4421 618 4490 plus
647 4408 775 4475 satis
806 4408 1050 4492 deuipso
1108 4422 1251 4476 dicta
1309 4408 1449 4474 sunt,
1486 4408 1593 4475 sub
1636 4408 1866 4475 Nicolao
1897 4429 1950 4475 et
1978 4408 2030 4467 D

359 4492 593 4546 Adriano
646 4492 1011 4562 pontilicibus,
1071 4501 1124 4546 et
1156 4493 1211 4545 in
1242 4493 1449 4561 synodo
1504 4493 1795 4545 universali
1829 4500 1953 4545 sunt

356 4562 707 4631 proclamata,
740 4580 896 4618 novae
930 4580 1113 4617 rursus
1143 4564 1212 4617 ab
1243 4563 1536 4632 impostore
1564 4563 1812 4632 prodiere
1846 4563 1952 4615 fal-

357 4633 562 4704 sitates,
598 4641 655 4686 ut
682 4634 843 4704 plane
866 4635 1123 4688 acciderit
1151 4635 1220 4688 de
1250 4635 1333 4687 his
1362 4634 1583 4688 Joannis
1622 4650 1777 4702 papa:
1808 4633 1951 4687 litte-

358 4703 433 4757 ris
466 4703 607 4773 quod
630 4704 698 4758 de
729 4704 858 4765 suis,
891 4705 962 4758 ab
992 4705 1185 4759 eodem
1214 4705 1403 4759 Photio
1432 4704 1662 4768 falsatis,
1697 4704 1953 4759 Nicolaus

355 4774 408 4826 in
444 4773 673 4843 epistola
709 4775 777 4829 ad
830 4776 1144 4830 Michaelem
1204 4775 1586 4845 imperatorem
1670 4777 1950 4844 exclamat,

357 4860 479 4899 cum
509 4845 581 4898 ait
614 4861 625 4899 :
660 4848 746 4901 Ea:
778 4847 883 4911 his,
936 4846 1125 4916 inquit,
1189 4863 1309 4916 qua:
1358 4848 1559 4901 ibi/lem
1609 4863 1680 4900 ea:
1712 4864 1776 4901 ea
1810 4849 1953 4901 lecta.

356 4920 511 4981 sunt,
544 4918 829 4971 nonnulla
859 4917 1075 4980 addita,
1122 4918 1305 4971 multa
1337 4922 1586 4981 mutata,
1617 4920 1787 4988 plura
1820 4919 1953 4972 sub-

359 4990 545 5041 tracta,
570 4989 958 5058 reperiuntur,
1010 4992 1067 5041 et
1097 5005 1198 5058 per
1225 4990 1416 5042 omnia
1468 4990 1599 5043 talis
1621 5007 1653 5042 (ι
1687 4990 1831 5043 vobis
1865 4990 1953 5056 ef-

356 5059 509 5126 fecta
535 5061 640 5140 est,
674 5062 739 5140 ut
767 5062 876 5140 nuit.
906 5059 1077 5140 nihil,
1113 5064 1219 5140 aut
1238 5075 1459 5140 ,μαντηίη
1493 5060 1711 5140 aliquid
1738 5076 1836 5113 nos
1854 5075 1956 5140 per

358 5144 483 5182 eam
512 5128 578 5182 de
608 5128 793 5183 crebro
822 5129 960 5182 dicti
982 5130 1361 5183 comministri
1394 5128 1598 5196 [quatit
1618 5128 1953 5199 disposuisse

357 5214 529 5252 causa
585 5199 893 5269 videamur.
947 5200 1072 5253 HERC
1113 5199 1562 5269 tuncNicolaus,
1623 5217 1743 5269 (pia,-
1792 5202 1954 5253 etiam

358 5284 499 5322 nunc
527 5269 595 5321 ab
626 5268 745 5337 ipso
776 5270 983 5323 Joanne
1018 5268 1307 5338 repetenda
1332 5278 1535 5333 essent,
1571 5269 1614 5321 si
1644 5268 1837 5323 vivens
1868 5271 1953 5324 vi-

357 5339 489 5393 dere
522 5339 803 5408 potuisset,
830 5347 886 5393 ut
915 5342 1193 5403 Nicolaus,
1248 5341 1520 5409 quomodo
1576 5356 1703 5392 suas
1758 5341 1954 5394 missas

359 5409 883 5479 Constantinopolim
916 5411 1121 5464 litteras
1154 5410 1373 5463 Photius
1402 5411 1665 5475 addendo,
1701 5411 1954 5465 minuen-

366 5481 436 5533 do
463 5489 633 5551 atque
663 5482 944 5548 mutando,
981 5482 1122 5536 male
1152 5480 1499 5552 pessimeque
1539 5482 1836 5536 habuisset.

425 5608 448 5634 ⁸
470 5608 618 5658 Deest
642 5607 690 5657 in
715 5608 927 5660 editione
950 5609 1190 5670 Romana,
1211 5609 1293 5659 die
1316 5608 1502 5659 decima
1526 5613 1685 5659 sexta.

425 5697 449 5731 δ
478 5693 650 5742 Ferme
719 5695 870 5742 totum
941 5694 1230 5756 principium
1288 5708 1315 5743 a
1365 5695 1534 5744 Photio
1576 5695 1882 5744 immutatum
1937 5708 1950 5753 ς

2051 3146 2168 3205 Non
2202 3152 2343 3205 enim
2377 3152 2495 3205 sola
2526 3160 2667 3204 recta
2711 3150 2817 3203 ﬁde
2867 3157 3209 3219 priestantes,
3243 3148 3296 3200 in
3327 3146 3445 3200 aliis
3477 3146 3642 3200 rebus

2050 3237 2147 3274 vos
2179 3222 2475 3275 oscitanter
2509 3221 2741 3285 habetis,
2802 3220 2900 3274 sed
2956 3220 3134 3289 potius
3190 3234 3354 3288 super
3406 3224 3641 3289 vestram

2051 3292 2589 3361 irreprehensibilem
2620 3292 2783 3345 ﬁdem
2806 3288 3255 3361 superandiﬁcatis
3301 3304 3411 3342 non
3432 3288 3642 3361 lignum

2050 3372 2139 3416 aut
2162 3358 2414 3423 herbam,
2447 3371 2539 3416 aut
2595 3358 2939 3428 arundinem,
2972 3363 3069 3415 sed
3130 3361 3402 3431 pretiosos
3433 3358 3644 3431 lapides

2048 3450 2236 3487 aurum
2268 3444 2319 3487 et
2365 3442 2690 3505 argentum,
2736 3440 2787 3487 et
2842 3441 2899 3505 ut
2947 3428 3187 3487 breviter
3240 3431 3414 3505 dicarn
3465 3428 3645 3483 omnia

2049 3505 2211 3559 alacri
2242 3505 2420 3559 studio
2443 3502 2744 3574 'perﬁcitis,
2780 3504 2975 3574 quibus
3024 3502 3356 3574 cognoscitis
3378 3503 3500 3574 Deo
3531 3516 3644 3574 rem

2051 3586 2256 3645 gratam
2290 3571 2492 3630 facere.
2514 3574 2656 3628 Nihil
2688 3571 2820 3627 vero
2852 3576 2966 3628 Deo
2985 3571 3195 3645 gratius
3218 3588 3339 3626 esse
3361 3571 3643 3641 dignosci-

2051 3655 2139 3699 tur
2163 3663 2327 3717 quam
2382 3656 2438 3699 ut
2469 3646 2740 3717 universa)
2797 3646 2913 3712 ejus
2972 3644 3235 3717 Ecclesia:
3292 3657 3645 3717 quascunque

2051 3717 2131 3770 sol
2155 3712 2392 3787 respicit,
2446 3723 2594 3770 recta
2633 3715 2737 3768 ﬁde
2767 3724 2821 3770 et
2851 3724 3039 3769 mutua
3082 3716 3235 3787 inter
3266 3712 3325 3787 se
3353 3712 3645 3787 dilectione

2051 3796 2099 3840 et
2131 3784 2386 3841 charitate
2444 3787 2708 3853 viventes,
2760 3787 2835 3840 illi
2903 3787 3131 3857 singulis
3187 3786 3382 3857 diebus
3436 3784 3645 3856 gratias

2050 3867 2233 3927 agant.
2269 3859 2615 3927 Quapropter
2664 3859 2804 3912 hanc
2855 3856 3109 3912 unionem
3152 3857 3313 3911 etiam
3362 3856 3417 3909 in
3465 3863 3645 3909 vestra

2052 3926 2151 3981 Dei
2180 3926 2428 3983 Ecclesia
2476 3928 2718 3997 conspici
2776 3937 2827 3981 et
2866 3929 3053 3997 vigere
3112 3945 3210 3982 vos
3241 3926 3641 3997 percupientes,

2051 4001 2347 4054 Romanam
2377 4007 2618 4052 sanctam
2654 3997 2957 4052 Ecclesium
3000 4016 3099 4067 per
3125 4007 3335 4052 vestros
3355 3998 3564 4068 legatos
3594 4003 3647 4049 et

2052 4086 2233 4124 sacras
2265 4071 2469 4122 litteras
2498 4069 2812 4136 adiutricem
2834 4069 3227 4137 assumpsistis,
3261 4084 3361 4137 pro
3394 4068 3649 4122 certoha-

2052 4141 2239 4193 bentes
2273 4157 2391 4193 eam
2412 4140 2567 4194 vobis
2588 4138 2816 4191 futuram
2833 4147 3030 4209 prmsto
3052 4140 3122 4192 ad
3153 4139 3207 4192 id
3226 4138 3369 4208 quod
3393 4137 3642 4207 Optastis.

2050 4211 2240 4279 Neque
2271 4227 2367 4264 vos
2396 4210 2556 4279 primi
2588 4210 2639 4262 id
2668 4224 2836 4280 agere
2867 4210 3125 4278 crnpistis,
3162 4217 3218 4260 ut
3251 4210 3385 4261 hanc
3416 4224 3530 4262 rem
3548 4223 3645 4261 ex-

2052 4281 2386 4349 cogitaretis,
2421 4281 2517 4335 sed
2548 4280 2794 4348 vestigiis
2840 4280 3313 4350 prardecessorum
3340 4288 3642 4350 vestrorum

2054 4352 2379 4406 inhaerentes
2412 4370 2425 4416 ;
2474 4352 2529 4404 in
2559 4367 2791 4421 quanam
2821 4349 3026 4417 seliola,
3076 4367 3322 4420 qumrere
3373 4359 3454 4403 est
3487 4349 3647 4403 etiam

2054 4423 2274 4492 dignum
2312 4440 2324 4476 :
2385 4438 2415 4476 a
2468 4422 2716 4492 principe
2776 4422 3025 4476 videlicet
3057 4421 3425 4491 apostolorum
3466 4422 3643 4492 Petro,

2054 4510 2211 4563 quem
2238 4494 2498 4547 Dominus
2529 4494 2767 4547 omnium
2826 4493 3197 4548 Ecclesiarum
3237 4500 3393 4562 caput
3445 4491 3648 4545 consti-

2052 4564 2166 4622 tuit,
2202 4564 2451 4635 inquiens
2494 4564 2608 4617 illi:
2644 4568 2815 4619 Pasce
2836 4582 2957 4619 oves
2977 4582 3131 4620 meas
3177 4566 3358 4633 (Joan.
3380 4563 3518 4633 xx);
3545 4578 3646 4617 nec

2052 4650 2159 4688 non
2190 4652 2219 4687 a
2252 4636 2420 4690 sacris
2453 4644 2504 4689 et
2535 4636 2852 4690 orthodoxis
2875 4644 3183 4690 sanctorum
3214 4636 3429 4688 Patrum
3456 4635 3647 4687 decre-

2055 4706 2119 4758 tis
2139 4714 2300 4776 atque
2350 4706 2632 4772 doctrinis,
2692 4707 3151 4777 quemadmodum
3207 4721 3376 4760 sacrm
3431 4713 3483 4777 et
3538 4705 3645 4777 piae

2056 4775 2249 4831 vestrae
2267 4778 2457 4831 littera:
2488 4775 2754 4831 testantur
2793 4795 2804 4829 :
2866 4777 2919 4830 id
2948 4794 3077 4830 vero
3111 4784 3399 4846 propterea
3445 4775 3642 4839 facitis,

2056 4864 2162 4917 quo
2184 4848 2360 4916 magis
2392 4856 2588 4901 vestrm
2620 4848 2743 4901 ﬁdei
2774 4848 3000 4901 firmitas
3030 4848 3305 4900 celebrata
3335 4847 3563 4917 eluceat,
3589 4855 3640 4900 et

2055 4921 2389 4998 (‘I‘gaHQCI-lnl
2424 4919 2637 4998 dilectio
2670 4920 2882 4998 sincera
2904 4926 2956 4972 et
2986 4918 3167 4998 etlieax
3199 4916 3430 4998 pateﬁat.

2129 5013 2149 5033 α
2362 4991 2505 5071 enim
2563 4991 2727 5070 aliud.
2756 4990 2938 5071 aptius.
2978 4990 3282 5071 etudignius
3326 4991 3646 5071 contingere

2054 5068 2230 5128 potest
2262 5061 2365 5113 illis
2388 5061 2479 5131 qui
2511 5060 2760 5114 maximis
2791 5060 3148 5131 dignitatibus
3178 5068 3229 5114 et
3259 5060 3649 5130 principatibus

2056 5140 2176 5184 sunt
2207 5130 2504 5198 constituti,
2566 5146 2727 5200 quam
2758 5140 2921 5186 rectae
2969 5130 3093 5185 ﬁdei
3142 5132 3433 5200 splendore
3470 5140 3521 5185 et
3548 5131 3649 5186 Dei

2055 5202 2344 5256 dilectione
2380 5210 2636 5271 [)I‘ECSlal‘e
2677 5202 3045 5267 contendere;
3081 5212 3132 5255 et
3154 5218 3341 5257 curare
3362 5212 3415 5257 ut
3460 5219 3650 5257 omnes

2055 5274 2144 5341 qui
2177 5289 2295 5325 eum
2357 5273 2546 5325 eadem
2578 5272 2681 5325 ﬁde
2738 5275 2905 5326 Deum
2964 5282 3308 5337 venerantur,
3345 5273 3648 5329 dilectionis

2055 5343 2215 5395 etiam
2248 5343 2469 5417 vinculo
2516 5343 2766 5417 uniantur
2807 5352 2859 5396 et
2897 5346 3362 5417 constringantur.
3395 5345 3647 5417 Quapro-

2055 5420 2176 5481 pter
2214 5414 2408 5467 vestris
2437 5414 2631 5467 litteris
2690 5415 3054 5484 obsequentes
3106 5412 3225 5484 nos,
3288 5424 3339 5469 et
3377 5412 3647 5469 melliﬂuis

2056 5484 2237 5537 verbis
2259 5484 2485 5551 deliniti,
2542 5484 2683 5556 ignis
2732 5485 2898 5539 instar
2940 5488 3177 5553 accensi,
3230 5502 3349 5540 eum
3398 5486 3646 5539 universa

2054 5609 2177 5671 quod
2196 5611 2323 5660 enim
2349 5611 2503 5662 visum
2522 5612 2592 5662 sit
2611 5612 2738 5663 exile
2781 5613 3077 5676 praeconium
3119 5612 3448 5674 imperatoris,
3499 5610 3651 5662 voluit

2056 5696 2164 5746 illud
2193 5696 2449 5757 gloriosius
2469 5697 2745 5760 praedicari.
