4160 6312
521 238 619 287 8559

1829 237 2122 291 JUANNIS
2177 239 2368 292 PAPzE
2433 242 2566 294 Vlll.

3701 241 3806 288 860

522 367 705 412 nostra
735 358 1072 434 sanctissima
1115 361 1478 434 Romanorum
1503 361 1772 434 -Ecclesia
1829 361 2111 434 unanimes
2138 361 2546 434 Aconfirmavit
2576 372 2628 417 et
2655 363 2722 434 ad
2781 363 3032 434 priorem
3077 362 3392 434 dignitatem
3459 363 3711 434 restituit.
3746 361 3802 416 Si

524 439 575 482 et
605 429 906 504 concordes
955 431 1292 486 surreximus
1344 432 1413 504 ad
1443 447 1507 504 ea
1538 432 1716 504 omnia
1746 449 1867 504 qua)
1895 447 1926 486 a
1955 431 2108 504 vobis

524 500 724 579 scripta
755 509 876 554 sunt
932 510 1184 624 prompto
1244 511 1296 558 et
1324 503 1488 558 alacri
1547 503 1728 558 animo
1767 500 2105 574 peragenda.

524 570 826 624 ScriDSIslis
858 587 928 624 no
969 572 1034 624 is.
1068 581 1255 624 noster
1283 574 1476 624 dilecte
1509 573 1602 624 fili.
1649 583 1706 624 ut
1762 582 1944 624 nostra
1973 589 2105 624 auo-

521 570 826 650 Scripsislis
858 570 1255 650 nobistnoster
1283 574 1476 650 dilecte
1509 573 1602 650 fili,
1649 583 1706 628 ut
1762 570 1944 628 nostra
1973 589 2108 642 apo-

520 641 710 696 stolica
741 642 956 714 viscera
986 643 1413 699 misericorditer
1441 645 1800 714 aperiremus,
1838 653 1888 698 et
1919 641 2110 714 omnes

521 720 780 784 quotquot
812 713 1008 766 fuerint
1039 715 1129 784 qui
1160 714 1214 768 in
1246 725 1428 770 vestra
1478 713 1728 770 Ecclesia
1758 715 1844 768 vel
1877 713 2110 784 propriis

521 783 900 864 cbirographis
929 784 1014 838 vel
1043 783 1148 864 alio
1170 785 1548 864 quovis__pacto
1579 783 1912 864 prgvaricati
1943 793 2106 864 .sunt,

520 861 572 907 et
603 855 880 908 canonicis
910 855 1156 909 censuris
1188 855 1403 911 Obnoxii
1452 855 1591 910 sunt
1621 855 1818 919 effecti,
1845 855 2112 922 recipere-

522 939 645 976 mus
676 933 730 978 et
757 925 911 994 pacis
958 935 1008 979 et
1059 927 1273 982 unionis
1319 943 1501 980 curam
1561 927 1906 980 haberemus.
1967 925 2112 992 Quin

521 994 684 1048 etiam
707 1003 830 1049 ante
861 997 1042 1050 omnia
1097 998 1339 1070 Photium
1391 997 1860 1070 religiosissimum
1893 996 2110 1070 episco-

523 1081 652 1134 pum
686 1073 888 1138 nosﬁtra:
942 1069 1334 1124 communionis
1395 1067 1666 1123 haar'edem
1699 1076 1751 1122 et
1771 1067 2106 1138 participem,

523 1144 576 1190 et
592 1137 1030 1210 comministrum
1063 1139 1343 1204 facientes,
1378 1140 1444 1192 ad
1477 1155 1735 1210 magnum
1767 1137 2112 1210 epiSCOpatus

521 1206 735 1261 culmen
759 1216 811 1261 et.
839 1208 1177 1276 dignitatem,
1223 1206 1632 1278 patriarchalein
1663 1206 1852 1262 iterum
1902 1207 2109 1262 consti-

521 1285 814 1340 tueremus,
858 1293 926 1332 ne
958 1279 1202 1334 Ecclesia
1226 1281 1322 1335 Dei
1353 1281 1523 1336 multo
1554 1289 1800 1347 tempore
1840 1278 2111 1332 schisma-

523 1355 633 1401 tum
666 1349 778 1402 Deo
807 1364 1095 1404 exosorum
1129 1359 1180 1405 et
1211 1352 1478 1406 malorum
1511 1350 1889 1405 scandalorum
1931 1348 2112 1403 ﬂucti-

524 1417 625 1471 bus
652 1419 846 1488 agitata
879 1430 1209 1488 permaneat.

597 1511 617 1537 ι
654 1485 766 1568 l\_'os
789 1485 920 1568 vero
951 1500 1147 1568 vestrae
1203 1491 1510 1568 serenitatis
1560 1493 1752 1562 preces
1786 1489 2113 1559 accipientes

522 1566 577 1639 ut
601 1561 890 1614 rationales
920 1569 972 1614 et
996 1563 1202 1639 justas_
1226 1572 1278 1617 et
1336 1564 1450 1616 Deo
1497 1561 1770 1639 acceptas,
1822 1571 1874 1616 et
1902 1569 2116 1639 tempus

516 1631 628 1704 jam
656 1639 851 1704 praesto
881 1647 1024 1696 esse,
1061 1634 1204 1704 quod
1235 1642 1392 1688 antea
1423 1631 1803 1704 quaerebamus
1871 1640 1924 1686 et
1955 1631 2113 1686 inve-

2210 433 2377 502 igitur
2407 449 2471 488 ex
2503 431 2799 488 Donatistis
2816 441 2867 487 et
2899 448 2961 486 ex
3007 431 3218 487 Bonoso
3275 431 3667 487 ordinationem
3702 448 3801 486 ac-

2211 515 2488 574 ceperunt,
2523 514 2574 559 et
2603 505 2674 558 ab
2730 503 2992 559 Ecclesiae
3048 502 3325 558 catholicae
3376 503 3637 557 limitibus
3676 502 3800 558 fue—

2212 583 2338 628 runt
2367 575 2522 643 ejecti
2543 591 2571 628 a
2587 576 2798 645 synodo
2816 590 3129 634 numerosa.
3165 575 3358 628 iterum
3377 575 3445 628 ab
3468 575 3573 628 alia
3589 575 3800 644 synodo

2213 645 2562 714 recipiuntur,
2598 655 2648 699 et
2678 646 2732 699 in
2790 646 3133 700 sacerdotum
3189 661 3415 698 numero
3444 645 3797 706 collocantur,

2213 725 2269 769 ut
2298 717 2540 771 Ecclesia
2573 715 2670 770 Dei
2702 715 2968 770 indivulsa
2999 724 3052 769 et
3080 731 3111 769 a
3157 715 3536 769 scbismatibus
3592 715 3805 785 integra

2212 795 2264 840 et
2293 787 2465 841 libera
2503 794 2823 856 permaneat
2880 785 3036 857 (nihil
3076 785 3223 857 enim
3257 786 3454 857 oculis
3480 786 3575 840 Dei
3624 785 3799 856 magis

2211 859 2608 938 exsecrandum
2665 867 2714 911 et
2781 856 3140 936 abominabile
3219 856 3567 938 conspicitur.
3635 873 3798 938 quam

2159 969 2170 982 .
2212 929 2258 982 is
2287 929 2378 998 qui
2407 929 2756 983 schismatum
2814 935 3004 981 auctor
3053 928 3106 979 in
3155 927 3402 982 ecclesiis
3428 927 3711 990 exstiterit,
3746 937 3800 982 et

2212 997 2342 1052 nihil
2367 999 2657 1066 jucundius
2686 999 2771 1052 vel
2801 997 3016 1052 charius
3047 997 3221 1068 etiam,
3237 998 3463 1052 bonitati
3495 1015 3653 1068 quam
3682 999 3798 1052 Ec-

2211 1069 2434 1126 clesium
2481 1086 2630 1123 suam
2663 1069 3044 1140 integritatem,
3100 1067 3398 1140 perfectum
3453 1067 3580 1140 erga
3626 1070 3797 1122 Deum

2212 1157 2474 1204 amorem,
2509 1148 2562 1194 et
2591 1155 2722 1210 erga
2750 1139 3056 1210 proximum
3111 1139 3800 1210 dilectionemﬂconserva-

2214 1215 2313 1278 re),
2346 1211 2516 1283 multo
2551 1207 2725 1283 magis
2753 1207 2912 1263 veros
2958 1209 3254 1283 othodoxa
3298 1207 3409 1283 fide
3465 1209 3716 1273 illustres,
3747 1218 3801 1263 et

2214 1283 2338 1336 vitae
2366 1279 2713 1351 gravitateet
2743 1295 2928 1351 rerum
2960 1279 3147 1351 peritia
3177 1279 3444 1342 celebres,
3479 1296 3585 1334 non
3631 1296 3797 1350 opor-

2215 1361 2288 1407 tet
2317 1349 2438 1406 illos
2467 1361 2752 1408 contemne
2781 1349 2828 1414 δ,
2860 1350 3126 1422 obnoxios
3156 1351 3485 1422 pmnitentiae
3507 1351 3641 1422 jugo
3669 1349 3796 1420 gra-

2215 1423 2348 1486 vari,
2382 1423 2476 1478 sed
2499 1423 2566 1477 ad
2588 1422 2824 1492 priorem
2849 1421 3171 1492 dignitatem
3204 1420 3504 1492 restituere.

2285 1530 2306 1556 ς
2341 1516 2364 1542 α
2401 1496 2533 1549 Cum
2557 1489 2699 1548 enim
2731 1491 2896 1546 semel
2915 1489 3228 1560 apostolica
3276 1491 3392 1545 brec
3424 1491 3583 1544 sedes
3612 1491 3797 1545 claves

2215 1565 2516 1636 accepisset
2538 1563 2691 1636 regni
2725 1563 3041 1636 cmloruma
3089 1561 3262 1636 primo
3292 1570 3342 1614 et
3383 1577 3582 1636 magno
3629 1561 3800 1636 ponti-

2219 1635 2319 1690 tice
2346 1631 2472 1689 Jesu
2530 1631 2744 1688 Chi-isto
2803 1648 2898 1702 per
2931 1631 3234 1701 principem
3291 1631 3661 1701 apostolorum
3695 1633 3800 1686 Pe-

517 1700 636 1754 nire
668 1701 837 1755 Deum
857 1700 1246 1774 precabamur,
1280 1713 1331 1757 et
1391 1700 1581 1758 rationi
1611 1703 1772 1758 etiam
1805 1711 2178 1774 congruumB
2210 1716 2389 1770 trum;
2415 1722 2535 1760 cum
2568 1705 2642 1758 illi
2663 1700 2891 1758 dixisset
2922 1700 2942 1756 :'
2978 1703 3089 1757 Tibi
3110 1702 3244 1758 dabo
3284 1700 3470 1757 claves
3499 1704 3656 1774 regni
3686 1720 3800 1758 ca:-

517 1780 802 1850 censeutes
849 1773 1151 1850 Ecclesiam
1207 1775 1305 1829 Dei
1349 1775 1693 1850 tranquillam
1735 1773 1963 1850 reddere
2014 1773 2107 1826 mi-

517 1844 686 1916 simus
741 1852 1030 1916 propterea
1088 1845 1300 1916 legatos
1345 1846 1437 1916 qui
1492 1853 1724 1898 vestram
1780 1844 2107 1916 perlicerent

517 1911 862 1984 voluntatem'
884 1952 925 1978 ε.
960 1915 1026 1968 Et
1057 1911 1180 1970 licet
1211 1911 1382 1984 pietas
1417 1924 1594 1970 vestra
1651 1911 1840 1969 Photio
1875 1915 1997 1967 'vim
2026 1915 2106 1968 in-

518 1982 740 2038 ferendo
782 2000 881 2038 nos
929 1982 1294 2055 praevenit,_in
1337 1987 1430 2040 illo
1460 1986 1792 2040 restituendo
1835 1985 2102 2050 videlicet,

516 2057 1005 2128 antequam_nostri
1038 2056 1201 2128 legati
1230 2056 1405 2110 isthuc
1440 2057 1733 2120 venissent,
1785 2057 1900 2128 haec
1930 2065 2107 2128 tamen

519 2138 617 2203 nos
671 2125 982 2203 supplemus
1031 2125 1135 2203 non
1196 2128 1513 2203 auctoritate
1561 2135 1762 2203 nostra,
1825 2126 1948 2203 licet
2005 2127 2106 2203 hoc

518 2193 680 2273 etiam
711 2193 886 2250 facere
907 2197 1198 2273 possimus,
1258 2199 1352 2250 sed
1399 2197 1724 2273 apostolicis
1761 2197 2106 2273 constitutio-

518 2263 677 2317 nibus
707 2274 758 2318 et
787 2263 1100 2320 sanctorum
1135 2269 1351 2322 Petram
1382 2263 1618 2322 decretis
1649 2269 1842 2322 horum
1876 2267 2106 2321 demon-

518 2335 837 2414 strationem
867 2335 1176 2414 afferentes,
1211 2355 1389 2414 neque
1429 2339 1690 2414 Ecclesia}
1720 2337 1936 2414 regulas
1963 2338 2107 2405 jam-

517 2404 611 2479 diu
642 2407 866 2479 traditas
915 2408 1210 2470 solventes,
1272 2404 1368 2464 sed
1419 2426 1510 2463 eas
1568 2409 1622 2462 in
1670 2404 2104 2479 quibuscunque,

515 2475 643 2528 dum
676 2477 869 2530 harum
898 2479 1057 2532 nimis
1089 2488 1276 2535 exacta
1307 2490 1357 2534 et
1389 2475 1739 2534 immutabilis
1759 2475 2108 2533 observantia

515 2555 781 2626 servatur,
816 2549 1019 2626 divellit
1053 2559 1105 2604 et
1127 2551 1362 2626 destruit
1405 2559 1574 2626 totam
1615 2565 1953 2626 _compagem
1986 2566 2108 2626 cor-

511 2619 661 2696 poris
726 2619 1006 2702 Ecclesiae,
1071 2623 1141 2702 ad
1197 2623 1343 2702 quod
1401 2621 1650 2702 conducit
1682 2619 1980 2701 trahentes,
2019 2621 2108 2702 ab

515 2690 742 2756 ipsamet
773 2690 1019 2744 Ecclesia
1051 2690 1249 2746 edocti.
1302 2693 1584 2747 Secundus
1613 2692 1758 2746 enim
1806 2706 1980 2746 canon
2015 2691 2110 2744 Ni-

515 2773 681 2812 caeum
704 2761 894 2832 synodi
933 2763 1047 2832 haec
1079 2763 1255 2816 habet.
1292 2763 1560 2830 Quoniam
1619 2763 1698 2816 fre
1720 2770 1933 2832 menter
1966 2761 2047 2814 vel
2079 2777 2108 2814 a

517 2829 842 2908 necessitate
868 2831 950 2884 vel
981 2832 1088 2886 alio
1121 2829 1801 2908 quovis’pactocoguntur
1860 2832 2109 2885 homines

515 2898 916 2975 ecclesiasticos
945 2898 1184 2975 canones
1216 2898 1538 2975 transgredi,
1563 2898 1762 2975 efqum
1792 2910 2104 2975 sequuntur.

517 2969 630 3048 Nec
657 2986 761 3024 non
795 2987 948 3048 papa_
993 2973 1245 3028 Gelasius
1291 2969 1572 3048 (le'sejpSO
1617 2969 1787 3043 inquit
1843 2969 1986 3048 quod
2020 2971 2110 3024 ubi

515 3043 594 3093 vis
616 3056 722 3094 non
752 3043 1056 3112 apponitur,
1093 3053 1402 3099 sanctorum
1437 3046 1652 3098 Patrum
1683 3051 1881 3097 statuta
1913 3043 2106 3097 incon-

514 3125 672 3184 cussa
705 3122 972 3169 maneant.
1036 3115 1292 3170 Similiter
1335 3115 1496 3170 etiam
1545 3113 1920 3170 sanctissimus
1967 3129 2105 3184 papa

516 3181 622 3236 Leo
653 3182 707 3236 in
739 3184 931 3266 eodem
998 3185 1192 3266 spiritu
1218 3187 1512 3266 “praecipit.
1575 3185 1763 3240 dicens
1796 3203 1808 3238 :
1867 3181 1982 3240 Ubii
2019 3181 2102 3238 vis

513 3267 622 3328 non
675 3256 948 3324 praecedit,
1009 3257 1306 3312 immobilia
1387 3265 1740 3328 permaneant
1793 3263 2104 3328 sanctorum
2155 3267 2162 3282 '

513 3322 726 3376 Patrum
749 3322 946 3380 statuta
981 3345 994 3389 ;
1056 3328 1145 3382 ubi
1175 3345 1302 3382 vero
1342 3322 1638 3383 necessitas
1696 3335 1748 3381 et
1784 3327 1864 3380 vis
1895 3325 2103 3393 reperi-

509 3400 611 3460 tur,
644 3394 718 3448 ibi
747 3397 814 3449 ad
845 3397 897 3450 id
929 3398 1072 3468 quod
1129 3399 1382 3454 convenit
1430 3397 1690 3452 Ecclesiis
1739 3397 1858 3460 Dei,
1892 3395 1980 3449 ille
2013 3395 2104 3468 qui

509 3473 829 3544 potestatem
861 3466 1043 3535 habet,
1079 3469 1376 3544 dispenset.
1416 3471 1518 3544 ΔΕχ
1571 3468 1895 3544 necessitate
1940 3466 2102 3544 enim,

506 3536 652 3616 juxta
705 3536 945 3592 divinum
983 3536 1307 3608 apostolum,
1360 3539 1522 3616 etiam
1579 3538 1718 3616 legis
1745 3537 1817 3616 fit
1860 3537 2103 3616 mutatio.

515 3605 663 3686 Felix
695 3616 960 3676 prmterea
991 3605 1135 3686 papa
1177 3627 1418 3666 consona
1451 3611 1610 3686 etiam
1635 3605 1829 3686 'dicit_:
1881 3609 1958 3660 De
2005 3608 2105 3686 hoc

511 3677 654 3756 enim
681 3687 890 3746 oportet
919 3677 1356 3756 animadvertere
1389 3690 1444 3734 ut
1473 3679 1922 3756 ubi_neeessitas__
1940 3677 2108 3731 conti-

511 3749 648 3817 gerit
707 3764 1082 3813 szepenumez-o
1167 3752 1328 3804 etiam
1412 3750 1825 3805 constitutiones
1886 3749 2105 3800 Patrum

513 3818 828 3885 transgredi
859 3819 1032 3874 liceat.
1071 3822 1267 3875 Sancta
1297 3821 1460 3875 etiam
1517 3821 1760 3889 synodus
1817 3818 2105 3888 Carthagi-

512 3889 704 3962 pensis
729 3889 803 3941 ait
835 3891 1117 3962 trigesimo
1175 3892 1362 3962 quinto
1419 3893 1642 3962 capite;
1701 3889 2020 3962 .llandamus
2052 3896 2106 3941 ut

515 3958 1130 4016 Donatistm'nm'clerici
1178 3958 1367 4017 iterum
1415 3958 1498 4016 adi
1526 3961 1788 4016 ecclesias
1837 3967 2108 4013 revertan-

513 4038 617 4108 tur,
654 4029 777 4084 licet
805 4031 962 4108 etiam
995 4048 1031 4108 a_
1057 4034 1264 4104 synodo
1317 4033 1511 4108 fuerint
1563 4031 1818 4086 damnati.
1855 4029 2107 4108 Synodus

511 4100 672 4174 etiam
705 4103 970 4174 synodum
985 4100 1286 4174 abrogasse
1321 4103 1586 4174 reperitur
1602 4112 1823 4173 propter
1851 4100 2106 4174 unionem

511 4171 773 4252 Ecelesize
805 4182 856 4228 et
887 4173 1256 4252 concordiam.
1309 4171 1394 4252 Et:
1423 4171 1768 4252 Innocentius
1817 4187 1952 4242 papa
1984 4171 2054 4251 ait
2089 4187 2102 4223 ε

510 4241 599 4295 Isti
631 4258 664 4296 a
689 4245 898 4300 Bonoso
929 4247 1166 4301 ordinati
1201 4246 1455 4302 lueretico
1511 4241 1855 4314 recipiantur,
1890 4241 1894 4242 ⁷
1920 4257 1986 4294 ne
2018 4241 2109 4294 ite-

515 4330 631 4366 rum
654 4315 904 4369 scandala
935 4317 988 4370 in
1023 4317 1267 4372 Ecclesia
1301 4317 1396 4370 Dei
1430 4315 1691 4369 oriantur.

589 4406 608 4432 ιν
642 4386 827 4455 Neque
859 4387 1034 4440 solum
1063 4388 1198 4449 istis,
1247 4387 1372 4442 licet
1413 4385 1548 4440 tales
1579 4397 1761 4439 essent
1817 4392 1868 4436 ut
1903 4399 1968 4435 ex
1999 4380 2106 4434 illis

509 4427 755 4508 fuissentl
773 4465 824 4509 ut
859 4457 1097 4512 haeretici
1153 4430 1411 4519 damnati,
1473 4456 1771 4524 apostolica
1801 4464 1982 4508 tamen
2007 4467 2104 4524 se-
2136 4427 2186 4486 D

514 4525 610 4579 des
644 4526 909 4581 Ecclesiae
938 4529 1090 4596 pacis
1119 4543 1305 4582 curam
1363 4523 1562 4597 gerens
1597 4542 1792 4597 manus
1823 4523 2118 4597 adjutrices

513 4599 772 4665 porrexit,
825 4595 1012 4652 verum
1071 4599 1232 4652 etiam
1272 4595 1588 4652 orthodoxis
1620 4595 1892 4664 episcopis
1923 4602 1972 4646 et
2021 4607 2116 4665 pa-

513 4663 759 4738 triarcliis
791 4670 858 4722 ad
893 4669 1065 4738 ipsam
1101 4667 1560 4738 confugientibus,
1623 4668 1761 4738 sicut
1809 4663 1953 4738 nunc
1983 4663 2116 4738 reli-

518 4737 862 4808 giosissimus
913 4733 1163 4798 'Photins,
1237 4733 1296 4791 et
1363 4737 1620 4792 auxilium
1705 4733 2118 4808 implorantibus

516 4803 675 4876 opem
717 4810 852 4864 tulit.
915 4811 1101 4864 Nostis
1157 4809 1379 4862 omnino
1429 4823 1687 4876 magnum
1766 4803 2117 4860 Athanasium

518 4869 839 4949 episcopum
865 4879 1294 4934 Alexandrinum
1323 4889 1372 4932 et
1419 4869 1678 4948 Cyrillum
1725 4885 1776 4930 et
1819 4877 2118 4949 Polycbro-

517 4950 662 5002 nium
715 4947 1276 5028 dlicrosolymorum,
1345 4947 1636 5028 Joannem,
1690 4965 1850 5028 quem
1901 4947 2118 5026 dilectio

516 5029 694 5073 vestra
757 5017 1202 5091 Chrysostomum
1260 5021 1516 5090 appellat,
1581 5017 1912 5091 Flavianum,
1956 5017 2117 5072 etiam

517 5090 1172 5158 Con-‘1:quinopolitannm
1201 5110 1214 5146 :
1259 5094 1355 5146 hos
1388 5093 1528 5146 enim
1563 5108 1592 5144 a
1627 5091 1848 5159 synodis
1887 5090 2118 5142 «lamna-

519 5173 602 5216 tos
633 5173 683 5212 et
719 5163 1064 5230 reprobatm,
1132 5181 1251 5216 eum
1283 5164 1348 5216 ad
1408 5171 1647 5215 sanetam
1685 5165 1980 5215 Romanam
2013 5159 2118 5210 Ec-

518 5234 1157 5298 cle-ziznnmnino-issent,
1213 5235 1514 5304 apostolica
1573 5234 1732 5285 sedes
1792 5233 1905 5284 haec
1939 5235 2120 5281 nostra

587 5357 825 5408 n.\tltll-ll1
853 5358 942 5406 ista
971 5358 1190 5415 Photms,
1217 5363 1263 5406 et
1291 5357 1495 5406 mutavit
1525 5356 1568 5404 in
1596 5353 1895 5403 contrarium
1926 5361 2118 5399 st-nsrm

517 5437 624 5486 qua:
649 5426 709 5474 dc
733 5425 892 5485 seipso
921 5423 1249 5473 habebantur.

586 5493 609 5526 δ
636 5493 707 5542 Ex
732 5505 784 5541 se
815 5493 917 5542 lucc
943 5490 1130 5540 addidit
1156 5489 1374 5540 Photins.

583 5549 602 5572 °
633 5559 772 5608 \lulta
819 5559 897 5608 hic
940 5571 968 5607 a
1015 5557 1186 5607 Pbotio
1232 5555 1562 5618 praetermissa
1613 5559 1898 5608 noscuntur,
1949 5552 2121 5614 quibus

519 5625 648 5676 sedis
675 5627 950 5688 apostolicae
979 5624 1244 5674 auctmitas
1283 5622 1596 5685 pl-trditatnr,
1627 5627 1674 5669 et
1707 5618 1900 5668 Adriani
1941 5618 2121 5681 pra-de-

529 5693 737 5742 cessoris
766 5693 941 5753 legatio
971 5695 1290 5740 memoratur.

2209 1777 2410 1858 lorum,
2444 1781 2499 1858 et
2529 1791 2868 1858 quiscunque
2889 1774 3118 1858 solvens
3157 1788 3328 1842 super
3344 1777 3591 1858 terram,
3629 1778 3798 1828 erunt

2206 1849 2390 1903 soluta
2427 1852 2480 1902 ct
2527 1845 2588 1902 in
2626 1845 2823 1910 caelis;
2870 1848 2924 1898 εἰ
2954 1860 3294 1915 qua'cunque
3337 1845 3598 1914 ligaveris
3633 1859 3801 1915 super

2209 1924 2440 1979 tm'ram.
2467 1921 2638 1972 erunt
2667 1919 2836 1987 ligata
2856 1919 2910 1968 et
3027 1915 3182 1968 melis
3209 1915 3430 1987 (Matth.
3453 1919 3566 1987 3i”)
3601 1932 3614 1976 ',
3643 1914 3800 1987 habet

2208 1989 2516 2043 facult'ttem
2544 1985 2734 2041 omnes
2765 1985 2970 2053 ligandi
3032 1992 3194 2053 atque
3248 1985 3513 2041 solvendi.
3565 1993 3615 2038 et
3648 1985 3800 2051 juxta

2208 2061 2525 2130 prophetam
2545 2057 2856 2120 Jeremiam,
2892 2055 3158 2130 evellendi
3189 2063 3240 2130 et
3271 2055 3552 2130 plantandi
3583 2057 3713 2117 (λεν.
3733 2056 3797 2123 ι).

2209 2125 2326 2185 Had
2352 2131 2420 2184 de.
2449 2144 2612 2184 causa
2643 2144 2762 2190 nos,
2788 2126 3104 2180 auctoritate
3143 2125 3224 2178 usi
3271 2125 3531 2195 principis
3585 2136 3800 2194 aposto-

2207 2201 2378 2254 lorum
2431 2200 2590 2262 l’etri,
2651 2215 2770 2253 cum
2827 2197 3078 2250 universa
3137 2195 3379 2249 Ecclesia
3411 2195 3798 2250 daffirmamus

2207 2271 2383 2335 vobis,
2444 2279 2494 2351 et
2545 2286 2642 2351 per
2673 2285 2769 2348 vos
2827 2267 2988 2351 etiam
3034 2266 3396 2351 sanctissimis
3452 2266 3701 2351 fratribus
3747 2275 3799 2319 et

2207 2336 2589 2398 comministris
2619 2338 2953 2410 patriarcbis,
3019 2336 3404 2410 Alexandrino,
3459 2337 3798 2410 Antiocheno

2209 2423 2261 2468 et
2295 2407 2806 2482 llierosolyniitano,
2869 2417 2922 2482 et
2972 2407 3522 2482 reliquis__episcopis
3553 2416 3605 2461 et
3627 2424 3802 2462 sacer-

2207 2484 2446 2549 dotibus,
2481 2477 2832 2536 et'universzr
2864 2477 3401 2547 Constinopolitanm,
3445 2477 3564 2534 nos
3611 2494 3801 2534 conve—

2208 2555 2324 2608 nire
2347 2563 2396 2607 et
2419 2553 2729 2606 consentire
2763 2550 2934 2615 vobis,
2969 2549 3052 2603 vel
3085 2549 3263 2618 potius
3296 2551 3410 2604 Deo
3441 2549 3491 2602 in
3548 2549 3798 2603 omnibus

2207 2642 2328 2697 qua:
2355 2641 2382 2678 a
2413 2623 2570 2697 nobis
2621 2638 2720 2697 vos
2765 2620 3000 2697 pe_tistis._
3147 2618 3393 2697 primum
3434 2620 3655 2697 quidem
3690 2635 3800 2697 _no_s

2208 2689 2451 2765 recipere
2485 2694 2730 2748 Photium
2767 2689 3311 2765 'admirabilissimum
3367 2689 3802 2765 et‘religiosissi-

2207 2760 2353 2820 mum
2373 2765 2841 2832 archiepiscopum
2899 2769 2950 2815 et
3009 2761 3366 2830 patriarcham
3422 2760 3637 2815 fratrem
3669 2776 3795 2815 nos-

2208 2845 2368 2898 trum,
2401 2845 2452 2890 et
2479 2833 2878 2890 communionis
2935 2847 3057 2886 cum
3081 2839 3270 2885 sancta
3310 2833 3673 2887 Romanorum
3705 2832 3803 2886 Ec-

2205 2907 2371 2960 clesia
2403 2914 2714 2960 consortem
2767 2912 2819 2958 et
2867 2903 3203 2972 participem,
3251 2911 3302 2956 et
3362 2902 3657 2965 haeredem,
3693 2917 3801 2955 non

2209 2977 2385 3032 solum
2423 2985 2643 3046 propter
2706 2975 2842 3028 alias
2885 2973 3110 3046 virtut_es_
3158 2974 3378 3046 quibus
3413 2973 3794 3046 illc__pra;stat,

2209 3065 2394 3103 verum
2424 3043 2586 3101 etiam
2617 3053 2836 3115 propter
2893 3043 3154 3115 scandala
3178 3059 3208 3096 e
3239 3043 3418 3115 medio
3465 3043 3800 3115 tollendauet

2206 3135 2396 3189 pacem
2427 3118 2545 3174 Dei.
2579 3110 2641 3189 et
2658 3110 3018 3189 dilectionem
3046 3113 3115 3166 ad
3145 3114 3376 3170 invicem
3407 3113 3548 3166 inter
3583 3129 3684 3189 nos
3713 3110 3803 3165 fir-

2203 3182 2481 3244 mandam.
2516 3187 2757 3255 Recipite
2790 3185 2951 3255 etiam
3007 3184 3184 3254 ipsum
3235 3201 3330 3241 vos
3367 3192 3515 3255 certo
3564 3191 3613 3237 et
3649 3182 3802 3255 firmo

2203 3261 2404 3316 animo.
2439 3268 2489 3314 et
2522 3253 2786 3313 char'itate
2807 3253 3012 3326 etiﬁde,
3027 3253 3199 3310 omne
3245 3253 3539 3326 iniquitatis
3560 3262 3612 3308 et
3640 3253 3800 3326 mali-

2205 3331 2294 3385 tiae
2323 3345 2612 3392 venenum,
2643 3337 2694 3382 et
2753 3325 3122 3396 duplicitatem
3183 3335 3236 3380 et
3291 3324 3801 3396 ambiguitatemide

2205 3401 2460 3457 cordibus
2491 3399 2688 3454 vestris
2717 3397 3036 3464 avellentes,
3072 3395 3210 3451 sicut
3238 3397 3414 3467 ipsum
3455 3395 3660 3464 recepit
3692 3395 3800 3448 Ro—

2206 3487 2366 3526 mana
2395 3471 2664 3525 Ecclesia.

2277 3551 2299 3577 ⁶
2331 3567 2351 3589 α
2389 3542 2689 3596 Didicimus
2717 3538 2860 3594 enim
2904 3537 3015 3591 fere
3046 3538 3112 3590 ab
3159 3537 3413 3593 omnibus
3450 3535 3541 3606 qui
3569 3536 3801 3606 hucve-

2207 3613 2359 3667 niunt
2391 3629 2456 3667 ex
2487 3611 2592 3665 illis
2623 3609 2716 3682 qui
2756 3609 2875 3662 istic
2906 3617 3220 3682 versantur,
3273 3605 3516 3660 Photium
3554 3605 3803 3682 omnibus

2207 3682 2584 3754 praerogativis
2629 3677 2894 3754 prmsIare
2954 3694 3156 3754 coram
3199 3681 3312 3754 Deo
3344 3693 3453 3754 non
3502 3677 3677 3730 solum
3708 3691 3797 3728 sa-

2205 3748 2476 3824 pientia'et
2505 3751 2790 3824 prudentia
2821 3749 2963 3804 circa
2989 3765 3074 3824 res
3105 3748 3319 3803 divinas
3347 3756 3398 3824 et
3428 3749 3803 3808 humanas,ve-

2209 3817 2323 3878 i-um
2357 3817 2521 3878 etiam
2553 3823 2694 3877 circa
2723 3835 2914 3874 omnes
2955 3819 3176 3873 virtutes
3229 3817 3486 3885 morales.
3537 3826 3589 3870 et
3617 3831 3802 3870 curam

2207 3895 2516 3949 divinorum
2566 3898 3012 3961 praeceptorum;
3058 3898 3314 3961 tanquam
3347 3885 3806 3961 irreprehensibi-

2208 3965 2314 4020 lem
2359 3957 2673 4034 operarium
2713 3957 2996 4034 celebrari.
3058 3957 3248 4034 Neque
3291 3959 3498 4026 justum
3555 3957 3809 4034 duximus

2209 4036 2368 4090 talem
2396 4026 2574 4088 virum
2597 4033 2830 4087 otiosum
2861 4039 2912 4084 et
2951 4026 3194 4084 inutilem
3244 4044 3586 4099 permanere,
3637 4027 3732 4080 sed
3753 4026 3804 4078 in

2208 4107 2376 4161 altum
2405 4105 2459 4159 in
2490 4113 2667 4160 vestra
2721 4100 2964 4156 Ecclesia
3011 4099 3204 4154 iterum
3231 4098 3430 4154 elatum
3455 4108 3505 4152 et
3536 4098 3804 4151 lucentem

2207 4185 2469 4231 consueta
2498 4175 2598 4228 sibi
2641 4181 2693 4228 et
2755 4174 2868 4226 Deo
2919 4171 3121 4225 dilecta
3167 4187 3334 4240 opera
3380 4184 3655 4230 exercere,
3685 4177 3806 4240 tum

2209 4263 2344 4319 erga
2376 4246 2708 4319 sacerdotes,
2761 4253 2871 4296 tum
2911 4241 3075 4295 etiam
3121 4237 3252 4312 erga
3298 4241 3614 4319 episcopos._
3671 4237 3809 4319 Qua-

2210 4308 2435 4389 propter
2467 4316 2716 4389 eumdem
2739 4321 3090 4389 resumentes
3117 4308 3648 4389 _se'rmon‘em.‘vobis
3668 4308 3811 4388 dici-

2210 4379 2362 4443 inus:
2401 4387 2670 4455 SttSr'ipite
2701 4385 2876 4439 virum
2896 4384 3057 4436 istum
3079 4383 3285 4453 absque
3315 4381 3436 4455 ulla
3455 4379 3806 4455 dubitatione.

2288 4481 2305 4518 ς
2332 4483 2352 4505 ιι
2374 4460 2487 4512 Nec.
2517 4450 2712 4527 aliquis
2733 4470 2833 4524 pro
2864 4455 2942 4507 sui
2963 4450 3315 4527 excusatione
3334 4452 3566 4506 adducat
3586 4450 3810 4527 injustas

2219 4531 2458 4601 synodos
2489 4519 2757 4601 adversus
2812 4527 2990 4601 ipsum
3036 4523 3266 4586 habitas,
3315 4539 3524 4601 _neque,
3584 4529 3641 4573 ut
3663 4519 3811 4574 multi

2219 4595 2544 4670 stupidiores
2575 4599 2883 4668 Opinantur,
2934 4595 3152 4670 decreta
3183 4595 3652 4670 prazdecessorum
3709 4606 3810 4670 ηοξ

2220 4661 2459 4724 strorum
2507 4661 2786 4723 beaiorum
2842 4661 3422 4735 pontiticum,'Nicolai
3453 4661 3703 4715 videlicet
3744 4668 3812 4735 _et

2221 4742 2444 4796 Adriani
2477 4741 2743 4794 adversus
2793 4731 3040 4791 Photium
3087 4735 3195 4790 lata
3229 4742 3484 4797 accuset;
3532 4748 3638 4785 non
3670 4731 3810 4786 enim

2221 4821 2440 4880 recepta
2499 4809 2709 4880 fuerunt
2740 4809 2808 4862 ab
2840 4807 3122 4880 ipsisqam
3153 4815 3365 4880 contra_
3394 4801 3806 4880 sanctissimum

2221 4873 2468 4937 Photium
2501 4890 2655 4952 gesta
2679 4873 2918 4934 fuerunt.
2957 4873 3152 4952 Nullus
3181 4893 3280 4952 per
3320 4873 3688 4952 chirographa
3718 4889 3813 4925 ve-

2221 4963 2330 5008 stra
2381 4943 2724 5008 occasionem
2758 4958 2932 5004 sumat
2960 4949 3028 5001 ad
3077 4943 3370 5001 schismata
3408 4943 3643 4998 fovenda
3691 4957 3814 4996 cum

2220 5025 2310 5078 illo
2341 5032 2393 5077 et
2425 5023 2728 5078 adinvirem
2763 5039 2776 5074 :
2811 5019 2992 5073 omnia
3036 5017 3180 5072 enim
3230 5017 3345 5083 jam
3394 5016 3586 5067 sedata
3614 5021 3736 5065 sunt
3764 5022 3816 5064 et

2219 5096 2502 5160 abrogata,
2537 5092 2719 5146 omnia
2749 5107 2869 5160 quae
2899 5098 3088 5144 contra
3121 5086 3366 5160 Photium
3392 5093 3552 5160 gesta
3585 5091 3725 5160 sunt,
3745 5083 3814 5160 ir-

2224 5166 2320 5218 rita
2353 5153 2405 5218 et
2440 5163 2584 5216 nulla
2617 5179 2715 5231 per
2767 5153 2863 5213 nos
2892 5160 3148 5213 minimos
3171 5158 3222 5210 in
3259 5154 3510 5231 manibus
3556 5153 3814 5231 principis

2221 5235 2590 5305 apostolorum
2619 5226 2860 5302 reposita
2907 5239 3050 5291 sunt,
3097 5238 3150 5282 et
3183 5244 3280 5296 per
3323 5244 3447 5280 eum
3480 5227 3530 5278 in
3565 5226 3814 5277 humeros

2276 5348 2297 5385 ά
2325 5354 2435 5402 Haec
2463 5352 2624 5400 omnia
2650 5349 2813 5399 addita
2839 5363 2865 5397 ει
2887 5348 3058 5398 Photio
3085 5347 3368 5408 impustore.

2289 5450 2308 5476 "
2340 5446 2732 5498 Additamentum
2758 5443 2874 5493 item
2899 5439 3268 5503 estimpostoris
3303 5441 3456 5487 totum
3500 5435 3625 5497 quod
3656 5436 3815 5497 sequi-

2222 5521 2320 5564 tur.

2287 5592 2440 5648 "Sunt
2465 5595 2731 5647 istaPhotii
2758 5593 3084 5643 additamenta
3128 5597 3300 5640 contra
3362 5587 3569 5648 synodos
3593 5588 3640 5635 in
3665 5586 3820 5648 ipsum

2228 5664 2522 5715 celebratas.
