4160 6306
353 258 450 308 861

346 398 475 452 Jesu
508 394 719 468 Christi
738 395 878 468 agni
902 395 1120 468 Dei_qui
1151 393 1288 450 tollit
1317 404 1549 468 peccata
1571 393 1777 468 mundi.

421 479 453 538 δν
479 494 500 515 ιι
539 464 974 538 Recipite'igitur
1005 464 1180 538 ipsum
1210 464 1414 536 apertis
1443 466 1605 538 ulnis,
1629 464 1854 538 fratrem
1874 464 1953 518 vi-

350 537 548 594 delicet
592 536 853 592 nostrum'
876 537 1326 597 comministrum,
1357 537 1602 608 Recipite
1635 536 1950 608 episcopum

353 618 406 664 et
446 609 543 663 Dei
591 617 642 662 et
690 607 1247 677 irreprehensibilem.
1295 607 1542 673 Recipite
1595 607 1950 676 patriarcham

352 689 547 751 vestra:
576 679 856 733 Ecclesiae.
883 677 1211 751 Conﬁrmata
1241 694 1376 751 erga
1405 677 1950 751 illumdilectionem,

356 749 539 817 ﬁdem,
601 758 652 804 et
705 765 827 804 cum
881 749 1230 804 observantia
1303 749 1689 814 ebedientiam,
1747 757 1796 803 et
1855 765 1954 818 per

355 823 499 893 hunc
529 836 661 893 erga
709 829 950 893 sanctam
1004 821 1303 893 Romanam
1355 821 1656 893 Ecclesium
1705 820 1953 874 eamdem

357 887 694 947 confirmate.
727 889 832 958 Qui
865 891 1009 945 enim
1041 891 1189 944 illum
1221 887 1329 945 n'on
1361 891 1573 958 recipit,
1611 907 1710 944 nec
1741 905 1807 944 ea
1835 906 1954 960 qua:

353 978 387 1016 a
417 962 575 1017 nobis
605 969 658 1016 et
687 970 878 1016 sancta
925 963 1293 1016 Romanorum
1335 961 1583 1016 Ecclesia
1631 961 1699 1015 de
1729 960 1822 1016 illo
1851 961 1952 1015 de-

355 1042 504 1088 creta
554 1039 695 1090 sunt.
753 1031 982 1101 recipit;
1015 1048 1116 1087 nec
1172 1032 1220 1086 is
1275 1033 1538 1088 adversus
1593 1047 1694 1086 nos
1750 1031 1953 1086 bellum

357 1103 599 1173 suscipit,
653 1103 750 1156 sed
800 1103 1064 1157 adversus
1112 1111 1353 1158 sanctum
1405 1105 1618 1157 Petrum
1643 1102 1954 1173 apostolum

357 1175 442 1228 vel
485 1172 660 1242 potius
705 1173 970 1227 adversus
1014 1173 1283 1228 Christum
1340 1175 1518 1242 ipsum
1579 1172 1772 1227 Filium
1833 1173 1948 1238 Dei,

357 1245 449 1316 qui
477 1245 546 1298 ita
577 1243 861 1316 honoravit
904 1252 977 1316 et_
1003 1243 1324 1316 glorificavit
1369 1244 1676 1316 apostoium
1711 1260 1868 1316 suum
1894 1251 1956 1316 ut

357 1313 474 1386 ipse
506 1316 574 1368 ab
604 1331 669 1369 eo
701 1315 923 1386 haberet
955 1313 1666 1386 facultatemiligandiatque
1683 1314 1950 1386 solvendi.

427 1389 454 1428 δ
489 1409 510 1433 ιι
547 1387 662 1457 Hoc
707 1385 870 1440 etiam
912 1400 1169 1457 rogamus
1218 1385 1470 1456 pietatem
1517 1395 1773 1457 vestram,
1812 1393 1869 1457 ut
1899 1385 1953 1439 in

357 1456 675 1510 memoriam
716 1455 1001 1527 revocetis'
1039 1471 1101 1509 ex
1152 1455 1260 1527 quo
1313 1465 1557 1526 tempore
1605 1455 1863 1510 scandala
1903 1465 1957 1510 et

359 1527 654 1599 schismata
710 1525 765 1599 in
813 1533 1047 1581 vestram
1092 1525 1392 1582 Ecclesiam
1425 1525 1686 1599 ingressa
1737 1535 1858 1599 sunt
1901 1534 1954 1580 et

359 1614 480 1652 eam
536 1597 894 1667 integritatem
970 1607 1350 1667 corruperunt,
1417 1597 1610 1652 horum
1688 1597 1955 1650 malorum

359 1668 560 1722 nullam
608 1666 969 1738 aliamrfuisse
999 1666 1240 1735 causam,
1273 1668 1378 1722 nisi
1409 1669 1554 1738 quod
1585 1683 1682 1722 vos
1709 1667 1951 1738 impera-

359 1686 560 1722 nunam
608 1686 771 1722 anam
803 1686 969 1721 Illlsse
999 1686 1240 1735 causam,
1273 1686 1378 1722 nlSl

357 1748 504 1794 tores
534 1737 829 1792 admisistis
868 1738 1236 1807 blasphemias
1267 1747 1321 1793 et
1351 1686 1440 1794 ca?

359 1807 640 1880 pontifices
684 1819 736 1864 et
779 1809 1118 1878 patriarchas
1172 1817 1384 1880 vestros
1437 1826 1500 1865 ac
1558 1808 1799 1880 reliquos
1832 1809 1954 1880 Dei

358 1879 690 1944 Sacerdotes,
718 1895 843 1950 inec
887 1895 994 1934 non
1041 1879 1188 1950 quod
1221 1896 1318 1935 vos
1347 1879 1772 1950 parvipendiStis
1811 1879 1952 1934 dile-

331 1951 594 2023 ctionem
625 1960 672 2004 et
706 1949 890 2023 ﬁdem_
917 1958 970 2004 et
1005 1949 1268 2023 honorem
1301 1949 1361 2005 et
1381 1949 1786 2023 observantiam
1820 1966 1953 2023 erga

358 2021 501 2075 illos.
555 2022 833 2092 Rogamus
878 2021 1060 2092 itaque
1107 2021 1342 2092 divinam
1383 2021 1676 2092 potentiam
1702 2021 1954 2092 vestram

363 2101 419 2146 ut
467 2108 530 2146 ex
577 2091 718 2145 nunc
766 2107 929 2146 aures
977 2091 1244 2146 Obturetis
1291 2091 1504 2162 imperii
1549 2091 1712 2146 vestri
1758 2107 1788 2144 a
1838 2093 1954 2146 Deo

359 2163 517 2216 electi
563 2162 849 2217 calumniis
875 2171 935 2232 et
955 2161 1435 2217 obtrectationibus
1472 2163 1740 2216 adversus
1771 2163 1952 2232 ponti-

359 2231 488 2286 tie—es
518 2249 662 2305 quas
691 2232 860 2305 pravi
907 2231 984 2285 illi
1031 2232 1278 2305 homines
1307 2241 1359 2286 et
1389 2233 1544 2286 malis
1592 2231 1783 2286 solum
1814 2249 1954 2305 gau-

361 2305 550 2358 dentes
583 2303 734 2357 vobis
764 2318 1057 2374 suggerere
1108 2303 1301 2374 solent,
1333 2311 1388 2358 et
1415 2319 1510 2358 eos
1540 2311 1800 2374 tanquam
1826 2303 1939 2372 'pia-

361 2374 482 2428 cula
528 2381 580 2428 et
621 2373 1075 2437 abominationes,
1137 2373 1350 2443 iniquas
1395 2373 1686 2428 verborum
1742 2373 1954 2427 illorum

362 2445 586 2516 sagittas
615 2443 880 2516 repellere
910 2443 1086 2497 velitis
1121 2461 1133 2496 :
1167 2445 1504 2516 patriarchas
1538 2452 1716 2498 autem
1747 2453 1956 2516 vestros

359 2514 654 2569 in'honore
700 2515 922 2574 habere,
958 2523 1009 2568 et
1041 2514 1492 2585 quasipproprios
1535 2523 1720 2584 patres
1766 2514 1954 2568 existi-

360 2601 532 2649 mare,
582 2593 842 2656 tanquam
873 2585 972 2656 Dei
1002 2584 1364 2656 et'hominum
1413 2585 1744 2639 mediatores
1785 2601 1954 2640 vene-

362 2657 491 2710 rari.
516 2655 622 2726 Ipsi
653 2655 798 2709 enim
829 2655 1050 2726 vigilant
1082 2671 1179 2724 pro
1201 2655 1481 2710 animabus
1511 2655 1726 2722 vestris,
1753 2663 1805 2710 et
1835 2671 1958 2726 qua:

362 2742 462 2796 pro
491 2725 659 2780 salute
687 2735 866 2780 vestra
893 2725 1098 2782 faciunt
1131 2726 1284 2780 vobis
1313 2743 1344 2780 a
1374 2727 1490 2782 Deo
1520 2741 1738 2796 semper
1767 2725 1957 2796 depre-

360 2805 572 2861 cantur,
621 2812 723 2867 nec
779 2812 906 2865 non,
959 2805 1016 2851 ut
1057 2811 1154 2866 par
1199 2805 1302 2861 est,
1353 2813 1454 2867 pro
1495 2796 1561 2851 iis
1610 2797 1806 2867 quibus
1859 2811 1957 2850 vos

361 2869 535 2923 Deum
591 2864 898 2921 offendistis
938 2864 1204 2934 errantes,
1251 2864 1509 2922 sacrificia
1556 2864 1658 2936 ipsi
1703 2864 1953 2932 oﬁ'erunt,

363 2945 421 2992 ut
450 2937 602 2992 vobis
637 2939 808 2990 Deum
837 2937 1071 3006 placent,
1106 2937 1428 2992 benevolum
1457 2937 1607 2991 illum
1641 2937 1794 2991 vobis
1827 2937 1956 2990 red-

361 3007 572 3062 dentes.
605 3009 796 3078 Neque
827 3007 878 3060 id
913 3007 1104 3073 solum,
1138 3023 1324 3062 verum
1370 3008 1531 3062 etiam
1561 3023 1661 3078 pro
1691 3008 1956 3078 tranquil-

360 3077 510 3132 litate
539 3085 591 3132 et
620 3078 902 3132 duratione
951 3078 1204 3147 potentia;
1252 3086 1466 3146 vestrae,
1513 3077 1576 3133 et
1595 3094 1692 3148 pro
1734 3077 1960 3134 victoria
1991 3085 2040 3147 Ο

361 3149 625 3202 adversus
675 3149 856 3202 hostes
903 3148 1195 3202 obtinenda
1247 3150 1415 3205 Deum
1463 3157 1710 3204 nostrum
1740 3149 1956 3203 miseri—

361 3221 586 3291 cordem
643 3227 816 3291 orant.
863 3219 1143 3283 Doctores,
1195 3219 1354 3274 etiam
1399 3227 1454 3273 et
1494 3219 1760 3291 magistri,
1802 3219 1958 3291 vobis

364 3289 616 3352 existunt,
666 3289 795 3360 dum
844 3305 942 3343 vos
993 3291 1285 3360 admonent
1335 3297 1390 3343 ut
1421 3305 1484 3344 ea
1521 3289 1732 3344 faciatis
1763 3289 1959 3360 quibus

366 3375 596 3430 regnum
624 3359 883 3414 caelorum
915 3359 1226 3430 acquiratis.

441 3452 464 3502 ᾳ
501 3431 759 3502 Praeterea
789 3445 884 3483 vos
917 3429 1178 3502 praefatus
1207 3429 1437 3502 diligere
1478 3438 1773 3502 noscuntur
1805 3447 1817 3484 :
1852 3445 1960 3502 non

365 3499 508 3554 enim
553 3500 897 3554 adulatorum
948 3501 1240 3554 amicitiam
1306 3499 1502 3556 sectari
1550 3501 1726 3556 sciunt
1778 3501 1961 3556 vobis-

365 3587 508 3637 cum,
541 3570 882 3625 adulatorum
951 3570 1120 3642 instar
1175 3587 1272 3642 vos
1306 3571 1577 3642 diligere,
1639 3572 1735 3626 sed
1783 3573 1962 3641 potius

365 3641 700 3704 charitatem,
753 3656 916 3712 quam
961 3641 1110 3711 ipsos
1157 3641 1338 3696 docuit
1388 3640 1636 3712 Christus
1677 3640 1838 3696 Jesus
1868 3658 1964 3712 per

365 3719 584 3785 sanctos
607 3711 902 3785 apostolos
928 3727 1090 3785 suos.
1139 3712 1286 3785 Non_
1307 3721 1520 3782 oportet
1561 3711 1727 3785 igitur
1754 3711 1962 3767 vestros

364 3781 707 3854 patriarchas
753 3796 786 3835 a
812 3783 970 3854 vobis
1017 3783 1311 3847 contemni,
1345 3781 1458 3837 tum
1497 3781 1718 3854 propter
1747 3799 1810 3836 ea
1839 3799 1962 3837 om-

364 3851 456 3906 nia
512 3869 631 3922 qua:
677 3853 1026 3922 prazdicimus
1075 3861 1188 3906 tum
1235 3855 1397 3909 etiam
1446 3851 1511 3908 ut
1551 3851 1700 3922 juxta
1748 3854 1962 3908 Domini

364 3931 700 3996 praeceptum
746 3923 868 3976 illos
917 3923 1176 3996 diligatis.
1223 3925 1340 3980 Nec
1388 3941 1486 3996 vos
1535 3925 1699 3980 lateat
1743 3925 1888 3996 quod
1920 3925 1964 3978 si

363 3991 748 4066 hocfeceritis,
783 4009 891 4066 non
935 3991 1111 4066 solum
1145 3995 1391 4066 honores
1413 3991 1964 4066 illorumeon'seque-

365 4063 517 4134 mini,
553 4078 690 4134 quos
721 4078 818 4116 vos
861 4065 1138 4118 honoratis
1169 4073 1222 4118 et
1253 4065 1446 4131 colitis,
1481 4065 1576 4119 sed
1609 4065 1757 4118 illum
1787 4063 1965 4133 potius

405 4133 455 4185 ui
486 4133 676 4187 eorum
722 4134 974 4188 manibus
1018 4135 1071 4188 in
1121 4135 1278 4188 altari
1323 4135 1671 4195 ministratur,
1717 4135 1967 4190 videlicet

413 4203 663 4284 hristum,
727 4204 819 4284 qui
872 4221 973 4285 pro
1030 4205 1269 4285 peccatis
1323 4205 1567 4285 omnium
1597 4206 1738 4285 _Deo
1794 4203 1963 4260 offer-

365 4282 454 4345 tur
489 4291 517 4345 At
537 4274 628 4345 qui
682 4274 824 4328 enim
881 4274 1002 4329 illos
1035 4274 1302 4341 honorat,
1363 4277 1538 4330 Deum
1596 4277 1862 4342 honorat;
1917 4284 1967 4330 et

366 4343 458 4468 gui
486 4343 608 4398 illos
651 4353 930 4398 aversatur
971 4353 1023 4400 et
1052 4346 1274 4416 respuit,
1309 4347 1483 4400 Deum
1515 4347 1690 4416 ipsum
1741 4347 1962 4417 respuit.

411 4414 551 4468 alsas
589 4415 771 4468 itaque
845 4414 1208 4468 detractiones
1263 4425 1315 4468 et
1371 4417 1808 4468 obtrectationes.
1869 4433 1962 4468 ner

411 4414 551 4468 alsas
582 4415 771 4496 itaque
833 4414 1208 4498 detractiones
1263 4425 1315 4498 et
1371 4414 1968 4498 obtrectationes,'_per
1998 4438 2048 4498 D

368 4500 506 4552 quas
551 4485 749 4538 zizania
796 4495 848 4539 et
897 4487 1192 4541 schismata
1236 4495 1289 4542 et
1337 4487 1599 4542 scandala
1639 4488 1692 4540 in
1724 4487 1966 4542 Ecclesia

369 4555 467 4608 Dei
511 4556 774 4621 oriuntur,
808 4565 861 4610 et
909 4557 1153 4611 dividunt
1197 4557 1574 4612 inconsutilem
1623 4558 1820 4612 Christi
1865 4574 1963 4612 ve-

369 4632 527 4698 stem,
558 4635 814 4698 tanquam
861 4643 1128 4682 venenum
1175 4629 1445 4697 aspidum,
1497 4637 1740 4683 vestrum
1788 4629 1963 4698 impe—

369 4695 508 4750 rium
563 4695 710 4760 vitet,
773 4706 823 4751 et
882 4699 1058 4766 potius
1101 4695 1445 4754 sanctissimo
1488 4699 1677 4754 Photio
1729 4695 1879 4752 fratri
1913 4708 1965 4754 et

371 4767 744 4840 gemministro
791 4777 979 4822 nostro
1010 4769 1354 4840 ropemiferat
1384 4770 1436 4823 in
1467 4770 1717 4824 omnibus
1748 4787 1869 4840 qua!
1897 4771 1965 4824 ad

371 4837 634 4920 Ecclesiae
671 4839 869 4918 bonum
906 4837 1151 4920 regimen
1181 4839 1404 4895 faciunt.

441 4917 463 4982 ξε
497 4931 518 4958 κ
557 4909 664 4962 Eos
711 4908 873 4962 etiam
905 4908 995 4980 qui
1026 4911 1204 4982 ipsum
1233 4927 1342 4965 non
1369 4926 1475 4982 quo
1506 4927 1606 4981 par
1647 4921 1728 4966 est
1759 4913 1966 4966 honore

369 4979 586 5052 habent,
629 4995 799 5047 argue
829 4989 885 5052 ut
916 4979 1314 5052 reorrigantur;
1348 4979 1676 5052 saepeenim
1699 4997 1836 5052 quos
1869 4981 1967 5036 Dei

369 5049 531 5104 timor
559 5058 606 5103 et
639 5067 768 5119 erga
818 5051 997 5105 divina
1037 5049 1231 5123 religio
1261 5061 1312 5106 et
1342 5051 1516 5121 pietas
1563 5068 1669 5106 non
1708 5049 1962 5114 correxit,

437 5159 460 5222 ἒ
483 5155 714 5214 Ejusdem
743 5158 924 5208 falsarii
946 5163 1060 5208 sunt
1082 5161 1186 5209 htec
1211 5159 1359 5209 verba
1384 5160 1652 5222 supposita.

436 5219 460 5252 δ
487 5223 715 5284 Α‹1,Ῑυίχὶι
739 5231 787 5274 et.
813 5225 974 5274 omnia
1002 5226 1091 5275 ista
1119 5238 1224 5286 qua:
1247 5226 1338 5276 sub
1362 5219 1457 5274 hoc
1478 5219 1634 5288 capite
1658 5227 1967 5278 continentur

367 5290 430 5406 (In)?
478 5291 788 5404 1securitatem
840 5293 913 5342 sui
977 5293 1332 5354 patriarchatus
1395 5293 1619 5342 falsitatis
1671 5294 1968 5342 architectus

425 5369 588 5406 torus.

437 5430 458 5457 ο
483 5423 684 5474 Censuit
709 5429 757 5473 et
785 5425 876 5474 ista
903 5425 1104 5474 Photius
1127 5425 1199 5474 sui
1225 5437 1388 5474 causa.

437 5481 461 5520 ἀ
486 5492 610 5542 Sunt
633 5490 714 5541 'ex
765 5491 968 5541 Joannis
1006 5491 1229 5552 epistola,
1255 5490 1359 5541 tice.
1394 5490 1576 5541 habeat
1615 5491 1776 5554 aliqua
1819 5493 1965 5542 verba

370 5557 602 5672 a'Photio
626 5557 806 5617 addita,
833 5562 886 5606 ut
911 5557 1028 5606 illud
1057 5572 1069 5606 :
1100 5559 1218 5607 Post
1236 5557 1415 5606 obitum
1439 5557 1736 5607 sanctissimi
1781 5557 1964 5620 Pholii,

370 5635 396 5670 ρ
419 5636 464 5672 r.
1669 5643 1675 5648 -

369 5635 444 5672 PN’
453 5661 464 5672 .
1669 5643 1675 5648 '

1574 254 1925 309 EPISTOLIE
1985 252 2074 306 ET
2129 252 2472 306 DECRETA.

3549 259 3649 306 86i

1981 379 2036 438 Α
2055 375 2442 446 imperatorum
2473 383 2526 429 et
2547 373 2856 446 principum
2897 374 3197 446 indignatio
3226 375 3280 430 in
3308 392 3406 432 eos
3432 375 3651 430 irruens

2055 445 2416 501 modestiores
2465 445 2660 500 reddit.
2714 445 2879 515 [dque
2927 446 2972 500 si
3013 445 3226 511 feceris,
3279 463 3503 517 regnum
3554 447 3650 500 tibi
3727 501 3732 510 ,

2055 517 2320 588 ctelorum
2373 532 2695 588 comparare
2751 523 2902 572 certo
2959 517 3114 588 scito,
3174 526 3226 588 et
3268 517 3650 588 sempiternam

2054 587 2267 658 imperii
2313 587 2388 642 tui
2419 587 2762 658 duratiouem
2801 595 2854 640 et
2884 587 3031 656 pacis
3079 587 3561 644 conﬁrmatiOnem.
3595 587 3652 643 Si

2054 657 2184 714 vero
2215 658 2269 712 id
2322 659 2499 712 minus
2545 657 2800 730 feceritis,
2861 667 3184 730 pro_certo‘
3223 659 3466 713 habeatis
3504 660 3649 730 quod

2053 745 2332 800 nunquam
2381 729 2674 784 schismata
2723 728 2949 782 deerunt
2979 727 3032 782 in
3064 728 3305 784 Ecclesia
3345 727 3652 784 Constanti-

2054 800 2390 905 nopolitana.

2187 893 2208 905 .
2249 871 2324 905 nn
2355 871 2386 905 ιτ

2187 893 2208 920 α
2247 871 2324 925 De
2355 871 2468 942 hoc
2485 870 2646 924 etiam
2675 870 2856 942 legem
2899 870 3156 931 condere.
3191 879 3340 942 tuum
3369 870 3649 942 imperium

2054 957 2086 996 a
2117 943 2233 996 Deo
2262 941 2590 996 custoditum
2621 940 2928 1005 monemus,
2965 949 3021 994 ut
3051 949 3174 1011 post
3201 940 3403 994 obitum
3433 941 3633 996 sanctis

2056 1011 2178 1066 simi
2206 1011 2382 1066 Photii
2404 1011 2758 1067 comministri
2791 1019 2841 1065 et
2866 1011 3046 1065 fratris
3077 1012 3246 1066 nostri
3278 1011 3457 1066 nullus
3485 1027 3514 1066 e
3545 1027 3652 1066 sae-

2053 1083 2230 1138 culari
2259 1083 2450 1137 ordine
2481 1083 2547 1135 ad
2574 1080 2938 1152 pontificalem
2973 1082 3293 1152 dignitatem
3325 1082 3578 1152 eligatur,
3601 1090 3656 1136 et

2055 1153 2338 1208 ordinetur
2367 1153 2464 1208 sed
2495 1153 2676 1222 potius
2707 1168 2771 1207 ex
2801 1152 3142 1222 presbyteris
3173 1152 3563 1216 cardinal’ibus,
3589 1168 3654 1206 ex

2055 1223 2121 1278 iis
2152 1223 2402 1278 videlicet
2433 1224 2524 1294 qui
2555 1223 2836 1294 catholica:
2850 1223 3112 1278 Ecclesiae
3142 1231 3268 1278 sunt
3295 1223 3536 1293 ascripti,
3569 1223 3656 1276 vel

2055 1310 2120 1350 ex
2153 1295 2270 1363 ejus
2299 1293 2564 1361 diaco’nis,
2593 1293 2678 1348 vel
2705 1293 2826 1347 aliis
2874 1293 3265 1362 sacerdotibus,
3299 1293 3393 1364 qui
3423 1293 3656 1348 existunt

2057 1365 2156 1419 sub
2200 1365 2331 1420 sede
2385 1364 2999 1434 Constantiuopolitana,
3053 1365 3208 1433 juxta
3256 1379 3444 1420 sacros
3482 1379 3655 1418 cano-

2056 1453 2174 1500 nes,
2211 1443 2266 1489 ut
2295 1452 2363 1490 ne
2392 1444 2581 1490 contra
2610 1434 3035 1490 ecclesiasticam
3074 1435 3318 1506 regulam
3347 1443 3402 1490 et
3426 1442 3654 1490 sancto-

2056 1523 2172 1560 rum
2204 1507 2425 1560 Patrum
2472 1521 2710 1561 canones
2741 1523 2830 1560 res
2879 1514 3076 1560 vestra:
3123 1514 3474 1576 peragantur.
3518 1507 3654 1559 Pro-

2056 1577 2265 1648 cederei
2294 1586 2474 1631 autem
2523 1578 2665 1648 hunc
2713 1575 2961 1631 volumus
3005 1575 3398 1648 per’singulos
3447 1575 3652 1648 gradus

2056 1647 2320 1703 Ecclesiae
2363 1649 2496 1702 satis
2549 1647 2858 1717 probatum,
2889 1647 3167 1717 'primum
3214 1646 3493 1709 lectorem,
3551 1646 3654 1700 de-

1442 1717 1952 1794 ggngiég‘aa‘cgggs
1982 1733 2034 1792 Β
2057 1718 2182 1772 inde
2209 1719 2539 1798 acolythum,
2573 1725 2762 1798 postea
2789 1717 3101 1798 diaconum,
3135 1717 3333 1798 deinde
3361 1717 3652 1798 presbyte-

2054 1805 2174 1844 rum
2206 1799 2258 1843 et
2287 1787 2505 1844 tandem
2555 1787 2892 1858 episcopum,
2926 1787 2972 1841 si
2999 1797 3181 1842 tamen
3212 1789 3412 1842 bonum
3441 1787 3653 1842 habue-

2054 1861 2122 1940 rit
2149 1859 2512 1940 testimonium
2561 1860 2628 1914 de
2655 1875 2714 1914 se
2751 1859 3057 1940 pietatenet
3105 1859 3364 1940 scientia;
3398 1858 3652 1940 quoniam

2055 1931 2186 1984 dum
2229 1929 2580 1986 inferioribus
2628 1929 2892 2000 gradibus
2939 1929 3178 2001 aliquod,
3207 1929 3468 1999 temporis
3513 1944 3649 2001 spa-

2056 2001 2187 2055 tium
2220 2003 2560 2067 immoratur,
2591 1999 2706 2070 ejus
2737 2001 2908 2054 virtus
2945 2009 2998 2054 et
3027 1999 3270 2070 probitas
3301 1999 3568 2069 agnoscit,
3598 2008 3654 2070 et

2058 2075 2160 2128 hoc
2216 2081 2373 2142 pacto
2429 2069 2641 2142 oportet
2710 2080 2924 2126 vestros
2983 2069 3317 2142 patriarchas
3373 2069 3650 2142 progredi,

2056 2158 2163 2198 non
2203 2141 2268 2197 ex
2317 2141 2558 2212 tempore
2608 2156 2998 2212 praeoccupare
3049 2141 3295 2210 singulos
3339 2141 3566 2212 gradits,
3600 2150 3656 2194 ut

2057 2213 2111 2266 in
2159 2214 2324 2267 domo
2369 2211 2583 2267 Domini
2616 2211 2760 2266 nihil
2807 2212 3110 2266 inveniatur
3156 2211 3573 2280 incompositum
3607 2220 3654 2266 et

2055 2283 2440 2338 inordinatum.
2467 2283 2570 2351 Qui
2599 2283 2741 2354 enim
2775 2299 2934 2352 supra
2965 2297 3154 2337 omnes
3186 2282 3393 2354 gradus
3423 2282 3656 2354 colloca-

2056 2363 2159 2420 tur,
2193 2354 2684 2424 irreprehensibilis
2713 2353 2766 2406 in
2798 2354 3051 2424 omnibus
3087 2352 3301 2424 oportet
3331 2352 3650 2424 reperiatur.

2129 2425 2147 2458 τ
2168 2445 2188 2473 ‹‹
2214 2423 2327 2479 Nec
2359 2425 2485 2494 quia
2509 2440 2606 2478 nos
2628 2433 2820 2478 vestrae
2844 2423 3105 2478 Ecclesiae
3125 2423 3246 2493 paci
3268 2431 3319 2477 et
3339 2423 3506 2493 quieti
3526 2437 3656 2478 con-

2058 2494 2315 2559 sulentes,
2351 2495 2599 2550 Photium
2629 2494 3099 2565 religiosissimum
3147 2494 3389 2565 fratrem
3415 2501 3656 2548 nostrum

2057 2565 2369 2636 recipimus,
2429 2566 2562 2620 sicut
2606 2573 2658 2619 et
2704 2563 2844 2634 papa
2889 2565 3163 2618 Adrianus
3210 2563 3488 2636 Tarasium
3540 2565 3658 2636 ejus

2057 2634 2405 2698 avunculum,
2442 2637 2541 2690 hoc
2553 2635 2667 2704 jam
2690 2636 2842 2690 vobis
2863 2651 2965 2705 pro
2985 2635 3378 2690 consuetudine
3395 2644 3446 2690 et
3470 2634 3658 2706 regula

2058 2715 2384 2778 usurpetur;
2415 2723 2538 2778 quae
2567 2706 2710 2761 enim
2755 2722 2878 2778 raro
2927 2707 3068 2774 bona
3094 2715 3261 2778 sunt,
3293 2722 3404 2778 non
3430 2713 3657 2778 possunt

2058 2777 2144 2832 lex
2176 2775 2294 2832 ﬁeri
2343 2775 2524 2831 multis
2569 2785 2621 2832 et
2649 2792 2750 2848 pro
2797 2777 2920 2848 lege
2968 2776 3126 2848 sumi.
3161 2779 3204 2830 Α
3234 2775 3467 2848 Domino
3515 2775 3657 2848 enim

2058 2856 2247 2902 nostro
2274 2849 2404 2902 Jesu
2437 2848 2654 2902 Christo
2681 2846 2876 2910 edocti;
2909 2847 3073 2902 etiam
3103 2862 3202 2900 nos
3242 2847 3458 2902 viscera
3488 2846 3658 2901 mise-

2058 2918 2309 2973 ricordiae
2357 2919 2704 2988 recipientes,
2751 2918 3181 2972 condonavimus
3242 2917 3394 2972 vobis
3440 2917 3658 2987 petitio-

2062 3004 2186 3042 nem
2229 2997 2463 3044 vestram
2513 2998 2626 3043 tum
2657 2989 2725 3042 de
2760 2989 2964 3055 Photio,
3001 2997 3110 3042 tum
3157 2989 3224 3042 de
3255 2988 3373 3042 aliis
3401 2988 3657 3042 sacerdo-

2061 3058 2205 3113 tibus
2258 3076 2324 3114 ex
2381 3059 2550 3114 altera
2603 3059 2940 3113 ordinatione
2998 3058 3351 3112 existentibus
3395 3057 3659 3112 indultum

2061 3130 2454 3185 concessimus.
2525 3129 2845 3199 Quicunque
2915 3144 3047 3182 vero
3096 3129 3150 3182 in
3205 3127 3440 3183 futurum
3495 3143 3661 3182 ausus

2059 3199 2220 3254 fuerit
2248 3199 2302 3254 id
2331 3200 2528 3254 iterum
2578 3208 2934 3263 committere,
2989 3199 3304 3268 pcenitentia
3351 3215 3415 3254 ex
3451 3214 3661 3254 canone

2060 3286 2092 3324 a
2121 3270 2278 3342 nobis
2306 3271 2516 3342 absque
2547 3271 2654 3324 ulla
2685 3269 3007 3325 remissione
3038 3279 3091 3324 et
3121 3270 3396 3324 damnatio
3427 3269 3503 3323 illi
3531 3269 3659 3324 irro-

2060 3341 2299 3412 gabitur.

2131 3421 2160 3453 ε
2196 3432 2217 3460 α
2253 3413 2531 3484 RogamuS
2588 3411 2750 3484 etiam
2787 3413 2910 3484 hoc
2977 3412 3234 3482 pietatem
3310 3419 3550 3484 vestram
3585 3419 3660 3484 _ut

2061 3497 2239 3552 neque
2268 3481 2436 3537 frater
2462 3491 2515 3537 et
2545 3481 2917 3538 comminister
2959 3481 3143 3537 noster
3173 3483 3394 3536 Photius
3423 3481 3660 3552 sanctis-

2063 3550 2252 3625 simus.
2285 3569 2388 3625 nec
2407 3553 2553 3625 alius
2587 3553 3262 3625 quispiamsuccessorum
3292 3553 3408 3621 ejus
3437 3552 3490 3606 in
3523 3550 3662 3606 futu-

2063 3639 2184 3695 rum,
2224 3623 2277 3676 in
2325 3624 2577 3695 Bulgaria
2608 3623 3012 3678 iordinationes
3058 3624 3272 3695 habeat,
3335 3639 3510 3694 neque
3567 3639 3664 3692 per

2061 3693 2284 3766 pallium
2327 3693 2467 3766 illuc,
2498 3695 2745 3760 missum,
2783 3711 2973 3766 neque
3003 3711 3102 3765 per
3137 3693 3485 3766 defensorem
3515 3709 3661 3766 pras-

2064 3764 2260 3838 dictam
2318 3765 2652 3838 provinciam
2701 3764 3062 3838 Bulgaroru’m
3089 3774 3179 3838 ,uti
3223 3764 3662 3838 prepriam’mi-

2063 3835 2275 3890 nistret.
2321 3837 2380 3890 In
2425 3836 2602 3891 alieno
2648 3835 2956 3891 enim'solo
3004 3854 3111 3891 non
3151 3835 3488 3892 decet’alios
3527 3835 3662 3890 aedi-

2064 3904 2260 3961 ficare.-
2299 3907 2680 3962 Przedecessor
2730 3907 2873 3961 enim
2939 3917 3126 3962 noster
3185 3907 3443 3963 Nicolaus
3491 3905 3662 3961 felicis

2065 3977 2456 4032 recordationis
2501 3979 2758 4048 precibus
2802 3978 3062 4048 principis
3091 3979 3360 4048 Bulgariaa
3391 3977 3664 4032 Michaelis

2065 4047 2376 4119 apostolicis
2424 4047 2688 4119 doetrinis
2733 4047 2954 4119 gentem
2984 4047 3148 4102 illam
3182 4047 3448 4112 educavit,
3484 4057 3535 4102 et
3565 4063 3664 4117 per

2066 4117 2357 4189 religiosos
2391 4134 2519 4172 suos
2549 4117 2845 4188 episcopos.
2865 4134 3057 4172 omnes
3086 4119 3486 4173 ecclesiasticas
3509 4134 3668 4189 regu-

2067 4187 2146 4240 las
2177 4187 2228 4241 et
2259 4203 2516 4254 canones,
2552 4187 2603 4242 et.
2635 4204 2973 4258 quaecunque
3013 4189 3082 4243 ad
3129 4187 3664 4258 Christianamire'li-

2065 4257 2287 4330 gionem
2317 4259 2595 4330 pertinent
2617 4273 2741 4313 cum
2770 4257 3239 4330 illis’tradidisset,
3276 4275 3369 4313 eos
3399 4257 3664 4330 perfecit:

2066 4329 2191 4382 licet
2208 4329 2464 4400 nonnulli
2497 4329 2754 4384 audacter
2775 4329 3142 4400 subripuerint
3171 4331 3329 4385 nobis
3351 4330 3665 4400 praedictam

2068 4399 2422 4471 provinciam,
2447 4417 2568 4471 quae
2598 4401 2662 4454 ad
2695 4417 2791 4454 eos
2822 4399 2941 4455 non
2959 4401 3218 4456 attinebat
3243 4421 3256 4466 ;
3293 4399 3666 4456 ordinationes

2067 4469 2229 4524 etiam
2261 4469 2780 4544 etAcons'ecrationes
2826 4471 3174 4526 ecclesiarum
3203 4482 3253 4526 et
3282 4472 3463 4544 omnia
3510 4488 3664 4544 qua-

2068 4556 2284 4611 cunque
2315 4539 2494 4597 facere
2527 4543 2704 4596 minus
2733 4544 3034 4612 oportebat.
3061 4544 3390 4613 peregerint.
3425 4539 3669 4612 Quapro-

2067 4619 2188 4681 pter
2215 4620 2416 4682 praeter
2445 4614 2720 4682 praedicta.
2755 4623 2806 4668 et
2837 4615 2940 4669 hoc
2969 4614 3130 4668 etiam
3179 4615 3335 4668 vobis
3363 4623 3548 4668 notum
3578 4613 3664 4668 fa-

2068 4682 2260 4745 cimus,
2293 4693 2374 4756 ut,
2405 4685 2768 4756 sialiquando
2814 4684 3102 4754 episcopos
3133 4685 3204 4738 ibi
3232 4685 3500 4756 degentes
3529 4701 3664 4739 con-

2069 4762 2280 4826 tranos
2309 4755 2514 4826 aliquid
2543 4755 2860 4825 delinquere
2889 4755 3379 4826 deprehendemtis,
3413 4762 3467 4810 et
3495 4772 3664 4811 cano-

2068 4824 2206 4879 nicis
2249 4824 2426 4895 ptenis
2473 4827 2594 4880 illos
2634 4824 3004 4892 subjiciemus,
3052 4842 3159 4880 non
3204 4827 3439 4880 habeant
3469 4843 3568 4882 vos
3598 4827 3666 4882 ad

2069 4911 2207 4968 quos
2253 4895 2586 4968 confugiant,
2641 4897 2735 4951 sed
2787 4898 2964 4966 potius
3011 4913 3110 4951 vos
3153 4897 3425 4952 inveniant
3469 4898 3522 4952 in
3563 4899 3666 4953 hoc

2068 4965 2226 5018 nobis
2254 4965 2556 5022 concordes
2583 4983 2682 5021 nec
2711 4965 3115 5023 dissentientes.

2140 5035 2166 5070 ¹¹
2201 5058 2222 5084 α
2259 5035 2493 5091 Oramus
2523 5047 2782 5108 praeterea
2819 5039 3108 5108 imperium
3157 5047 3401 5092 vestrum
3449 5040 3664 5094 Christo

2135 5145 2299 5194 °Cum
2338 5147 2694 5205 praetermissos
2731 5145 2867 5196 audis
2910 5147 3160 5196 esti-trium
3205 5152 3254 5196 et
3295 5149 3460 5198 exoret
3482 5151 3608 5198 stam
3635 5161 3661 5196 a

2066 5211 2253 5260 Latinis
2275 5212 2499 5262 omnibus
2525 5212 2650 5262 inter
2673 5213 2856 5273 primos
2870 5219 3075 5276 quatuor
3096 5214 3286 5264 ordines
3303 5222 3665 5276 annumeratos,

2068 5277 2190 5326 sciat
2215 5291 2238 5326 τι
2266 5279 2448 5327 Graecis
2473 5283 2753 5340 corruptum
2782 5279 2962 5330 lorum.

2136 5353 2292 5410 x‘Sunt
2317 5363 2476 5412 addita
2502 5362 2594 5412 ista
2619 5377 2646 5412 τι
2672 5363 2846 5412 Photio
2869 5378 2974 5426 quze
3003 5367 3096 5416 hac
3122 5367 3282 5431 capite
3327 5368 3662 5418 continentur.

2133 5451 2158 5488 ε
2182 5445 2306 5495 Sunt
2329 5446 2530 5495 Joannis
2557 5460 2570 5496 :
2597 5447 2685 5496 sed
2709 5449 2938 5500 nonnulla
2965 5451 3156 5502 miscuit
3179 5453 3398 5504 Photius.

2135 5523 2161 5559 ιι
2191 5529 2376 5598 Delevit
2398 5529 2632 5598 impostor
2662 5544 2849 5595 vocem,
2879 5535 3182 5598 tendamus,
3231 5540 3280 5586 et
3304 5546 3484 5585 nomen
3511 5535 3661 5590 lgna-

2067 5595 2140 5657 tii,
2171 5599 2217 5644 et
2243 5597 2405 5658 posuit
2432 5595 2660 5658 Oramus,
2689 5604 2782 5650 etc.
