4160 6330
477 227 577 279 863
1820 221 2099 277 JOANNIS

2199 225 2370 279 ἈΗΕ
2432 224 2568 281 VIII.
3669 235 3773 286 864

478 347 734 431 dilectum
754 354 811 402 ut
841 347 1192 438 cgngregeti‘s
1207 346 1498 438 episcopos
1524 354 1575 429 et
1604 347 1959 438 presbyteros
1987 361 2077 438 eu-

2199 383 2286 438 [ue
2306 367 2589 438 STILIANO,
2611 368 2818 425 .10st1
2839 376 2893 424 et
2911 370 3285 426 METROPHANI
3304 362 3780 428 reverendissiinis

472 419 773 500 jascunque
805 416 1010 500 ordinis
1054 416 1413 500 {ecclesiastici
1435 425 1495 500 et
1521 416 1719 500 civilis
1745 416 1836 500 qui
1864 416 2077 498 anobis

479 487 767 544 dissentire
796 487 1068 555 videntur,
1100 488 1414 560 ubicunque
1431 488 1627 543 fuerint
1648 487 1789 560 intra
1817 487 2078 543 terminos

479 567 712 628 vestros,
745 574 949 630 eosque
979 560 1050 615 ad
1076 576 1176 615 vos
1203 559 1486 616 ducendos
1512 559 1736 630 curetis,
1767 567 1821 614 et
1846 573 2078 630 monea-

479 630 551 685 tis
578 637 638 688 ut
663 630 768 701 ipsi
796 629 1050 701 uniantur
1075 629 1338 686 Ecclesia
1367 630 1467 686 Dei
1493 638 1546 685 et
1576 629 1766 685 Photio
1795 629 2079 701 sanctissi-

481 716 574 772 mo
619 699 943 772 patriarcha
987 700 1149 772 fratri
1184 708 1240 772 et
1279 701 1650 756 comministro
1690 707 1875 756 nostro
1920 699 2080 772 nobis

481 770 655 844 unite.
686 772 942 844 Proprias
966 770 1387 844 pontiﬁcales‘et
1418 787 1610 844 sacras
1641 770 2080 844 vestestgradas

484 841 644 898 etiam
692 840 813 897 illis
847 840 1130 908 restituite,
1181 850 1234 897 et
1280 841 1495 898 viscera
1540 840 1931 897 misericordia
1972 841 2081 895 illis

483 913 710 984 aperite,
743 920 802 967 ut
829 913 1307 984 quemadmodum,
1332 928 1473 984 unus
1500 913 1668 976 Deus,
1699 928 1869 984 unum
1898 911 2081 984 bapti-

485 982 626 1053 sma,
658 999 769 1038 una
796 982 953 1052 ﬁdes,
982 984 1059 1039 ita
1087 991 1139 1039 et
1166 997 1268 1039 nos
1296 983 1402 1053 ipsi
1431 999 1599 1038 unum
1640 982 1805 1038 etiam
1833 983 1888 1038 in
1918 982 2082 1037 Chri-

487 1062 609 1126 sto,
628 1061 682 1109 et
707 1070 808 1126 per
834 1061 1086 1126 vestram
1129 1053 1274 1126 piam
1317 1053 1617 1126 doctrinam
1647 1068 1830 1126 Aunum
1878 1053 2084 1124 pariter

484 1122 772 1180 nobiscum
799 1125 926 1192 sint,
959 1133 1011 1181 et
1038 1125 1093 1179 in
1122 1122 1386 1181 Ecclesia
1411 1124 1511 1179 Dei
1536 1122 1896 1195 perfectione
1917 1139 2083 1195 coor-

486 1194 657 1250 dinati
685 1203 738 1250 et
761 1195 1034 1264 conjuncti
1061 1195 1349 1251 nobiscum
1376 1195 1434 1249 in
1461 1194 1660 1250 Christi
1680 1194 2084 1251 sanctissimum

488 1280 709 1337 corpus,
739 1273 798 1321 ut
822 1266 881 1320 in
908 1266 1098 1322 eadem
1144 1273 1327 1337 mente
1372 1273 1428 1321 et
1454 1265 1767 1337 ingeadem
1810 1265 2086 1337 voluntate

487 1333 892 1408 permanentes,
925 1338 1099 1408 Deum
1141 1335 1384 1393 omnium
1414 1333 1811 1408 gloriﬁcemuss
1833 1337 1949 1408 Nec
1978 1335 2085 1391 ali-

490 1405 614 1478 quis
643 1407 698 1462 in
724 1415 1007 1480 posterum
1027 1407 1170 1480 dicat
1193 1423 1207 1463 :
1231 1409 1342 1480 Ego
1362 1405 1585 1480 quidem
1601 1423 1732 1480 sum
1753 1407 1966 1480 Cephea,
1992 1422 2086 1479 ego

489 1477 632 1560 vero.
658 1477 910 1560 Palati-(1
930 1479 1050 1535 Cor.
1082 1478 1124 1550 ι)
1154 1495 1170 1533 :
1206 1477 1408 1560 sedant
1452 1492 1644 1560 omnes
1677 1479 1793 1560 hoc
1822 1477 2087 1560 dicamus

490 1548 636 1620 quod
687 1547 885 1604 Christi
930 1547 1120 1604 sumus
1156 1547 1401 1605 cruciﬁxi
1446 1555 1501 1620 et
1548 1548 1749 1620 mortui
1777 1563 1880 1620 pro
1903 1548 2084 1615 nobis,

608 1634 709 1691 per
733 1634 892 1691 suam
935 1619 1244 1691 passionem
1282 1635 1416 1691 aqua
1442 1618 1498 1673 in
1542 1619 1700 1691 terris
1730 1617 1855 1675 sunt
1884 1627 1939 1674 et
1965 1635 2089 1691 qua

487 1688 543 1744 in
570 1688 726 1745 caelis
750 1688 989 1746 invicem
1013 1688 1337 1754 conciliavit,
1371 1697 1425 1745 et
1450 1704 1552 1745 nos
1580 1690 1698 1746 Deo
1726 1688 2004 1760 conjunxit
2032 1697 2087 1745 et

488 1760 633 1833 Patri
678 1776 779 1833 per
819 1778 880 1816 se
927 1761 1190 1833 ipsumet
1214 1768 1405 1816 mutua
1433 1760 1724 1833 dilectione
1752 1769 1806 1816 et
1833 1776 2085 1816 commu-

487 1829 699 1886 nione.‘
718 1831 777 1887 Si
816 1829 1015 1888 vero'a
1043 1831 1202 1888 vobis
1247 1846 1345 1887 eos
1385 1830 1683 1887 advocatos
1721 1839 2005 1888 monentes
2034 1839 2089 1886 et

489 1901 772 1973 hortantes
802 1910 854 1958 et
872 1910 1116 1973 orantes,
1136 1902 1209 1958 ad
1234 1902 1492 1958 unionem
1513 1902 1777 1958 Ecclesia
1795 1901 2089 1959 convenire

489 1972 771 2043 vobiscum
802 1973 974 2029 semel
1004 1981 1059 2029 et
1085 1972 1285 2029 iterum
1314 1980 1368 2043 et
1395 1973 1849 2043 sapiusgobedire
1874 1973 1953 2028 illi
1983 1987 2088 2028 no-

490 2041 710 2116 luerint,
752 2060 930 2116 neque
955 2043 1160 2116 nostris
1188 2042 1382 2116 litteris
1412 2041 1787 2116 obtemperare
1815 2051 1870 2116 et
1899 2048 2113 2116 suam-'

491 2120 604 2168 met
645 2113 857 2185 lucrari
888 2114 1142 2181 salutem,
1164 2115 1273 2185 sed
1302 2113 1359 2185 in
1385 2113 1561 2185 priori
1584 2113 1681 2168 sua
1707 2113 2011 2185 pertinacia
2038 2121 2093 2185 et

498 2183 806 2256 temeritate
833 2184 1236 2256 permanserint
1260 2183 1568 2256 istiusmodi
1595 2183 1865 2256 homines,
1894 2183 2092 2256 praei:

493 2254 674 2326 pimus
700 2255 770 2310 ab
813 2253 1145 2313 iinmaculati
1188 2253 1523 2326 corporiset
1552 2254 1833 2326 sanguinis
1876 2253 2094 2310 Domini

493 2324 665 2398 nostri
683 2326 815 2382 Jesu
834 2327 1036 2382 Christi
1052 2324 1406 2398 perceptione
1426 2324 1637 2398 alienos
1656 2324 1791 2398 fore,
1810 2340 2093 2398 quousque

492 2394 748 2452 uniantur
773 2405 979 2454 sancta
1006 2394 1107 2452 Déi
1135 2394 1418 2461 Ecclesia,
1449 2403 1503 2451 et
1533 2396 1724 2452 Photio
1751 2394 2094 2452 sanctissimo

565 2466 819 2524 triarcha
859 2467 1013 2524 fratri
1037 2476 1090 2523 et
1118 2466 1492 2538 comministro
1518 2474 1721 2538 nostro.
1756 2467 1825 2522 Et
1853 2474 2045 2538 postea
2078 2482 2092 2520 :

544 2552 611 2593 oc
638 2547 856 2609 peracto
888 2555 1024 2611 Aqua
1069 2545 1371 2611 sequuntur
1391 2537 1594 2611 justam
1617 2537 1834 2593 illorum
1856 2537 2094 2611 damna-

494 2607 720 2675 tionem,
760 2611 818 2664 in
847 2607 935 2664 his
968 2607 1167 2664 litteris
1203 2624 1315 2664 non
1360 2607 1698 2679 scripsimus,
1746 2624 1817 2664 ne
1860 2608 2097 2679 amplius

497 2689 889 2752 prorogaretur
928 2680 1102 2752 oratio
1130 2688 1336 2752 praeter
1358 2679 1599 2752 modum,
1614 2679 1814 2752 esud-in
1847 2694 2097 2752 sommo:

495 2747 1152 2831 nitorionconacripsimus
1183 2747 1758 2831 religiosissimi-Petri
1786 2749 2094 2831 presbyteri

498 2827 554 2875 et
568 2820 871 2891 cardinalis
898 2821 1070 2877 nostri
1099 2820 1427 2891 legati,'una
1446 2835 1571 2875 cum
1590 2820 1838 2891 Eugenio
1855 2827 1908 2875 et
1928 2820 2100 2875 Paulo

500 2889 932 2963 religiosissimis
979 2889 1270 2963 episcopis,
1297 2897 1360 2963 _ut
1397 2904 1523 2963 eam
1554 2889 2017 2963 ipsis'prasidens
2044 2890 2101 2943 in

503 2959 715 3033 synodo
742 2978 852 3017 una
888 2959 1404 3033 cum’gsanctissimo
1434 2961 1624 3033 Photio
1654 2959 1820 3015 fratre
1866 2968 1920 3015 et
1944 2975 2099 3033 com-

2175 454 2552 528 metropolitis,
2585 464 2637 512 et
2667 457 2880 513 cateris
2912 458 3304 527 sacerdotibus,
3338 474 3437 517 seu
3480 461 3775 530 cujuscun-

2177 559 2282 615 que
2311 543 2522 599 ordinis
2549 545 2766 602 clericis
2796 562 2893 602 seu
2920 546 3095 604 laicis.

2247 649 2504 706 Omnium
2544 651 2914 709 Ecclesiarum
2960 653 3062 710 Dei
3107 655 3403 711 secundum
3455 656 3777 728 Apostolum

2179 737 2594 795 sollicitudinem
2622 739 2908 809 habentes,
2941 749 2995 796 et
3019 742 3257 813 pastoris
3285 743 3476 817 gregis
3507 744 3777 801 Dominici

2179 825 2338 882 nobis
2364 825 2421 881 in
2449 826 2570 899 ipso
2613 828 2983 899 apostolorum
3028 829 3274 902 principe
3305 846 3492 888 curam
3522 833 3779 889 commis-

2181 930 2298 970 sam
2318 922 2594 986 gerentes,
2620 917 2854 974 Domino
2869 917 3085 975 dicente
3109 937 3123 973 :
3144 920 3206 976 Si
3223 919 3417 992 diligis
3446 936 3556 987 me,
3584 922 3779 979 Simon

2179 1005 2366 1070 Petre,
2397 1021 2562 1077 pasce
2589 1022 2713 1062 oves
2742 1022 2898 1062 meas
2928 1006 3107 1079 (Joan.
3130 1009 3270 1073 mi,
3303 1009 3656 1065 condolemns
3682 1026 3780 1066 vo-

2181 1092 2266 1147 bis
2290 1110 2305 1160 ;
2339 1092 2596 1165 quoniam
2634 1094 2817 1150 multis
2838 1095 2950 1164 jam
2978 1094 3289 1152 labentibus
3317 1097 3476 1152 annis
3506 1115 3678 1170 usque
3706 1099 3780 1154 ad

2181 1197 2429 1253 prasens
2470 1181 2526 1236 in
2571 1181 2861 1239 discordia
2901 1183 3170 1241 divisione
3212 1193 3265 1241 et
3311 1185 3369 1241 in
3395 1186 3777 1242 scandalorum

2183 1269 2592 1341 perturbatione
2638 1286 2738 1327 vos
2778 1272 3026 1328 videmus
3060 1281 3339 1346 promptos
3380 1290 3624 1341 manere,
3677 1292 3780 1332 nec

2183 1374 2282 1430 per
2309 1358 2593 1415 charitatis
2633 1360 2935 1416 custodiam
2983 1361 3052 1417 ad
3093 1362 3353 1419 unitatem
3397 1363 3660 1420 Ecclesia
3687 1379 3777 1420 re-

2184 1446 2342 1503 verti.
2376 1445 2550 1517 Quam
2595 1447 2846 1505 videlicet
2883 1449 3144 1507 unitatem
3185 1450 3278 1524 qui
3325 1467 3436 1508 non
3481 1459 3648 1523 tenet,
3676 1452 3777 1509 Dei

2185 1535 2504 1610 legemnon
2535 1544 2703 1608 tenet,
2737 1537 2910 1594 Patris
2938 1546 2992 1595 et
3020 1538 3141 1594 Filii
3168 1537 3332 1596 ﬁdem
3360 1555 3473 1597 non
3499 1548 3664 1611 tenet,
3690 1542 3777 1596 vi-

2189 1632 2297 1680 tam
2344 1639 2457 1680 non
2496 1632 2645 1681 tenet
2681 1641 2785 1682 nec
2826 1627 3074 1683 salutem.
3132 1629 3249 1685 Hoc
3292 1629 3530 1702 denique
3564 1629 3779 1685 unitatis

2112 1704 2167 1764 B
2188 1720 2610 1780 sacramentum,
2644 1715 2747 1770 hoc
2774 1716 3084 1772 concordia
3113 1716 3391 1773 vinculum
3418 1717 3785 1790 inseparabili-

2186 1809 2267 1857 ter
2292 1802 2575 1858 coharens
2604 1803 2925 1871 ostenditur,
2950 1804 3167 1877 quando
3196 1804 3253 1860 in
3275 1805 3580 1879 Evangelio
3602 1806 3786 1863 tunica

2187 1889 2405 1946 Domini
2449 1890 2622 1947 nostri
2663 1890 2796 1948 Jesu
2841 1890 3042 1948 Christi
3084 1908 3196 1948 non
3240 1892 3502 1950 dividitur
3537 1894 3781 1961 omnino,

2187 1994 2291 2034 nec
2321 1979 2601 2045 scinditur,
2635 1981 2732 2036 sed
2760 1980 3112 2037 sortientibus
3137 1982 3208 2038 de
3236 1989 3389 2038 veste
3418 1982 3632 2049 Christi,
3665 1983 3788 2055 quis

2188 2066 2370 2138 potius
2414 2067 2685 2122 Christum
2730 2067 2997 2138 indueret,
3041 2069 3254 2142 integra
3295 2070 3463 2125 vestis
3501 2071 3781 2142 accipitur,

2189 2162 2244 2211 et
2269 2155 2606 2227 incorrupta,
2636 2164 2797 2229 atque
2825 2157 3060 2213 indivisa
3086 2157 3271 2215 tunica
3298 2158 3629 2230 possidetur.
3654 2160 3787 2215 Pos-

2191 2243 2372 2298 sidere
2427 2244 2571 2300 enim
2627 2260 2737 2301 non
2780 2253 2960 2316 potest
3004 2246 3381 2302 indumentum
3426 2247 3647 2315 Christi,
3691 2248 3789 2320 qui

2190 2331 2388 2388 scindit
2417 2341 2471 2388 et
2498 2332 2692 2389 dividit
2738 2334 3049 2391 Ecclesiam
3104 2334 3320 2391 Christi.
3369 2335 3505 2405 Quis
3546 2351 3680 2409 ergo
3706 2336 3788 2392 sic

2194 2419 2490 2476 sceleratus
2534 2429 2588 2476 et
2631 2420 2920 2493 perﬁdus?
2965 2423 3088 2496 quis
3130 2423 3212 2479 sic
3274 2423 3561 2480 discordia
3603 2423 3787 2480 furore

2195 2524 2429 2566 vesanus
2449 2509 2478 2564 ?
2503 2508 2636 2580 Quis
2693 2518 2787 2566 aut
2827 2512 3016 2568 credat
3061 2512 3234 2568 scindi
3274 2527 3438 2584 posse
3473 2518 3565 2568 aut
3591 2513 3789 2568 audeat

2195 2597 2447 2654 scindere
2477 2598 2740 2654 unitatem
2772 2599 2869 2655 Dei
2889 2600 2917 2655 ?
2946 2608 3155 2657 vestem
3192 2601 3408 2656 Domini
3429 2601 3458 2656 Ἰ
3483 2601 3786 2658 Ecclesiam

2197 2685 2438 2742 Christi?
2480 2688 2662 2742 Monet
2702 2688 2821 2758 ipse
2861 2688 2918 2742 in
2963 2688 3265 2760 Evangelio
3308 2704 3409 2745 suo
3452 2688 3689 2746 dicens:
3722 2691 3791 2744 Et

2197 2776 2311 2830 erit
2324 2791 2474 2831 unus
2487 2791 2651 2847 grex,
2671 2779 2726 2831 et
2744 2793 2894 2832 unus
2915 2780 3110 2850 pastor
3128 2778 3312 2847 (Joan.
3334 2777 3478 2849 xvr).
3497 2774 3789 2849 Apostolus

2198 2870 2378 2917 autem
2428 2862 2626 2918 Paulus
2670 2864 2810 2920 hanc
2837 2866 3084 2920 eamdem
3114 2865 3272 2921 nobis
3300 2865 3582 2921 insinuans
3608 2865 3790 2920 unita-

2199 2957 2330 3015 tem,
2363 2951 2611 3006 hortatur
2638 2950 2829 3008 dicens
2859 2970 2873 3007 :
2908 2952 3138 3011 Obsecro
3180 2969 3274 3010 vos
3299 2969 3402 3026 per
3446 2969 3656 3010 nomen
3681 2955 3791 3010 Do-

804 3034 906 3089 Dei
931 3032 1151 3119 oculum
1180 3031 1483 3119 qai‘om‘nia
1511 3031 1659 3119 videt
1685 3039 1988 3119 etaetatis?
2116 3054 2168 3119 ο
2199 3040 2348 3096 mini
2374 3040 2561 3096 nostri
2585 3041 2718 3096 Iesu
2740 3041 2968 3108 Christi,
2995 3045 3063 3098 ut
3080 3042 3327 3114 idipsum
3354 3042 3559 3098 dicatis
3577 3057 3791 3111 omnes,

501 3101 638 3176 gilat
664 3112 790 3176 ante
818 3120 950 3176 suos
978 3104 1167 3160 oculos
1200 3101 1494 3176 habentes,
1527 3110 1580 3176 et
1609 3101 1977 3176 inevitabilem
2006 3101 2094 3156 di-

505 3172 685 3232 vinam
712 3174 976 3232 iustitiam
1003 3183 1059 3230 et
1086 3190 1241 3230 suam
1283 3173 1675 3230 conscientiam
1700 3172 2096 3229 immaculatam

504 3253 558 3301 et
580 3244 913 3317 inculpatam
942 3252 1352 3317 conservantes,
1385 3259 1578 3317 omnes
1607 3260 1695 3317 res
1723 3244 2100 3317 Constantino-

504 3315 760 3387 politana
784 3315 1046 3373 Ecclesia
1073 3325 1125 3372 et
1153 3331 1492 3388 quacunque
1534 3315 1778 3388 indigent
1808 3315 2101 3388 correctio:-

506 3384 685 3459 ne,_get
713 3404 855 3459 qua,
884 3395 942 3442 ut
967 3402 1071 3458 par
1099 3384 1514 3459 est',declinare
1539 3384 1761 3459 ciebant,
1788 3393 1848 3440 ut
1870 3385 1928 3440 id
1956 3384 2101 3456 quod

507 3457 705 3512 melius
732 3455 836 3513 est
885 3466 939 3513 et
969 3455 1385 3528 conducibilius
1418 3456 1518 3510 Dei
1545 3455 1830 3528 Ecclesia,
1862 3455 2102 3528 peraga-

507 3536 618 3654 ἓῗῖ
648 3528 897 3585 C(rlestis
924 3528 1222 3602 imperator
1245 3527 1393 3599 piam
1420 3526 1717 3598 potentiam
1744 3534 1891 3580 tuam
1921 3526 2105 3582 custo-

565 3615 595 3654 a
623 3641 635 3653 .
675 3622 698 3649 ιι

565 3607 635 3654 at.
675 3622 698 3649 ιι

581 3671 874 3748 Idaeasque
903 3686 971 3725 ex
996 3666 1261 3748 Photiana
1287 3667 1540 3748 versione
1567 3667 1793 3748 Joannis
1821 3665 2108 3748 papaOepif

510 3740 668 3795 stola.
700 3736 811 3796 Cur
836 3749 1020 3795 autem
1049 3737 1102 3795 in
1132 3737 1289 3808 titulo
1316 3738 1542 3793 Joannis
1571 3736 1952 3808 epislola‘non
1974 3736 2141 3808 insit.

512 3810 854 3866 Constantini
881 3824 1102 3874 nomen,
1132 3807 1186 3862 id
1202 3808 1412 3879 accidit
1451 3807 1617 3879 quod,
1652 3808 1791 3879 sicut
1821 3824 1887 3863 ex
1915 3807 2110 3879 Niceta

511 3881 717 3936 dictum
758 3888 862 3945 est,
912 3886 1158 3935 mortuus
1197 3877 1341 3934 inter
1380 3877 1497 3934 hac
1534 3877 1696 3933 fuerit
1722 3878 2110 3933 Constantinus

512 3951 647 4034 ipse
660 3955 939 4034 angustus
965 3949 1363 4034 primogenitus
1393 3949 1571 4034 Basilii
1587 3949 1962 4034 imperatoris.

586 4019 779 4078 Vidisti
805 4019 1167 4094 impos—duras,
1186 4020 1389 4094 lector,_
1406 4019 1652 4094 veritatis
1678 4019 1894 4094 amator
1921 4027 1976 4075 et
1994 4019 2117 4094 cul-

513 4100 617 4159 tor,
664 4090 980 4151 exsecratus
1023 4108 1085 4164 es
1124 4091 1317 4163 procul
1357 4091 1544 4164 dubio,
1590 4106 1723 4164 quas
1770 4090 1826 4146 in
1882 4090 2114 4162 profano

515 4165 678 4221 etiam
705 4165 946 4233 homine,
977 4161 1180 4220 nedum
1218 4161 1522 4228 sacerdote,
1557 4161 1899 4234 et'episcOpo
1929 4170 1983 4218 et
2008 4176 2114 4287 ga-

516 4236 775 4287 triarcha-
805 4237 903 4287 sed
930 4244 983 4287 et
1014 4235 1069 4287 in
1099 4234 1336 4287 ethnico.
1383 4233 1669 4287 omnisaue
1698 4232 1898 4287 divina
1925 4240 1979 4287 et
2045 4249 2114 4287 u-

516 4236 775 4304 triarcha,
805 4237 904 4292 sed
930 4244 983 4291 et
1014 4235 1069 4290 in
1099 4234 1336 4300 ethnico,
1383 4233 1898 4305 omnisque'divina
1925 4240 1979 4288 et
2008 4233 2116 4305 hu—

515 4322 691 4363 mana
718 4308 861 4377 legis
902 4313 1127 4377 experte
1151 4305 1394 4377 barbaro
1424 4303 1865 4377 improbaregnon
1894 4303 2074 4377 possis
2098 4321 2115 4369 ;

516 4386 703 4450 totque
731 4374 1280 4450 falsitatesadmistas
1309 4374 1641 4450 litterisnon
1670 4374 1866 4450 paivati
1885 4374 2115 4450 alicujus

518 4457 572 4504 et
600 4444 775 4520 ignoti
803 4447 1071 4520 hominis,
1093 4445 1191 4520 sed
1217 4445 1286 4500 ab
1314 4444 1616 4520 apostoliea
1644 4445 1777 4520 sede
1807 4461 1871 4500 ex
1903 4444 2116 4516 episco-

518 4514 714 4590 porum
762 4518 993 4590 concilio
1024 4514 1216 4590 dalis;
1246 4514 1359 4590 nec
1394 4514 1464 4590 ad
1494 4514 1657 4590 vilem
1696 4514 1949 4586 aliquem
1963 4524 2120 4571 terra

518 4585 708 4656 tilium,
758 4590 857 4645 sed
902 4587 974 4643 ad
1020 4587 1197 4658 ipsum
1222 4656 1231 4658 _
1255 4585 1499 4658 Orientis
1553 4585 1956 4658 imperatorem,
2015 4599 2121 4658 nec

521 4654 703 4716 otiose
722 4660 812 4716 vel
839 4654 1128 4714 leviter-de
1158 4656 1324 4711 rebus
1353 4655 1554 4710 nullius
1580 4656 1839 4710 momenti
1870 4654 2121 4710 conscri-

519 4732 646 4802 ptis,
681 4731 780 4787 sed
810 4746 934 4802 qua
977 4727 1198 4783 maximi
1242 4726 1484 4802 omnium
1513 4726 1775 4802 ponderis
1809 4734 2030 4789 essent;
2063 4732 2123 4780 ut

520 4796 717 4857 inerito
769 4796 906 4856 tanti
950 4806 1228 4854 auctorem
1270 4796 1497 4853 sceleris
1541 4796 1853 4867 improbare
1883 4805 1937 4852 et
1967 4812 2123 4852 exsed

523 4873 684 4941 crari,
733 4871 1022 4942 ipsumque
1067 4867 1291 4942 facinus
1316 4867 1646 4942 abominari
1688 4876 1850 4942 atque
1897 4869 2122 4942 horrere

521 4937 777 5014 tanquam
825 4937 1098 5014 funestum
1127 4937 1434 5014 aliquid-ab
1481 4937 1603 4992 imis
1633 4937 1824 5014 inferis
1849 4939 2122 5014 proditum

523 5029 556 5068 a
574 5008 824 5084 principe
843 5011 1194 5084 tenebrarum
1214 5008 1314 5080 per
1332 5008 1502 5084 ﬁlium
1524 5008 1867 5084 tenebrarum
1885 5010 2125 5084 nomine-

524 5081 682 5140 tenns
729 5081 868 5139 lucis
913 5081 1167 5152 angelum
1211 5081 1561 5136 mentientem
1611 5081 1872 5141 Photium.
1904 5081 2126 5138 omnino

526 5155 752 5210 debeas.

1188 5220 1444 5279 CCXLIV

912 5309 984 5348 AD
1022 5309 1232 5348 (‘ONSTA
1241 5307 1740 5348 NTINOPOLITANOS.

1206 5382 1314 5418 Πηο
1347 5382 1471 5418 διε.

528 5441 687 5498 lubet
719 5455 830 5504 eos,
864 5367 1509 5499 δσΙιὶδγηαιὲᾚῗίἳίῗῗθάὲ
1540 5437 1803 5492 Ecclesia:
1842 5436 2130 5490 unitatem

835 5509 1040 5578 redire,
1074 5511 1131 5563 et
1159 5508 1354 5564 Photio
1381 5508 1822 5562 communicare.

600 5605 829 5664 Eximiis
860 5605 988 5661 viris
1015 5605 1241 5667 JOANNI,
1277 5604 1451 5658 Leos:
1482 5611 1531 5657 et
1561 5600 1749 5656 PM’LO
1769 5600 2029 5672 patriciis.
2053 5606 2133 5654 at—

2140 4412 2198 4477 D

2196 3131 2252 3183 et
2282 3144 2394 3184 non
2417 3128 2537 3184 sint
2568 3129 2629 3184 in
2656 3129 2804 3186 vobis
2831 3130 3143 3186 schismata
3162 3149 3181 3186 :
3198 3131 3326 3187 sitis
3341 3133 3536 3186 autem
3552 3132 3796 3204 perfecti

2201 3217 2261 3272 in
2283 3216 2474 3272 eodem
2492 3232 2663 3273 sensu
2693 3221 2751 3273 et
2789 3219 2851 3273 in
2883 3217 3077 3274 eadem
3109 3220 3399 3276 sententia
3428 3217 3479 3289 (1
3497 3218 3618 3275 Cor.
3643 3220 3704 3290 ι).
3725 3217 3797 3273 Et

2195 3304 2395 3360 iterum
2410 3304 2541 3361 dicit
2559 3323 2573 3360 :
2597 3305 2956 3362 Sustinentes
2975 3309 3218 3363 invicem
3232 3309 3298 3363 in
3313 3306 3635 3376 dilectione,
3652 3308 3799 3363 satis

2200 3397 2428 3464 agentes
2463 3410 2690 3450 servare
2715 3395 2999 3451 unitatem
3032 3397 3271 3468 spiritus
3302 3395 3367 3450 in
3401 3395 3798 3465 conjunctione

2195 3483 2356 3555 pacis
2373 3482 2598 3555 (Ephes.
2614 3494 2716 3554 IV);
2735 3483 2992 3555 quoniam
3005 3499 3106 3539 nec
3122 3483 3320 3538 habere
3334 3498 3525 3555 pacem
3542 3497 3668 3538 cum
3682 3482 3797 3538 Deo

2201 3569 2416 3641 poterit,
2440 3569 2529 3642 qui
2549 3586 2687 3626 cum
2703 3569 2966 3626 fratribus
2993 3586 3185 3644 pacem
3213 3587 3313 3643 per
3341 3569 3442 3626 zeli
3471 3569 3796 3627 discordiam

2203 3673 2314 3714 nou
2356 3657 2626 3714 habuerit.
2675 3657 2851 3728 Quam
2896 3659 3060 3733 igitur
3105 3659 3210 3715 sibi
3254 3674 3444 3731 pacem
3486 3658 3808 3730 promittunt

2204 3745 2407 3803 inimici
2437 3746 2661 3802 fratrum
2680 3747 2709 3802 ?
2728 3747 2864 3817 Qua
2893 3746 3158 3805 sacriﬁcia
3179 3748 3465 3804 celebrare
3484 3762 3547 3802 se
3575 3744 3808 3802 credunt

2208 3835 2546 3902 sacerdotes,
2564 3835 2842 3890 charitatis
2873 3836 2971 3892 Dei
3000 3836 3093 3908 qui
3120 3850 3231 3891 non
3260 3843 3386 3890 sunt
3414 3842 3567 3892 veste
3595 3832 3804 3889 induti?

2208 3922 2407 3978 Pacem
2435 3923 2594 3978 nobis
2622 3923 2871 3979 Christus
2900 3923 3052 3980 dedit
3082 3942 3097 3979 :
3129 3927 3352 3990 Pacem,
3394 3922 3588 3996 inquit,
3620 3939 3803 3978 meam

2212 4012 2280 4068 do
2301 4012 2465 4079 vobis,
2479 4028 2674 4084 pacem
2690 4013 2947 4086 relinquo
2965 4013 3111 4069 vobis
3128 4012 3312 4082 (Joan.
3331 4011 3481 4081 xiv);
3503 4010 3806 4068 concordes

2211 4107 2376 4172 atque
2403 4100 2689 4156 unanimes
2716 4117 2841 4156 esse
2878 4100 3176 4172 pracepit;
3214 4100 3520 4156 dilectionis
3548 4106 3603 4155 et
3628 4097 3806 4156 chari-

2213 4189 2336 4244 tatis
2364 4188 2575 4244 foedera
2603 4188 2914 4260 incorrupta
2935 4196 3097 4262 atque
3127 4187 3383 4245 inviolata
3418 4186 3711 4243 mandavit.
3741 4185 3808 4240 Et

2215 4277 2338 4334 ideo
2368 4285 2607 4335 vestram
2639 4278 2871 4334 salutem
2912 4277 3215 4350 cupientes,
3256 4293 3562 4343 monemus,
3595 4283 3646 4331 et
3674 4289 3809 4345 apo-

2220 4365 2409 4422 stolica
2449 4366 2783 4440 benignitate
2823 4366 3096 4437 iubemus,
3125 4382 3227 4422 vos
3254 4381 3448 4422 omnes
3474 4371 3676 4420 sancta
3702 4362 3811 4417 Ec-

2220 4455 2403 4512 clesia
2429 4455 2590 4521 uniri,
2624 4463 2917 4528 vestroque
2944 4446 3287 4526 patriarcha,
3318 4453 3511 4509 Photio
3537 4450 3807 4515 videlicet,

2219 4560 2383 4616 quem
2424 4560 2528 4615 pro
2574 4544 2836 4600 Ecclesia
2877 4533 2979 4599 Dei
3004 4557 3143 4614 pace
3168 4550 3222 4598 et
3250 4541 3460 4598 unitate
3488 4540 3807 4611 recepimus,

2219 4632 2500 4689 adhaerere
2529 4632 3038 4703 communicareque
3068 4631 3299 4687 studete.
3324 4631 3465 4686 Nam
3495 4628 3544 4684 si
3569 4629 3689 4685 hac
3714 4641 3814 4681 no-

2222 4730 2333 4777 stra
2360 4721 2657 4792 apostolica
2685 4721 2908 4789 monita,
2941 4721 3103 4777 tantis
3132 4719 3459 4792 supradictis
3490 4713 3813 4773 testimoniis

2222 4817 2420 4873 divinis
2478 4817 2710 4884 ﬁrmata,
2773 4818 2964 4875 audire
3025 4815 3480 4888 eontempseritis,
3526 4814 3582 4869 in
3634 4820 3816 4868 vestra

2222 4915 2526 4989 pertinacia
2567 4932 2792 4972 manere
2821 4915 3086 4982 volentes,
3119 4914 3306 4971 scitote
3345 4912 3473 4986 quia
3500 4909 3683 4966 missis
3713 4924 3815 4964 no-

2226 5015 2354 5070 stris
2383 5014 2732 5085 pracipimus
2750 5015 2938 5070 tandiu
2967 5030 3066 5069 vos
3093 5013 3243 5067 omni
3272 5008 3642 5067 ecclesiastica
3670 5022 3818 5063 com-

2226 5111 2483 5167 munione
2538 5111 2775 5182 privare,
2847 5109 3085 5183 quandiu
3139 5111 3209 5164 ad
3264 5106 3523 5161 unitatem
3575 5101 3819 5175 corporis

2228 5209 2428 5264 Christi
2457 5216 2509 5264 et
2537 5207 2605 5262 ad
2635 5214 2876 5262 vestrum
2921 5203 3360 5276 contempseritis
3404 5202 3582 5258 redire
3610 5196 3821 5272 pontiﬁ-

2228 5323 2369 5364 cem.
2397 5307 2512 5361 Nec
2541 5304 2739 5376 aliquis
2767 5313 3010 5360 vestrum
3062 5302 3200 5357 hanc
3244 5300 3433 5378 habeat
3466 5299 3521 5353 in
3549 5295 3822 5353 redeundo

2229 5401 2657 5466 excusationem,
2688 5415 2787 5470 pro
2817 5395 3099 5468 scripturis
3130 5395 3198 5450 de
3227 5395 3329 5449 hac
3358 5408 3523 5450 causa
3550 5389 3823 5462 composi-

2231 5499 2317 5566 tis,
2375 5499 2499 5572 quia
2541 5496 2723 5553 divina
2770 5501 3059 5567 potestate,
3112 5508 3276 5565 quam
3318 5489 3528 5562 accepit
3580 5486 3825 5544 Ecclesia

2232 5595 2451 5657 Christi,
2487 5602 2680 5650 cuncta
2710 5593 2992 5646 solvuntur
3018 5590 3252 5650 vincula,
3284 5587 3505 5662 quando
3530 5603 3630 5658 per
3648 5592 3827 5656 pastor-
