4160 6338
347 327 450 378 865

1593 310 1949 376 EPISTOLA!
2006 319 2096 374 ΕΤ
2147 323 2498 378 DEGRDTA.

3545 328 3645 379 866

347 447 517 536 Palem
555 445 932 536 αιιοιςιινίιιιιειιξ
973 462 1094 516 ομιτςΒ
1137 447 1350 501 fuerat“
1397 445 1568 536 “53W
1597 445 1897 536 Samnii"
1929 462 1944 508 ἶ
1978 444 2304 518 Atriarcha.
2339 465 2410 518 Et
2439 463 2585 536 quod
2615 463 2801 519 dicere
2837 465 3020 534 pudet,
3051 473 3104 519 et
3133 480 3302 535 grave
3330 471 3509 521 tacere
3539 474 3642 532 est,

347 534 625 607 quoniam,
658 533 794 589 sicut
825 533 955 589 dicit
976 541 1194 588 sanctus
1237 549 1382 605 papa
1425 533 1698 602 Gelasius,
1741 531 1950 586 nullum

347 631 432 676 est
460 621 756 688 vinculum,
791 621 1078 678 insolubile
1109 621 1213 676 nisi
1243 623 1392 678 circa
1426 637 1524 678 eos
1565 620 1656 693 qui
1685 619 1741 673 in
1767 635 1950 675 errore

347 711 661 782 persistunt.
697 711 834 764 Data
862 726 1051 764 mense
1074 713 1341 783 Augusto,
1376 710 1564 765 indict.
1590 723 1690 774 xu,
1727 708 1947 763 dicxvl.

431 800 592 854 Missa
603 815 704 870 per
734 800 966 854 Petram
995 800 1402 870 presbyterum.
1661 810 1668 815 '

1036 903 1287 959 CCXLV.

579 1009 649 1048 AD
677 1008 940 1048 CLERICOS
969 1005 1663 1048 CONSTANTINOPOLITANOS
1684 1000 1728 1044 ³.

969 1082 1150 1152 (Anno
1181 1083 1332 1152 879.)

631 1171 909 1241 Ejusdem
927 1186 994 1226 ac
1015 1171 1320 1244 precedens
1349 1173 1692 1242 argumenti.

430 1258 918 1314 Reverendissimis
947 1267 999 1313 et
1047 1257 1404 1313 sanctissimis
1443 1259 1699 1314 omnibus
1736 1259 1958 1330 episco-

361 1348 468 1419 pis,
515 1347 877 1404 confratribus
914 1347 1177 1402 Ecclesia
1226 1347 1830 1420 Constantinopolitanae
1877 1363 1962 1402 se—

363 1436 491 1490 dem
540 1435 976 1507 respicientibus,
1031 1452 1126 1490 seu
1177 1435 1347 1490 tribus
1396 1435 1517 1490 aliis
1577 1435 1964 1508 principalibus

369 1522 616 1581 ecclesiis
637 1523 1162 1596 Hierosolymitanaa.
1188 1577 1198 1583 ς

441 1611 813 1680 Quorumdam
861 1627 993 1668 sane
1047 1619 1308 1680 vestrum,
1371 1611 1570 1668 fratres
1639 1612 1966 1679 charissimi,

376 1701 580 1772 scripta
602 1700 983 1770 suscipientes,
1010 1699 1419 1756 unanimitatem
1441 1708 1600 1774 atque
1639 1717 1968 1758 consensum

2051 552 2143 622 qui
2171 552 2399 625 regendi
2427 553 2603 607 adhuc
2624 560 2676 607 et
2706 552 2939 608 docendi
2970 560 3091 607 sunt
3121 552 3371 609 doctores
3400 570 3500 609 nec
3537 570 3652 609 eru-

2051 639 2279 696 bescunt
2301 640 2470 696 videri
2500 657 2602 695 nec
2633 649 2900 710 metuunt,
2932 641 3294 714 ducatumquc
3341 642 3648 698 animarum

2053 729 2396 800 impudenter
2423 737 2724 796 assumunt,
2759 729 2957 802 quibus
2986 729 3074 784 via
3103 730 3282 784 omnis
3313 731 3503 804 ignota
3545 732 3651 787 do—

2054 817 2222 872 ctoris
2251 826 2354 884 est,
2389 833 2496 888 quo
2526 817 2716 889 Vorte,
2741 817 2832 889 qui
2880 834 3009 890 quo,
3043 818 3223 890 Hann]
3253 819 3341 874 vel
3389 819 3492 890 ipsi
3520 835 3655 892 gra-

2054 905 2273 960 diantur
2293 905 2472 979 ignari
2503 913 2646 960 sunt.
2681 905 2839 975 Quod
2871 922 3034 977 quam
3065 921 3296 977 pravum
3326 923 3560 978 quamve
3590 907 3664 962 sit

2057 993 2422 1060 temerarium,
2457 993 2706 1049 saeculari
2735 993 2924 1050 ordine
2955 1002 3007 1048 et
3055 993 3342 1065 disciplina
3383 1003 3658 1050 monstra-

2059 1090 2143 1137 tur
2177 1099 2189 1136 :
2224 1098 2353 1137 nam
2381 1082 2511 1136 dum
2541 1082 2652 1136 dux
2681 1082 2954 1138 exercitus
2980 1099 3090 1138 non
3120 1082 3226 1138 nisi
3244 1083 3430 1139 labore
3459 1091 3513 1139 et
3544 1084 3659 1153 sol-

2057 1169 2338 1226 licitudine
2369 1178 2632 1241 expertus
2660 1170 2898 1242 eligitur,
2935 1171 3130 1242 quales
3157 1171 3467 1230 animarum
3495 1172 3662 1228 duces

2062 1275 2184 1312 esse
2213 1266 2440 1328 possunt
2471 1258 2646 1330 quiin
2708 1259 3055 1330 episcopatus
3111 1259 3328 1314 culmen
3385 1259 3670 1316 immatura

2063 1345 2286 1417 cupiunt
2314 1345 2659 1402 festinatione
2681 1347 3102 1402 conscendere?
3139 1348 3312 1416 Hujus
3351 1348 3546 1403 saltem
3586 1349 3667 1404 rei

2063 1435 2466 1505 comparatione
2517 1434 2866 1491 considerent
2895 1444 2947 1490 et
2977 1435 3208 1508 aggredi
3237 1443 3461 1506 repente
3517 1436 3669 1492 inex-

2064 1532 2253 1594 pertos
2281 1523 2500 1578 labores
2529 1523 2856 1590 abstineant,
2891 1524 3090 1595 quippe
3122 1523 3214 1595 qui
3242 1539 3350 1579 non
3380 1523 3672 1581 didicerint

2067 1611 2213 1682 quod
2242 1613 2491 1668 doceant.
2526 1613 2682 1668 Unde
2712 1613 2978 1668 canonica
3007 1611 3234 1666 instituit
3283 1629 3518 1668 censura
3568 1631 3671 1670 ne-

2067 1715 2342 1773 quaquam
2368 1715 2435 1756 ex
2465 1699 2604 1756 laico
2635 1701 2706 1755 ad
2735 1701 3101 1756 sacerdotium
3147 1709 3370 1772 repente
3413 1702 3668 1758 transire.

369 1789 426 1842 in
454 1797 606 1860 parte
637 1788 812 1844 Photii
840 1788 894 1842 in
925 1789 1004 1843 eis
1025 1788 1186 1860 plene
1221 1789 1542 1860 reperimus,
1577 1790 1812 1862 indeque
1867 1790 1972 1846 ob-
1991 1795 2048 1858 Β
2077 1790 2146 1844 Et
2175 1789 2280 1843 nisi
2300 1805 2402 1860 per
2433 1789 2550 1857 ejus
2581 1787 2800 1843 fidelem
2839 1804 3168 1845 concursum
3209 1805 3310 1860 pro
3366 1799 3676 1846 sanctarum

372 1877 496 1932 nixe
513 1884 780 1947 optantes,
815 1883 874 1932 ut
905 1877 1051 1949 quod
1080 1876 1479 1948 particulariter
1534 1879 1818 1944 hactenus,
1865 1879 1971 1934 hoc

372 1965 634 2021 canonice
665 1980 886 2035 semper
913 1972 968 2020 et
988 1965 1336 2037 generaliter,
1369 1973 1529 2037 atque
1577 1967 1878 2023 secundum
1909 1983 1973 2021 ea

377 2063 503 2120 quae
531 2057 655 2104 sunt
685 2047 884 2104 Christi
913 2048 1062 2114 Jesu,
1097 2054 1150 2104 et
1180 2064 1292 2104 non
1315 2065 1437 2121 quae
1454 2057 1657 2115 vestra,
1688 2049 1780 2121 pia
1809 2049 1976 2104 animi

377 2131 686 2198 devotione,
716 2131 773 2188 id
801 2131 1000 2204 ipsum,
1037 2139 1094 2187 ut
1141 2149 1252 2189 non
1301 2133 1369 2188 sit
1425 2133 1481 2188 in
1520 2134 1676 2190 vobis
1714 2133 1972 2202 schisma,

375 2219 598 2291 sapiatis
647 2236 909 2292 quaerere,
957 2221 1180 2292 pulsare
1223 2228 1276 2276 et
1309 2221 1556 2278 invenire
1589 2240 1604 2288 ;
1646 2238 1748 2278 nos
1797 2231 1979 2278 autem

379 2303 756 2360 moderatione
801 2303 948 2360 sedis
983 2303 1316 2375 apostolicae,
1364 2305 1503 2361 sicut
1553 2305 1730 2361 divisa
1757 2313 1982 2362 conten-

379 2392 528 2448 tione
557 2398 721 2464 atque
751 2392 1000 2448 dolemus
1027 2393 1200 2447 scissa
1229 2407 1436 2460 errore,
1471 2393 1546 2448 ita
1566 2395 1872 2464 gaudemus
1928 2393 1985 2448 in

384 2479 600 2536 vinculo
620 2481 772 2551 pacis
793 2496 857 2537 ac
883 2480 1167 2537 charitatis
1196 2481 1522 2552 compagine
1553 2481 1837 2536 soliditatis
1866 2481 1985 2536 fra-

383 2568 690 2624 ternitatem
708 2577 943 2624 vestram
976 2568 1095 2623 sine
1122 2568 1527 2624 intermissione
1557 2569 1816 2625 inviolata
1853 2586 1987 2641 per-

384 2656 599 2722 sistere,
629 2656 786 2726 juxta
836 2657 1152 2727 Apostolum
1197 2657 1248 2727 (Ι
1275 2658 1394 2712 Cor.
1413 2657 1562 2730 xm),
1595 2657 1740 2712 idem
1794 2659 1987 2729 sapite,

386 2751 442 2799 et
465 2745 612 2800 Deus
642 2745 792 2816 pacis
823 2745 923 2800 erit
951 2745 1253 2800 vobiscum.
1288 2743 1447 2813 Quod
1467 2761 1601 2800 vero
1641 2745 1873 2801 sollicita
1901 2746 1990 2800 in-

385 2833 624 2888 tentione
661 2841 842 2888 vestra
886 2832 1016 2903 petit
1044 2833 1283 2899 dilectio,
1345 2833 1422 2887 uti
1470 2833 1792 2889 auctoritate
1849 2831 1997 2888 beati

387 2921 619 2990 apostoli
646 2920 908 2992 principis
937 2921 1304 2992 apostolorum
1339 2921 1499 2986 Petri,
1547 2921 1704 2990 vobis
1746 2922 1998 2977 Photium

384 3009 768 3080 patriarcbam»
797 3009 853 3062 in
926 3009 1079 3080 regia
1127 3009 1260 3064 urbe
1307 3009 1814 3080 Constinopolitana
1879 3009 1999 3064 fore

386 3097 810 3164 consentiamus,
861 3096 993 3152 illud
1049 3097 1232 3152 animo
1281 3097 1404 3154 luce
1466 3096 1668 3153 clarius
1725 3097 1990 3165 retinetis,

391 3185 539 3256 quod
553 3183 610 3238 in
637 3184 940 3258 Evangelio
967 3184 1146 3255 primo
1173 3185 1378 3255 pastori
1407 3185 1674 3241 Dominus
1708 3185 1781 3240 ait
1815 3204 1828 3240 :
1884 3187 1994 3258 Ego

391 3289 492 3345 pro
523 3277 577 3328 te
604 3274 816 3344 rogavi,
837 3276 1022 3339 Petre,
1048 3277 1248 3328 utnon
1265 3273 1494 3342 deﬁciat
1511 3273 1649 3342 ﬁdes
1681 3277 1781 3330 tua
1803 3294 1821 3341 ;
1843 3279 1901 3330 et
1931 3280 1991 3330 tu

391 3361 694 3432 aliquando
715 3376 1014 3417 conversas
1027 3361 1301 3430 conﬁrma
1317 3363 1531 3432 fratres
1552 3365 1672 3418 tuo:
1685 3361 1842 3432 (Lac.
1861 3361 1992 3432 xu).

389 3447 485 3503 His
515 3447 1201 3520 hortationibuslsuccensi,
1233 3449 1344 3504 imo
1358 3449 1540 3520 potius
1565 3449 1920 3516 corroborati,
1940 3449 2022 3508 in.

393 3542 652 3606 quantum
683 3535 800 3591 sine
829 3536 982 3607 gravi
1003 3535 1308 3592 offensione
1328 3537 1575 3593 valemus
1597 3535 1860 3592 auxilium
1888 3536 1999 3592 fer-

397 3639 478 3689 re,
509 3631 624 3678 tam
652 3625 862 3680 cunctis
890 3624 1107 3680 Domini
1128 3623 1506 3680 sacerdotibus
1535 3641 1694 3696 quam
1737 3625 1998 3680 universo

397 3712 454 3766 in
482 3713 612 3768 orbe
643 3719 909 3768 terrarum
939 3713 1242 3768 Christiano
1280 3713 1500 3784 populo,
1535 3729 1818 3785 nunquam
1861 3701 2022 3768 desi?

327 3825 337 3831 -
395 3800 594 3866 nimus,
629 3809 928 3872 sequentes
956 3801 1430 3872 praedecessorum
1463 3801 1732 3872 exempla,
1765 3801 1835 3856 de
1875 3800 1999 3873 qui-

398 3888 504 3944 bus
528 3896 732 3944 sanctze
760 3889 1040 3945 memoriae
1069 3888 1298 3944 Adriani
1326 3903 1483 3960 papas
1533 3889 1589 3944 in
1637 3889 1850 3944 Tarasii
1890 3905 1999 3944 nu—

400 3976 634 4048 perrime
675 3977 842 4050 regia:
875 3977 1028 4032 urbis
1095 3977 1416 4048 patriarchae
1459 3975 1868 4033 confirmatione
1916 3978 2002 4048 (in

395 4067 633 4138 epistola
661 4066 733 4121 ad
768 4067 1218 4122 Constantinum
1253 4069 1312 4120 et
1338 4067 1558 4121 I-renem
1586 4065 1998 4138 imperatores),

402 4155 520 4208 haec
547 4152 762 4208 interim
798 4153 1052 4224 ponimus
1087 4153 1257 4208 verba
1288 4153 1467 4218 ;inter
1523 4153 1731 4224 reliqua
1780 4153 1954 4224 inquit
1985 4169 1999 4205 :

407 4242 537 4312 Ipse
575 4241 720 4296 enim
769 4243 1024 4296 Tarasius
1067 4240 1235 4314 regie
1278 4240 1428 4294 urbis
1473 4241 1784 4310 patriarcha
1856 4239 2004 4294 misit

405 4329 564 4385 nobis
592 4329 928 4401 synodicam,
961 4329 1198 4400 priscam
1215 4329 1517 4400 adimplens
1531 4327 2000 4393 consuetudinem,

407 4433 570 4490 quam
611 4417 966 4488 suscipientes
1008 4425 1063 4472 et
1107 4417 1364 4488 liquidius
1412 4417 1757 4490 indagantes,
1801 4423 1854 4472 et
1897 4423 2006 4470 tam

2069 1877 2372 1950 imaginum
2429 1876 2702 1932 erectione
2748 1877 2867 1946 ejus
2948 1877 3342 1934 consecrationi
3391 1893 3674 1934 assensum

2073 1966 2386 2022 omnimodo
2415 1965 2654 2042 tribuere
2685 1964 3046 2037 nequivimus.
3065 1967 3244 2022 Porro
3261 1974 3315 2020 et
3344 1981 3447 2021 nos
3469 1979 3534 2023 ac
3553 1983 3672 2032 vos,

2075 2054 2278 2110 fratres
2304 2053 2633 2120 charissimi,
2655 2054 2780 2126 lege
2805 2054 3233 2127 constringimur
3259 2061 3317 2108 ut
3339 2055 3386 2109 si
3414 2055 3676 2126 deinceps

2077 2143 2221 2214 apud
2254 2149 2505 2198 cunctam
2533 2141 2824 2198 ecclesiam
2839 2158 2962 2214 qua:
2991 2142 3042 2196 in
3081 2141 3238 2198 vobis
3267 2149 3351 2198 est
3379 2158 3412 2197 a
3439 2143 3682 2214 paternis

2081 2231 2286 2302 regulis
2316 2245 2418 2301 per
2447 2229 2678 2286 similem
2697 2230 3198 2302 praevaricationem
3219 2247 3498 2302 nunquam
3517 2247 3684 2302 spon—

2082 2319 2259 2374 deatis
2287 2318 2630 2390 delinquere,
2665 2319 2719 2372 id
2743 2325 2842 2382 est,
2879 2334 2948 2374 ne
2978 2320 3311 2390 neophytum
3368 2327 3593 2390 repente
3614 2319 3684 2374 ad

2081 2405 2350 2458 honorem
2378 2403 2678 2458 ascendere
2703 2404 2826 2463 »Εἰ
2853 2402 2899 2456 si
2930 2402 3244 2473 parochiam
3273 2402 3522 2475 Bulgaraa
3548 2418 3686 2474 gen-

2084 2491 2174 2559 tis,
2198 2506 2318 2561 quae
2353 2492 2469 2545 Deo
2497 2497 2719 2546 auctore
2753 2489 2894 2544 beati
2935 2489 3079 2544 Petri
3143 2489 3374 2560 apostoli
3415 2491 3684 2547 interces-

2089 2579 2261 2644 sione,
2294 2586 2460 2650 atque
2491 2578 2844 2634 decessorum
2875 2585 3181 2633 nostrorum
3197 2577 3404 2648 labore,
3427 2579 3496 2632 ad
3523 2577 3686 2634 Chri-

2091 2675 2230 2721 stum
2261 2681 2522 2722 conversa
2551 2673 2656 2733 est,
2688 2665 2954 2722 subducta
2987 2681 3147 2736 quam
3167 2665 3242 2720 ibi
3270 2664 3478 2721 fecistis
3523 2665 3688 2722 illici-

2090 2761 2204 2809 tam
2231 2753 2590 2821 ordinatione,
2641 2753 2984 2809 reddideritis
3013 2771 3028 2819 ;
3059 2760 3116 2808 et
3156 2753 3404 2822 abjectos
3444 2769 3690 2825 quosque

2095 2841 2290 2898 fratres
2309 2858 2375 2898 ac
2401 2842 2778 2898 discordantes
2797 2849 2980 2896 vestro
3007 2841 3200 2896 labore
3229 2840 3293 2913 [/.
3314 2841 3470 2897 deest
3489 2855 3689 2898 recon-

2097 2929 2433 3002 ciliaveritis]
2465 2929 2644 2984 studio
2672 2944 2796 2985 cum
2842 2927 3108 3000 praedicto
3158 2927 3350 2984 Photio
3393 2943 3556 3000 quem
3599 2944 3691 3000 pa-

2097 3018 2393 3074 triarcham
2413 3018 2469 3072 in
2496 3017 2646 3090 regia
2675 3017 2811 3072 urbe
2831 3016 3152 3072 desideratis
3192 3016 3416 3083 habere,
3463 3016 3694 3088 aliisque

2100 3105 2205 3176 piis
2234 3105 2494 3176 Operibus
2515 3103 2818 3160 offensione
2848 3119 3013 3174 quam
3043 3119 3233 3160 coram
3261 3105 3378 3160 Deo
3408 3112 3458 3158 et
3489 3104 3694 3160 sanctis

2097 3193 2398 3249 canonibus
2416 3182 2791 3257 contraxistis,
2806 3191 2864 3246 in
2883 3193 2986 3246 hac
3014 3198 3186 3261 parte,
3235 3205 3697 3262 recompensave-

2094 3280 2234 3334 ritis.
2275 3279 2658 3336 Venerabilem
2689 3279 2916 3334 fratrem
2961 3277 3210 3333 Photium
3252 3293 3442 3334 coram
3487 3279 3698 3350 synodo

2095 3367 2531 3424 misericordiam
2580 3367 2898 3439 querendo,
2933 3373 2986 3422 et
3037 3365 3436 3437 patriarchatus
3491 3367 3698 3423 honore

2096 3455 2250 3529 fungi
2283 3456 2554 3522 volumus,
2579 3463 2633 3510 et
2655 3462 2860 3510 nostrae
2890 3453 3309 3519 communionis,
3354 3453 3466 3508 imo
3495 3460 3548 3508 et
3577 3453 3702 3508 bea«
3769 3487 3774 3496 -

2094 3551 2276 3602 torum
2303 3543 2682 3614 apostolorum
2698 3556 2796 3598 seu
2817 3541 2995 3597 omnis
3012 3540 3274 3596 Ecclesiae
3305 3539 3444 3606 fore,
3478 3539 3700 3596 Domini

2097 3631 2468 3698 miseratione,
2492 3629 2837 3701 participem.
2855 3629 2974 3686 Hoc
3004 3627 3258 3700 exemplo
3269 3627 3524 3700 ‘roborati
3540 3625 3707 3684 maxi-

2099 3735 2188 3774 me
2203 3735 2312 3790 quo
2327 3718 2585 3791 egregius
2593 3717 2974 3788 praedecessor
2987 3724 3174 3772 noster
3185 3716 3552 3784 Innocentius,
3576 3728 3703 3772 san-

2101 3807 2376 3864 ctissimus
2404 3821 2568 3878 papa,
2602 3805 2892 3861 Photinum
2939 3812 3244 3860 restaurare
3295 3804 3569 3877 dignatur,
3623 3802 3707 3859 di-

2101 3907 2234 3947 cens
2256 3892 2444 3963 (epist.
2485 3893 2570 3954 l2,
2603 3906 2664 3944 η,
2705 3889 2802 3960 7):
2835 3889 3060 3944 Veniam
3095 3903 3240 3944 nunc
3286 3887 3357 3943 ad
3386 3887 3702 3943 maximum.

2105 3979 2262 4052 quasi
2293 3978 2564 4050 quoddam
2619 3977 2820 4042 thema,
2900 3973 3186 4032 Photinum
3220 3994 3236 4042 ;
3269 3983 3323 4030 et
3358 3975 3498 4030 inter
3551 3973 3656 4030 alia
3689 3991 3706 4030 :

2104 4065 2247 4136 Quia
2274 4082 2366 4121 res
2396 4065 2467 4120 ad
2508 4064 2738 4119 salutem
2767 4063 2928 4118 rediit
2970 4063 3165 4128 veniae,
3198 4063 3344 4118 hunc
3384 4062 3441 4116 in
3500 4069 3707 4117 tantum

2103 4154 2261 4209 vobis
2291 4152 2678 4216 annitentibus,
2701 4158 2827 4221 post
2852 4149 3366 4206 condemnationem
3389 4164 3544 4204 more
3568 4163 3708 4220 apo-

2106 4241 2300 4296 stolico
2326 4240 2712 4312 subrogamus,
2745 4237 3017 4308 tantisque
3046 4236 3245 4292 vestris
3287 4235 3706 4306 assertionibus,

2107 4329 2374 4400 vobisque
2404 4335 2514 4382 tam
2542 4327 2720 4393 bonis,
2747 4333 2854 4380 tam
2883 4325 3061 4382 charis
3081 4339 3192 4380 non
3207 4324 3340 4380 dare
3357 4339 3708 4391 consensum,

2106 4417 2359 4473 omnibus
2387 4415 2541 4471 duris
2567 4415 2730 4470 rebus
2776 4413 2964 4468 durius
2990 4413 3308 4469 abitramur.
3366 4413 3470 4468 Pro
3525 4419 3709 4468 vestra
3796 4444 3808 4448 -

409 4489 480 4561 de
505 4505 744 4561 iussione
763 4514 928 4562 rectae
954 4503 1081 4560 fidei
1110 4505 1229 4574 ejus
1273 4520 1435 4577 quam
1479 4489 1795 4576 dogmatum
1873 4521 2004 4558 san-
2023 4489 2079 4552 Β
2109 4521 2245 4578 ergo
2274 4504 2684 4576 approbatione,
2731 4502 2930 4558 fratres
2972 4501 3297 4568 cbarissimi,
3337 4509 3392 4556 et
3443 4499 3715 4556 sententia

409 4601 620 4649 ctarum
648 4609 744 4648 sex
774 4594 1106 4665 synodorum
1136 4601 1188 4648 et
1233 4593 1668 4649 venerandarum
1710 4592 2009 4666 imaginum

412 4681 826 4751 ovantes,nimis
855 4683 1048 4736 iterum
1069 4681 1375 4737 conturbati
1399 4697 1461 4736 ac
1481 4681 1784 4738 contristati
1799 4696 2006 4747 sumus,

415 4771 544 4842 quia
572 4787 639 4825 ex
668 4770 931 4826 laicorum
987 4770 1197 4836 ordine,
1229 4778 1282 4825 et
1307 4769 1682 4842 imperialibus
1711 4769 2009 4842 obsequiis,

413 4859 720 4930 deputatus,
772 4867 996 4929 repente
1025 4858 1080 4913 in
1119 4858 1511 4929 patriarcbatus
1541 4858 1757 4914 culmen
1804 4858 2014 4914 electus

416 4955 518 5014 est,
534 4954 587 5002 et
601 4947 920 5019 apocaligus
941 4946 1028 5019 [in
1043 4949 1208 5019 epist.
1225 4947 1482 5012 Adriani,
1503 4964 1540 5002 a
1553 4949 1739 5019 caliga
1750 4945 2016 5019 militari]

419 5043 607 5092 contra
633 5043 940 5092 sanctorum
969 5052 1238 5091 canonum
1269 5049 1558 5090 censuram
1602 5033 1781 5091 factus
1802 5042 1885 5090 est
1913 5050 2018 5106 pa-

491 5189 515 5217 ιι
558 5171 693 5222 Hanc
741 5171 1000 5234 epistolam
1060 5171 1188 5222 sicut
1246 5173 1452 5221 caeteras
1519 5170 1756 5220 recitatae
1823 5181 2021 5233 passam

423 5250 532 5288 esse
590 5237 904 5300 perditissimi
975 5237 1188 5288 hominis
1255 5237 1418 5288 Photii
1470 5236 1810 5299 imposturam,
1885 5239 2024 5301 patet

423 5316 485 5354 ex
527 5304 688 5356 verbis
739 5304 885 5354 istis:
922 5303 1256 5356 Venerabilem
1300 5304 1506 5364 fratrem
1571 5301 1802 5354 Photiam
1861 5317 2026 5354 coram

422 5372 606 5433 synodo
626 5371 1010 5422 misericordiam
1048 5371 1331 5432 quaerendo,
1379 5373 1432 5420 et
1479 5369 1882 5431 partriarchatus
1942 5371 2028 5421 ho-

427 5450 546 5488 nore
633 5437 795 5500 nmgi.
883 5438 1000 5499 Quae
1090 5437 1436 5500 professionem
1530 5436 1820 5487 humilitatis
1910 5435 2028 5486 insi-

429 5503 629 5556 nuantia
671 5504 913 5567 superbus
959 5510 1012 5555 et
1051 5504 1287 5568 profanus
1326 5503 1472 5554 homo
1517 5502 1661 5565 plane
1723 5502 1930 5564 abrasit,
1979 5505 2030 5553 et

428 5569 536 5622 loco
610 5570 835 5634 istorum,
897 5573 954 5621 ut
1017 5570 1064 5622 in
1129 5570 1322 5622 caeteris
1385 5569 1590 5631 fecerat,
1660 5569 1756 5620 ista
1823 5568 2025 5632 posuit:

2111 4609 2173 4649 ac
2192 4593 2557 4666 postulatione
2587 4591 2906 4664 episcopum
2937 4590 3222 4646 Photinum
3267 4589 3537 4644 habetote.
3573 4587 3712 4644 Lici-

2111 4691 2226 4738 tum
2255 4690 2336 4738 est
2365 4682 2438 4737 ita
2467 4681 2801 4737 constituere
2830 4688 2886 4748 ut
2913 4677 3281 4750 deprecamini
3313 4696 3332 4756 ξ
3359 4685 3412 4736 et
3469 4683 3715 4732 nostram

2115 4772 2169 4826 in
2197 4771 2392 4826 melius
2410 4786 2730 4826 conversam
2752 4767 3097 4826 sententiam.
3130 4765 3320 4821 labore
3349 4764 3437 4820 vel
3465 4763 3716 4821 testimo-

2116 4861 2206 4915 nio
2235 4867 2436 4925 vestro,
2470 4866 2749 4930 compotes
2777 4856 2888 4912 voti
2937 4855 3212 4925 suscipite.
3263 4852 3536 4909 Sollicitos
3571 4852 3720 4908 enim

2117 4964 2216 5004 vos
2244 4964 2344 5020 pro
2363 4947 2533 5003 salute
2549 4946 2782 5002 libenter
2801 4945 3023 5000 admitto
3055 4961 3070 5008 ;
3098 4943 3185 4998 cui
3219 4957 3438 4996 manum
3484 4940 3721 5013 porrigi-

2119 5037 2208 5105 tis,
2229 5036 2512 5094 vobiscum
2539 5033 2762 5107 porrigo
2777 5053 2790 5101 ;
2807 5032 2895 5088 cui
2909 5031 3156 5103 porrigo,
3186 5045 3401 5086 mecum
3425 5029 3716 5103 porrigite.

2121 5181 2348 5244 Photius,
2415 5179 2702 5241 patriarcha
2763 5175 3125 5244 sanctissimus
3203 5179 3254 5225 et
3318 5173 3722 5244 religiosisqu

2121 5249 2281 5310 frater
2338 5237 2525 5306 hoster,
2569 5257 2690 5313 pan
2741 5243 3032 5306 dedignetur
3088 5243 3164 5313 Ain
3220 5245 3481 5313 conspectu
3550 5237 3723 5313 synodi

2121 5307 2334 5376 pretium
2377 5317 2428 5363 et
2469 5311 2687 5362 studium
2722 5315 2964 5370 nostrum,
3014 5309 3135 5370 quin
3182 5307 3350 5376 potius
3395 5307 3616 5376 viscera_
3636 5307 3724 5376 mi:

2125 5367 2409 5434 seriem-diae
2455 5379 2778 5428 Romanorum
2823 5367 3062 5428 Ecclesiae
3123 5367 3414 5436 pradicare,
3485 5371 3616 5434 quod
3661 5367 3724 5416 ab

2125 5461 2184 5499 ea
2206 5447 2272 5498 sit
2293 5448 2540 5506 receptus.
2561 5443 2687 5494 Ssx.
2712 5444 2822 5494 Bm.

2196 5556 2223 5594 ιι
2252 5545 2450 5611 Aliquid
2463 5543 2618 5596 deest.
