4160 6324
575 249 674 298 867

1835 257 2130 314 JOANNIS
2191 263 2382 318 PAP.‘E
2449 267 2582 320 VIII.

3761 286 3866 338 868

579 370 701 424 Hac
731 368 874 424 enim
904 379 986 424 est
1007 372 1078 424 ad
1108 373 1419 428 Corinthios
1448 377 1740 446 apostolica
1771 380 2046 435 declarata
2066 383 2166 437 be-
2199 386 2250 444 A
2271 388 2480 476 pseudo
2500 397 2692 476 octava
2710 393 2974 476 Ph‘otiana
2989 398 3200 466 synodo
3213 399 3684 476 Constantinopoli
3714 415 3876 476 gesta

572 455 827 528 nignitas,
860 457 988 511 utin
1017 474 1127 514 uno
1161 460 1353 530 spiritu
1384 461 1599 518 ductam
1631 481 1695 520 ac
1743 467 2018 523 reductam
2050 487 2167 524 sen-

574 543 792 599 tentiam
817 545 942 600 boni
991 563 1212 618 semper
1255 548 1624 606 indiﬂ‘erenter
1669 565 1984 624 sequantur.
2033 559 2168 613 Data

571 648 760 687 mense
788 636 1056 706 Augusto,
1081 635 1373 698 indictione
1403 639 1744 695 duodecima.

641 722 803 775 Missa
824 738 928 793 per
957 725 1193 778 Petrum
1219 726 1626 798 presbyterum.

1185 859 1202 875 ι
1224 831 1496 886 CCXLVI.

839 913 911 952 AD
941 914 1158 954 PAULUH
1187 917 1257 1026 EX
1277 917 1564 1042 ευρὲκιυῖι
1579 919 1894 960 EPISCOPOS.

1187 973 1206 1041 (
1263 989 1368 1027 nno
1426 976 1513 1027 79.

1187 973 1368 1041 (Anno
1391 976 1513 1027 879.

574 1058 1000 1138 Corratituiteos
1024 1076 1138 1114 una
1152 1077 1281 1115 cum
1306 1063 1472 1138 _Petro
1485 1063 1802 1138 presbytero
1823 1067 2050 1138 legatos.
2077 1072 2164 1136 ut,

641 1129 790 1204 sicut
830 1130 981 1204 illos,
1014 1135 1332 1204 monuerat,
1381 1129 1578 1204 pacem
1612 1129 1674 1189 ἰὴ
1709 1129 1958 1193 Ecclesia
1997 1129 2165 1194 Cons;

643 1201 1122 1271 tantinopolitana
1142 1201 1468 1271 conﬁciimt.

640 1287 1132 1342 Reverendissimis
1171 1289 1352 1344 PAULO
1399 1293 1738 1350 Anconitano
1797 1297 2162 1360 Eucamooua

569 1375 808 1431 Ostiensi
839 1375 1128 1448 episcopis.

636 1463 897 1533 Quamvis
926 1473 1110 1520 contra
1141 1475 1383 1522 nostram
1415 1469 1636 1542 egeritis
1695 1473 2049 1541 voluntatem,
2109 1485 2164 1531 et

569 1553 1091 1624 Constantinopolim
1112 1554 1412 1620 venientes,
1445 1556 1698 1629 inquisita
1744 1576 1908 1616 causa
1961 1563 2160 1620 Eccle-

567 1641 661 1696 sia
679 1641 832 1711 pacis
857 1650 911 1697 et
940 1641 1178 1706 unitatis,
1215 1643 1444 1698 Romam
1464 1647 1670 1701 reverti
1697 1649 1965 1722 nobisque
1981 1652 2162 1706 omnia

567 1730 666 1783 sub
705 1737 852 1785 certa
882 1730 1144 1786 relatione
1173 1731 1456 1786 debebatis
1485 1733 1711 1790 referre.
1752 1737 1830 1816 Et
1863 1739 1991 1810 quia
2045 1741 2164 1810 pri-
2193 1737 2247 1798 B

564 1833 708 1873 mam
737 1818 1067 1890 legationem
1117 1819 1272 1874 vobis
1303 1822 1595 1876 comissam
1637 1823 1834 1880 idonee
1889 1843 1999 1882 non
2045 1845 2160 1899 per-

567 1907 1084 1978 egistis,secundam
1116 1907 1270 1962 vobis
1300 1907 1425 1964 ideo
1437 1911 1778 1968 committere
1802 1915 2164 1971 nondebeba-

562 2011 684 2049 mus
717 2013 731 2061 ;
763 2003 942 2050 tamen
1015 1995 1328 2066 apostolicae
1392 1999 1756 2055 miserationis
1829 2003 2161 2076 benignitate

561 2090 794 2148 utentes,
819 2083 944 2138 etin
975 2083 1075 2138 hac
1105 2084 1344 2139 secunda
1392 2085 1666 2159 legatione
1723 2087 1957 2146 ﬁdeliter
1995 2091 2162 2162 perﬁ-

562 2169 754 2224 cienda
779 2186 876 2225 vos
903 2171 1026 2227 huic
1069 2172 1226 2226 Petro
1265 2173 1524 2245 religioso
1558 2177 1880 2247 presbytero
1922 2181 2160 2236 cardinis

560 2258 751 2326 nostri,
813 2257 1170 2331 familiarique
1210 2267 1399 2315 nostro
1455 2263 1744 2332 sociamus,
1779 2274 2042 2336 quatenus
2091 2284 2159 2324 ea

557 2363 678 2418 qua
706 2361 808 2417 pro
837 2363 970 2416 pace
1001 2355 1054 2401 et
1075 2347 1278 2403 unitate
1312 2349 1574 2406 Ecclesia
1604 2352 1702 2406 Dei
1739 2355 1954 2426 agenda
2011 2365 2153 2426 sunt,

560 2435 858 2490 secundum
892 2435 1222 2506 apostolicos
1256 2445 1457 2494 nostra
1485 2441 1819 2496 auctoritatis
1865 2445 2072 2514 apices,
2103 2453 2158 2501 et

559 2523 858 2578 secundum
887 2532 910 2557 δ
941 2525 1342 2580 commonitorii
1369 2527 1541 2581 nostri
1589 2536 1834 2585 tenorem
1884 2533 2153 2602 capitula-

554 2611 650 2665 tim
666 2611 1018 2683 descriptum,
1052 2613 1237 2684 sagaci
1272 2613 1428 2670 valde
1457 2615 1646 2671 intuitu
1679 2617 1840 2674 simul
1887 2621 2060 2692 agatis
2103 2631 2156 2678 et

554 2699 628 2754 ita
657 2698 922 2755 deﬁniatis
964 2709 1021 2756 ut
1067 2702 1295 2774 gratiam
1339 2712 1602 2771 nostram,
1647 2721 1809 2778 quam
1856 2710 2010 2779 prius
2064 2711 2153 2766 in-

553 2787 870 2843 obedienter
888 2789 1101 2860 agendo
1131 2791 1514 2861 exasperastis,
1547 2809 1692 2849 nunc
1721 2793 1950 2851 ﬁdeliori
1986 2799 2154 2855 devo-

557 2875 702 2932 tione
761 2876 1056 2947 Operando,
1089 2877 1412 2948 placabilem
1453 2881 1656 2936 habere
1715 2883 1954 2952 possitis.
2014 2888 2151 2942 Data

557 2979 745 3019 mense
776 2967 1043 3038 Augusto,
1065 2965 1358 3022 indictione
1378 2967 1721 3025 duodecima.

1214 3072 1515 3128 CCXLVII.

548 3173 620 3212 AD
680 3173 898 3214 PAULUH
928 3175 998 3214 ET
1034 3175 1321 3216 EUGENIUM
1376 3176 1692 3231 EPISCOPOS,
1725 3164 2018 3223 ’διωιιιτειι
2074 3185 2148 3226 AD

1011 3245 1230 3286 PETRUM
1260 3247 1680 3290 PRESBYTERUM.

1171 3303 1352 3371 (Anno
1376 3305 1526 3365 879.)

707 3387 884 3442 Mansi
904 3389 1189 3444 monitum
1215 3389 1278 3444 in
1306 3395 1632 3462 sequentem
1661 3396 1980 3465 epistolam.

611 3475 884 3553 Romana_
899 3476 1514 3553 synodus,_auctoritate
1549 3479 1772 3553 Joannis
1807 3498 1964 3553 papa
2002 3501 2139 3542 con-

581 3553 790 3626 ragata,
849 3545 1675 3626 I’etrumaliosque-adjunctos
1706 3551 1755 3606 ei
1803 3545 2015 3626 legatos
2077 3573 2139 3613 ea

581 3561 790 3614 ragata,
850 3561 1065 3600 retrum
1109 3561 1352 3618 aliosque
1391 3561 1675 3618 adjunctos
1706 3561 1755 3606 ei
1803 3561 2015 3626 legatos
2077 3573 2139 3613 ea

541 3561 792 3694 facultate
845 3615 1100 3694 duntaxat
1155 3617 1408 3694 instruitit
1449 3627 1624 3694 atque
1659 3626 2030 3694 communivit,
2080 3636 2139 3684 ut

542 3684 786 3738 Photium
815 3699 848 3738 a
876 3686 1126 3740 censuris
1155 3684 1552 3744 ecclesiasticis
1567 3691 1914 3748 absolverent
1947 3705 2000 3750 et
2017 3684 2136 3753 sedi

539 3753 1147 3824 Constantinopolitanae
1177 3757 1525 3813 restituerent
1559 3777 1572 3813 ε
1606 3776 1715 3814 non
1763 3764 1830 3817 ad
1871 3781 2054 3820 veram
2083 3775 2134 3823 et

576 3839 856 3904 armanam
887 3826 1154 3904 synodum
1173 3835 1438 3894 octavam,
1473 3829 1573 3904 sub
1608 3831 1849 3904 Adriano
1877 3838 2134 3904 pontiﬁce

576 3841 856 3879 ermanam
887 3841 1154 3894 synoaum
1173 3841 1438 3894 octavam,
1473 3841 1573 3883 sub
1608 3841 1849 3888 Adriano
1877 3841 2130 3904 pontiﬁce

534 3841 795 3956 ﬁabitam,
830 3895 1230 3974 reprobandam
1265 3913 1278 3950 :
1309 3906 1364 3974 et
1391 3899 1718 3974 particulam
1749 3903 1923 3974 illam,
1956 3908 2130 3964 Filio-

534 3980 658 4043 que,
681 3979 712 4018 e
733 3965 980 4043 symbolo
1009 3965 1562 4043 penitus__tollendam,
1597 3971 1766 4026 multa
1814 3965 2128 4034 auctoritate

536 4033 920 4116 iidem-muniti
950 4033 1184 4116 fuerant.
1213 4039 1342 4095 Hac
1372 4055 1495 4094 cum
1528 4033 1745 4116 pateant
1782 4060 1853 4116 ex
1901 4033 2128 4116 epistola

528 4103 1954 4187 Joannis_athasiliumimperatorem'scripta(epist:
1974 4103 2122 4187 243),

571 4190 729 4248 uase
757 4175 812 4248 in
841 4176 1028 4248 Photio
1051 4179 1166 4234 sedi
1199 4175 1311 4235 sua
1361 4175 1718 4248 restituendo,
1769 4175 1878 4240 non
1907 4175 2124 4244 concilii

571 4191 640 4228 ua
669 4191 729 4229 se
757 4192 812 4229 in
841 4191 1028 4232 rnouo
1051 4191 1166 4234 sedi
1199 4195 1311 4235 sua
1361 4191 1718 4248 restituendo,
1769 4201 1878 4240 non
1907 4191 2121 4244 concilii

528 4191 882 4328 aissipatione
911 4247 1004 4328 vel
1023 4249 1401 4328 abrogatione,
1437 4253 1535 4306 sed
1585 4260 1790 4328 tantum
1829 4257 2121 4328 dispensa-

527 4313 680 4399 tione
695 4313 1419 4399 utins-iglniﬁcatAisecundo
1450 4339 1515 4399 εις
1547 4323 1790 4399 epistolis
1816 4313 2120 4399 250'(nurtc

525 4387 668 4464 297)_
685 4393 738 4440 et
764 4387 861 4440 251
886 4387 1076 4467 (nunc
1096 4391 1243 4457 296),
1267 4391 1469 4467 quibus
1500 4387 1701 4467 indicat
1723 4411 1782 4467 se
1814 4387 2115 4467 reprobare

2269 456 2538 524 dicuntur,
2565 460 2831 536 falsitatis
2853 473 2906 520 et
2959 456 3276 536 irripostura
3330 456 3875 530 manifesta—rga;

2265 537 2530 614 guan‘t'ur:
2553 532 3247 614 commonitorium—autem
3295 540 3488 614 Graece
3519 544 3784 614 scriptum
3821 555 3876 602 et

2269 613 2298 650 a
2329 601 2490 655 Metio
2509 603 2693 658 Latine
2724 605 3011 668 redditum.
3046 609 3124 664 sic
3154 626 3214 664 se
3234 611 3396 666 habet
3429 631 3441 666 :

2335 725 2590 781 JOANNEs
2607 727 2916 800 episcopus,
2933 748 3125 787 servus
3153 749 3436 790 servorum
3461 738 3558 792 Dei
3583 759 3598 804 ;
3619 755 3872 796 commo-

2269 812 2525 868 nitorium
2554 814 2812 872 fratribus
2832 819 3016 875 PAULO
3037 829 3091 876 et
3109 823 3366 878 EUGENIO
3399 826 3689 898 episc0pis.
3727 829 3876 884 simi-

2267 901 2389 957 liter
2418 911 2470 958 et
2488 904 2674 959 PETBO
2695 907 3019 980 presbytero
3047 911 3324 981 cardinali,
3359 915 3561 969 nostris
3605 915 3870 972 Constan-

2267 989 2491 1061 tinopoli
2521 993 2738 1066 legatis.

2337 1080 2470 1134 Cum
2501 1081 2756 1150 primum,
2789 1083 2968 1140 divina
2990 1085 3200 1142 favente
3231 1089 3411 1162 gratia
3434 1100 3486 1146 et
3517 1093 3870 1149 intercessio-

2265 1166 2422 1222 nibus
2453 1177 2785 1237 sanctorum,
2819 1173 3212 1244 apostolorum,
3247 1177 3772 1251 Constantinopolim
3785 1182 3871 1237 in-

2263 1256 2442 1326 gressi
2465 1255 2694 1324 fueritis,
2730 1259 2858 1316 illuc
2888 1261 3139 1318 divertite
3171 1281 3279 1335 quo
3296 1267 3578 1338 pracipiet
3633 1268 3867 1340 impera-

2264 1353 2350 1400 tor
2380 1363 2395 1411 ;
2426 1352 2478 1400 et
2495 1353 2786 1418 antequam
2863 1348 3250 1420 imperatorem
3300 1353 3667 1423 visitaveritis,
3729 1359 3865 1412 nulli

2261 1433 2352 1488 alii
2380 1435 2704 1505 apostolicas
2725 1437 2926 1492 litteras
2975 1439 3187 1496 tradere
3244 1441 3440 1497 velitis.
3506 1444 3638 1499 Cum
3677 1461 3862 1502 coram

2260 1521 2590 1592 imperatore
2621 1523 2849 1594 fueritis,
2881 1526 3096 1583 litteras
3152 1529 3227 1583 illi
3275 1531 3504 1586 tradetis
3554 1534 3858 1603 hujusmodi

2261 1610 2446 1665 verbis
2475 1611 2629 1666 illum
2675 1613 3019 1686 alloquentes
3051 1630 3082 1670 :'
3099 1617 3310 1673 Salutat
3345 1629 3584 1676 vestrum
3633 1639 3696 1676 ex
3744 1624 3856 1679 Deo

2263 1714 2491 1770 regnum
2519 1701 2776 1771 spiritalis
2796 1712 2980 1760 vester
3007 1713 3165 1776 pater
3184 1706 3436 1762 dominus
3464 1709 3700 1764 Joannes
3725 1726 3857 1782 apo-

2264 1786 2486 1842 stolicus
2506 1805 2668 1860 papa,
2701 1799 2844 1846 tuam
2875 1808 2941 1847 ex
2962 1793 3076 1848 Deo
3105 1795 3403 1864 potentiam
3431 1796 3544 1852 suis
3596 1799 3854 1854 orationi-

2261 1875 2363 1928 bus
2384 1875 2616 1948 singulis
2645 1877 2839 1934 diebus
2867 1889 3055 1936 sancto
3089 1883 3202 1938 Deo
3232 1885 3643 1952 commendans,
3681 1896 3734 1941 ut
3762 1887 3853 1944 ille

2261 1962 2354 2034 qui
2372 1964 2527 2020 vobis
2543 1965 2692 2021 dedit
2713 1967 2817 2038 hoc
2845 1968 3174 2025 desiderium
3196 1981 3419 2043 propter
3444 1975 3854 2030 ecclesiasiasti-

2260 2065 2377 2107 cam
2409 2069 2618 2124 pacem,
2635 2055 2831 2111 tribuat
2843 2057 2998 2112 vobis
3027 2059 3260 2131 gratiam
3283 2070 3520 2128 suam,et
3547 2064 3858 2121 consoletur

2259 2155 2356 2195 vos
2385 2157 2483 2196 sua
2514 2141 2656 2198 felici
2687 2145 3038 2214 protectione,
3075 2155 3128 2202 et
3171 2147 3416 2219 perﬁciat
3443 2151 3498 2205 in
3527 2151 3684 2207 bonis
3713 2154 3856 2209 desi-

2257 2227 2408 2282 deria
2439 2239 2638 2286 vestra.
2673 2233 2730 2288 Si
2758 2235 3032 2306 rogaverit
3060 2235 3372 2307 imperator,
3425 2247 3710 2311 antequam
3763 2241 3854 2296 lit-

2257 2323 2404 2371 teras
2430 2317 2578 2392 legat
2595 2320 2710 2376 sive
2727 2322 2961 2394 capitula
2991 2325 3365 2395 responsionis
3395 2338 3616 2394 nostra,
3659 2329 3851 2398 hujus-

2255 2406 2403 2461 modi
2463 2407 2647 2462 verbis
2703 2409 2811 2464 illis
2862 2413 3224 2482 respondete:
3251 2414 3307 2469 Si
3357 2416 3510 2484 jubet
3567 2417 3852 2488 imperium

2253 2502 2515 2564 vestrum,
2539 2496 2722 2552 videat
2751 2498 3025 2569 epistolas.
3058 2502 3124 2556 Et
3153 2501 3198 2556 si
3227 2501 3425 2558 dixerit
3457 2521 3470 2558 :
3505 2503 3648 2572 Quid
3680 2507 3852 2562 conti-

2255 2589 2385 2635 nent
2414 2583 2657 2653 epistola
2678 2585 2707 2640 δῖ
2729 2585 2806 2639 illi
2847 2589 3174 2658 respondete
3207 2607 3220 2643 :
3256 2589 3619 2646 Salutationes
3675 2595 3848 2649 conti-

2253 2677 2382 2724 nent
2409 2679 2464 2725 et
2491 2672 2714 2728 omnino
2743 2682 2888 2730 recte
2917 2673 3220 2745 perﬁciunt.
3269 2679 3535 2734 Postridie
3563 2680 3847 2736 salutaturi

2253 2755 2499 2813 Photium
2553 2761 2956 2818 sanctissimum
3003 2765 3270 2832 accedite,
3311 2775 3364 2821 et
3420 2767 3706 2838 epistolam
3771 2770 3850 2825 illi

2251 2846 2464 2912 tradite,
2524 2849 2820 2906 salutantes
2867 2851 3017 2907 illum
3071 2853 3330 2909 decenter
3377 2855 3574 2910 talibus
3631 2857 3845 2912 verbis:

2253 2933 2455 2988 Salutat
2479 2943 2552 3002 te,
2583 2937 2833 2992 dominus
2854 2947 3042 2995 noster
3069 2941 3304 2996 Joannes
3323 2943 3654 3013 apostolicus
3681 2960 3844 3016 papa,

2247 3029 2300 3076 et
2329 3021 2442 3076 vult
2491 3024 2694 3081 habere
2751 3035 2803 3082 te
2834 3027 3054 3084 fratrem
3110 3037 3163 3085 et
3191 3030 3638 3096 comministrum,
3708 3033 3848 3089 sicut

2187 3107 2236 3171 C
2258 3111 2469 3182 scripsit
2512 3112 2826 3184 imperator,
2851 3125 2908 3170 ut
2944 3125 3164 3188 propter
3190 3135 3378 3188 pacem
3408 3120 3666 3176 Ecclesia
3702 3122 3846 3177 reci-

2246 3215 2505 3269 peremus
2533 3203 2937 3259 sanctissimum
2964 3206 3326 3276 patriarcliam
3351 3207 3595 3263 Photium
3619 3207 3841 3264 fratrem

2243 3295 2297 3341 et
2323 3289 2754 3346 comministrum
2786 3300 3052 3360 nostrum,
3077 3295 3458 3350 exaudiremus
3507 3313 3700 3367 preces
3739 3315 3837 3353 ve-

2241 3384 2401 3444 stras,
2435 3386 2487 3432 et
2516 3381 2938 3451 praciperemus
2993 3391 3052 3437 ut
3077 3399 3260 3438 coram
3316 3384 3474 3440 nobis
3524 3385 3703 3440 veniat
3765 3387 3834 3441 ad

2241 3467 2509 3536 synodum
2542 3477 2633 3522 :et
2652 3477 2710 3523 ut
2737 3470 2964 3542 recipiat
3009 3471 3184 3542 ipsum
3234 3473 3484 3527 universa
3539 3474 3833 3530 Ecclesia:

2233 3551 2386 3620 juxta
2441 3563 2684 3612 tenorem
2759 3557 3054 3614 litterarum
3110 3569 3433 3626 nostrarum,
3478 3561 3626 3616 illum
3690 3563 3830 3618 reci-

2235 3642 2346 3711 pite
2399 3651 2456 3698 ut
2502 3646 2931 3702 comministrum
2959 3657 3220 3714 nostrum,
3253 3658 3412 3721 atque
3457 3659 3512 3704 ut
3566 3651 3824 3708 Ecclesia

2235 3728 2738 3805 Romanagratiam
2755 3735 2970 3801 habeat,
3013 3745 3322 3809 surgentes,
3338 3737 3416 3792 illi
3433 3737 3596 3794 dicite
3630 3756 3643 3794 :
3678 3741 3826 3795 Man-

2232 3818 2326 3872 dat
2356 3819 2608 3876 dominus
2639 3830 2822 3879 noster
2848 3824 3218 3882 sanctissimus
3245 3842 3390 3896 papa
3419 3835 3475 3882 ut
3518 3843 3708 3884 omnes
3736 3829 3820 3902 qui

2231 3905 2284 3960 in
2333 3907 2561 3964 diversis
2593 3909 2728 3967 locis
2777 3919 2922 3967 extra
2979 3914 3239 3970 terminos
3308 3915 3647 3981 exstiterunt,
3719 3917 3827 3972 sive

2229 3994 2493 4067 episcopi,
2527 3997 2642 4053 sive
2671 4000 2996 4072 presbyteri,
3031 4001 3146 4057 sive
3176 4003 3370 4074 quivis,
3409 4003 3496 4058 alii
3527 4003 3740 4070 fuerint,
3773 4014 3822 4060 et

2228 4092 2502 4149 noluerint
2527 4095 2794 4168 hujusque
2825 4099 2980 4154 vobis
2999 4101 3420 4168 communicare,
3453 4111 3636 4158 vestro
3665 4119 3825 4174 opere

2225 4189 2278 4235 et
2307 4181 2491 4238 labore
2511 4184 2766 4240 uniantur
2805 4186 3066 4243 Ecclesia
3095 4188 3214 4256 Dei,
3248 4197 3304 4244 et
3349 4187 3501 4261 ﬁant.
3525 4207 3688 4246 unum
3735 4207 3826 4248 vo-

2222 4268 2452 4325 biscum.
2499 4269 2605 4340 Qui
2635 4273 2682 4327 si
2712 4275 2980 4341 venerint,
3004 4276 3226 4346 recipite
3249 4276 3392 4343 illos,
3419 4285 3476 4332 ut
3493 4288 3650 4348 pater
3679 4279 3819 4334 reci-

2221 4355 2297 4426 pit
2326 4355 2487 4425 ﬁlios,
2521 4375 2724 4431 eosque
2744 4363 2984 4418 monebit
3031 4365 3248 4435 sapius,
3300 4373 3356 4420 ut
3381 4375 3602 4436 propter
3629 4382 3819 4437 pacem

523 4445 704 4508 omdia
735 4471 857 4525 qua,
906 4445 1106 4525 praeter
1153 4445 1546 4516 Γέέιίίυιίοηθω
1570 4445 1928 4521 ⁷⁷ρῇδίξίθᾶξ⁷
1947 4445 2115 4524 ’8ἶῶιῖ
2143 4459 2196 4519 D
2219 4445 2318 4500 Dei
2347 4445 2611 4504 Ecclesia
2640 4449 2786 4504 idem
2814 4451 3049 4506 sentiant
3071 4468 3192 4507 cum
3224 4453 3544 4523 apostolico,
3578 4463 3636 4508 ιιι
3653 4455 3818 4510 unius

524 4524 708 4610 Tertio
737 4524 803 4580 ex
850 4524 976 4606 ipSo
1005 4531 1424 4610 commonitorio
1459 4547 1566 4610 per
1588 4533 1835 4589 Photium
1867 4549 2120 4610 corrupto

521 4602 574 4648 et
603 4593 814 4661 falsato,
847 4593 903 4649 in
923 4613 1029 4667 quo
1058 4599 1301 4676 episcopi
1341 4593 1743 4676 subscribentes
1799 4593 2120 4676 proﬁtentur

523 4679 712 4739 omnes
743 4681 803 4720 se
817 4669 1250 4739 commonitorio
1279 4686 1381 4739 pro
1414 4671 1585 4726 Photii
1615 4669 1952 4732 restitutione
1983 4681 2116 4734 sub-

523 4735 784 4820 scribam;
816 4737 932 4820 Nos
981 4754 1121 4820 vero
1139 4735 1470 4820 ἥξει-ηιξ.ῃο
1518 4745 1936 4820 οοιιιιιιοιιίιοι-ἰο
1963 4752 2116 4820 cujus

519 4806 644 4870 203,
677 4807 992 4884 250.(nu_ne
1019 4813 1146 4884 296,
1179 4806 1306 4884 237)
1336 4810 1567 4884 aliisque
1601 4814 1848 4884 pluribus
1890 4806 2114 4878 Joan'nis

519 4889 679 4953 papa
708 4877 966 4953 epistolis
985 4880 1186 4953 mentio
1216 4877 1294 4948 ﬁt,
1354 4877 1618 4948 destitui;
1643 4877 2113 4948 commonitorium

520 4943 650 5032 illud
682 4943 826 5032 quod
855 4948 1046 5032 Pqthio
1076 4943 1412 5032 corruptum,
1444 4963 1493 5008 et
1516 4943 1875 5032 in;P_hotiana
1898 4943 2111 5032 pseudo

513 5023 716 5069 octava
761 5017 956 5091 synodi
1028 5017 1299 5077 actione—3
1331 5017 1530 5078 lectum
1578 5026 1695 5091 fuit,
1762 5017 2108 5090 inserendum

511 5099 656 5168 esse”
682 5087 986 5168 putavimus
1019 5107 1032 5154 ;
1067 5098 1178 5145 tum
1217 5101 1273 5147 ut
1316 5093 1442 5149 inde
1502 5104 1619 5168 acta
1678 5087 1836 5168 hujus
1893 5087 2109 5160 concilii

519 5152 926 5224 conﬁrmentur;
954 5152 1066 5214 tum
1096 5170 1153 5216 ut
1183 5180 1303 5235 qua
1331 5166 1648 5223 auctoritate
1689 5152 2110 5242 iéééiom'ii'iii

451 5322 456 5326 .
575 5292 602 5358 ξι
651 5281 1008 5364 commori-trarii
1058 5290 1279 5364 “nostri.
1343 5281 1837 5364 “Commonitorium
1925 5299 2102 5364 ipsum,

507 5347 654 5422 cujus
680 5349 770 5422 _hic
842 5350 897 5401 ﬁt
941 5355 1144 5422 mentio,
1194 5358 1437 5419 reperitur
1484 5361 1766 5422 recitatum,
1799 5365 1882 5414 sed
1927 5347 2106 5418 ἶίἶιῖὀῖ

505 5413 584 5497 ῑίοΔ
631 5415 875 5497 falsatum,
1063 5413 1266 5497 actione
1309 5425 1522 5497 secunda
1591 5413 1765 5497 synodi
1808 5413 2100 5497 lithotian—a,

507 5485 707 5552 octava
734 5485 1030 5552 mendaciter
1128 5488 1287 5539 dicta.
1355 5491 1489 5552 Quod
1537 5485 1629 5544 etsi
1666 5508 1762 5546 non
1827 5485 2105 5552 inveniatur

506 5545 647 5626 inter,
689 5549 864 5626 Latine
911 5553 1122 5626 scriptas
1163 5545 1411 5626 epistolas,
1457 5558 1612 5626 ipsius
1671 5545 2102 5626 tramisit";

504 5615 806 5676 :iutographo
889 5619 1038 5679 possit
1084 5615 1219 5682 argui
1286 5615 1535 5686 falsitatis,
1603 5631 1763 5677 tamen
1835 5615 1896 5678 ei
1938 5615 2100 5682 multis

2220 4533 2328 4588 sint
2353 4549 2477 4589 cum
2507 4535 2629 4606 ipso
2645 4537 2940 4594 voluntatis
2975 4557 2989 4593 :
3039 4540 3365 4610 recipientes
3396 4542 3648 4598 videlicet
3678 4543 3818 4597 Pho-

2217 4621 2348 4676 tium
2379 4624 2777 4680 sanctissimum
2805 4627 3161 4697 patriarcham
3180 4637 3233 4684 et
3262 4645 3388 4684 cum
3411 4630 3504 4686 illo
3535 4647 3638 4685 una
3667 4647 3812 4686 cum-

2216 4710 2570 4768 municantes.
2619 4713 2676 4769 Si
2721 4723 2902 4770 autem
2977 4717 3222 4772 venerint
3285 4718 3594 4790 quicunque
3655 4727 3812 4775 antea

2213 4796 2428 4854 fuerant
2443 4801 2967 4875 ordinati,recipiant
2987 4806 3146 4861 sedes
3169 4822 3320 4872 suas;
3347 4807 3436 4878 qui
3463 4823 3594 4864 vero
3624 4809 3816 4864 deinde

2213 4885 2424 4943 fuerant
2452 4889 2705 4958 ordinati,
2736 4893 3004 4964 accipiant
3031 4893 3100 4948 ab
3129 4895 3401 4966 episcOpis
3444 4897 3578 4967 ipsis
3615 4897 3810 4953 victum

2212 4983 2266 5030 et
2294 4977 2548 5033 vestitum
2577 4982 2964 5038 necessarium.

2281 5103 2306 5139 b
2337 5092 2760 5152 Prasidentibus
2781 5097 2931 5152 vobis
2961 5098 3017 5152 in
3035 5100 3244 5172 synodo
3261 5116 3365 5155 una
3395 5117 3518 5156 cum
3549 5102 3805 5172 pradicto

2209 5179 2549 5238 sanctissimo
2577 5185 2887 5255 patriarcha
2925 5196 2978 5244 et
3005 5187 3198 5260 legatis
3245 5189 3637 5255 Orientalibus,
3695 5205 3800 5245 una

2205 5309 2314 5385 aliis
2359 5312 2590 5385 idipsum
2634 5319 2860 5381 consequi
2933 5321 3075 5371 facile
3132 5333 3404 5384 possumus,
3452 5327 3505 5373 ut
3549 5329 3680 5385 patet
3743 5335 3801 5373 ex

2205 5377 2331 5427 notis
2355 5382 2545 5432 concilii
2563 5383 2768 5435 Romani
2792 5377 2882 5437 sub
2899 5387 3083 5437 Joanne
3108 5377 3233 5438 vlli.
3255 5390 3376 5440 Sev.
3393 5377 3510 5440 'Bm.

2273 5453 2410 5538 {Hic
2448 5467 2646 5530 dempta
2715 5469 2874 5538 aliqua
2919 5471 3141 5535 superius
3221 5477 3386 5524 notata
3464 5474 3524 5524 de
3591 5476 3802 5538 petendo

2203 5529 2390 5602 veniam
2446 5529 2611 5602 coram
2643 5537 2838 5602 synodo
2898 5529 3072 5588 Photio
3131 5538 3379 5602 imposita,
3447 5529 3610 5594 addita
3684 5553 3800 5590 vero

2204 5597 2294 5646 alia
2337 5610 2351 5659 ;
2379 5611 2438 5647 ex
2465 5601 2682 5650 recitatis
2705 5602 2880 5652 litteris
2903 5603 3178 5666 intelligere
3194 5597 3351 5667 potes.
