  <div class='ocr_page' id='page_1' title='image "/cluster/home/n/w/nwhite01/storage/ocr_20150623/126/umn.31951002477419r/500.png"; bbox 0 0 4160 6310; ppageno 0'>
   <div class='ocr_carea' id='block_1_1' title="bbox 383 273 484 322">
    <p class='ocr_par' dir='ltr' id='par_1_1' title="bbox 383 273 484 322">
     <span class='ocr_line' id='line_1_1' title="bbox 383 273 484 322; baseline 0 -1"><span class='ocrx_word' id='word_1_1' title='bbox 383 273 484 322; x_wconf 82' lang='grc'>869</span> 
     </span>
    </p>
   </div>
   <div class='ocr_carea' id='block_1_2' title="bbox 1591 266 2474 326">
    <p class='ocr_par' dir='ltr' id='par_1_2' title="bbox 1591 266 2474 326">
     <span class='ocr_line' id='line_1_2' title="bbox 1591 266 2474 326; baseline 0.003 -2"><span class='ocrx_word' id='word_1_2' title='bbox 1591 267 1946 324; x_wconf 74' lang='lat' dir='ltr'>EPISTULE</span> <span class='ocrx_word' id='word_1_3' title='bbox 1986 266 2073 320; x_wconf 81' lang='lat' dir='ltr'>ET</span> <span class='ocrx_word' id='word_1_4' title='bbox 2133 269 2474 326; x_wconf 75' lang='lat' dir='ltr'>DECRETA.</span> 
     </span>
    </p>
   </div>
   <div class='ocr_carea' id='block_1_3' title="bbox 3581 285 3682 335">
    <p class='ocr_par' dir='ltr' id='par_1_3' title="bbox 3581 285 3682 335">
     <span class='ocr_line' id='line_1_3' title="bbox 3581 285 3682 335; baseline 0.02 -2"><span class='ocrx_word' id='word_1_5' title='bbox 3581 285 3682 335; x_wconf 80' lang='grc'>870</span> 
     </span>
    </p>
   </div>
   <div class='ocr_carea' id='block_1_4' title="bbox 378 391 3048 468">
    <p class='ocr_par' dir='ltr' id='par_1_4' title="bbox 378 391 3048 468">
     <span class='ocr_line' id='line_1_4' title="bbox 378 391 3048 468; baseline 0.003 -22"><span class='ocrx_word' id='word_1_6' title='bbox 378 408 504 446; x_wconf 86' lang='lat' dir='ltr'>cum</span> <span class='ocrx_word' id='word_1_7' title='bbox 539 392 760 464; x_wconf 77' lang='lat' dir='ltr'>reliquis</span> <span class='ocrx_word' id='word_1_8' title='bbox 790 393 1222 462; x_wconf 80' lang='lat' dir='ltr'>archiepiscopis</span> <span class='ocrx_word' id='word_1_9' title='bbox 1252 403 1304 448; x_wconf 84' lang='lat' dir='ltr'>et</span> <span class='ocrx_word' id='word_1_10' title='bbox 1334 394 1709 464; x_wconf 74' lang='lat' dir='ltr'>mctt‘upuiitis.</span> <span class='ocrx_word' id='word_1_11' title='bbox 1733 402 1785 447; x_wconf 90' lang='lat' dir='ltr'>et</span> <span class='ocrx_word' id='word_1_12' title='bbox 1816 391 1982 445; x_wconf 85' lang='lat' dir='ltr'>omni-</span> <span class='ocrx_word' id='word_1_13' title='bbox 2015 391 2065 448; x_wconf 78' lang='grc' dir='ltr'><strong>Α</strong></span> <span class='ocrx_word' id='word_1_14' title='bbox 2161 392 2379 448; x_wconf 88' lang='lat' dir='ltr'>Simeon</span> <span class='ocrx_word' id='word_1_15' title='bbox 2410 396 2697 468; x_wconf 84' lang='lat' dir='ltr'>episcopus</span> <span class='ocrx_word' id='word_1_16' title='bbox 2731 399 3048 454; x_wconf 67' lang='lat' dir='ltr'>l’uudensis.</span> 
     </span>
    </p>
   </div>
   <div class='ocr_carea' id='block_1_5' title="bbox 379 479 1984 552">
    <p class='ocr_par' dir='ltr' id='par_1_5' title="bbox 379 479 1984 552">
     <span class='ocr_line' id='line_1_5' title="bbox 379 479 1984 552; baseline -0.001 -19"><span class='ocrx_word' id='word_1_17' title='bbox 379 481 482 534; x_wconf 88' lang='lat' dir='ltr'>bus</span> <span class='ocrx_word' id='word_1_18' title='bbox 515 479 891 536; x_wconf 75' lang='lat' dir='ltr'>sacerdotibus</span> <span class='ocrx_word' id='word_1_19' title='bbox 917 480 1530 552; x_wconf 74' lang='lat' dir='ltr'>ConstantinOpolitana</span> <span class='ocrx_word' id='word_1_20' title='bbox 1562 480 1844 546; x_wconf 76' lang='lat' dir='ltr'>Ecclesia,</span> <span class='ocrx_word' id='word_1_21' title='bbox 1878 480 1984 550; x_wconf 88' lang='lat' dir='ltr'>pri-</span> 
     </span>
    </p>
   </div>
   <div class='ocr_carea' id='block_1_6' title="bbox 382 567 1984 640">
    <p class='ocr_par' dir='ltr' id='par_1_6' title="bbox 382 567 1984 640">
     <span class='ocr_line' id='line_1_6' title="bbox 382 567 1984 640; baseline -0.001 -18"><span class='ocrx_word' id='word_1_22' title='bbox 382 585 529 622; x_wconf 90' lang='lat' dir='ltr'>mum</span> <span class='ocrx_word' id='word_1_23' title='bbox 559 569 812 640; x_wconf 86' lang='lat' dir='ltr'>legantur</span> <span class='ocrx_word' id='word_1_24' title='bbox 840 567 1030 622; x_wconf 80' lang='lat' dir='ltr'>littera</span> <span class='ocrx_word' id='word_1_25' title='bbox 1061 568 1126 622; x_wconf 92' lang='lat' dir='ltr'>ad</span> <span class='ocrx_word' id='word_1_26' title='bbox 1157 568 1537 640; x_wconf 89' lang='lat' dir='ltr'>imperatorem</span> <span class='ocrx_word' id='word_1_27' title='bbox 1569 569 1778 634; x_wconf 85' lang='lat' dir='ltr'>missa,</span> <span class='ocrx_word' id='word_1_28' title='bbox 1813 577 1866 623; x_wconf 91' lang='lat' dir='ltr'>et</span> <span class='ocrx_word' id='word_1_29' title='bbox 1896 568 1984 622; x_wconf 89' lang='lat' dir='ltr'>in-</span> 
     </span>
    </p>
   </div>
   <div class='ocr_carea' id='block_1_7' title="bbox 382 657 1987 728">
    <p class='ocr_par' dir='ltr' id='par_1_7' title="bbox 382 657 1987 728">
     <span class='ocr_line' id='line_1_7' title="bbox 382 657 1987 728; baseline 0.001 -19"><span class='ocrx_word' id='word_1_30' title='bbox 382 665 693 728; x_wconf 89' lang='lat' dir='ltr'>terrogetur</span> <span class='ocrx_word' id='word_1_31' title='bbox 719 657 962 726; x_wconf 76' lang='lat' dir='ltr'>synodus</span> <span class='ocrx_word' id='word_1_32' title='bbox 1014 657 1058 710; x_wconf 90' lang='lat' dir='ltr'>si</span> <span class='ocrx_word' id='word_1_33' title='bbox 1107 657 1226 710; x_wconf 91' lang='lat' dir='ltr'>illas</span> <span class='ocrx_word' id='word_1_34' title='bbox 1270 657 1497 728; x_wconf 82' lang='lat' dir='ltr'>recipit,</span> <span class='ocrx_word' id='word_1_35' title='bbox 1545 666 1597 712; x_wconf 92' lang='lat' dir='ltr'>et</span> <span class='ocrx_word' id='word_1_36' title='bbox 1641 658 1688 711; x_wconf 89' lang='lat' dir='ltr'>si</span> <span class='ocrx_word' id='word_1_37' title='bbox 1734 657 1987 712; x_wconf 79' lang='lat' dir='ltr'>observat</span> 
     </span>
    </p>
   </div>
   <div class='ocr_carea' id='block_1_8' title="bbox 385 744 1980 816">
    <p class='ocr_par' dir='ltr' id='par_1_8' title="bbox 385 744 1980 816">
     <span class='ocr_line' id='line_1_8' title="bbox 385 744 1980 816; baseline 0 -18"><span class='ocrx_word' id='word_1_38' title='bbox 385 744 695 800; x_wconf 88' lang='lat' dir='ltr'>testimonia</span> <span class='ocrx_word' id='word_1_39' title='bbox 725 760 846 814; x_wconf 85' lang='lat' dir='ltr'>qua</span> <span class='ocrx_word' id='word_1_40' title='bbox 877 745 1154 800; x_wconf 80' lang='lat' dir='ltr'>continent</span> <span class='ocrx_word' id='word_1_41' title='bbox 1194 746 1386 801; x_wconf 86' lang='lat' dir='ltr'>littera</span> <span class='ocrx_word' id='word_1_42' title='bbox 1431 745 1586 816; x_wconf 90' lang='lat' dir='ltr'>ipsa.</span> <span class='ocrx_word' id='word_1_43' title='bbox 1638 745 1846 814; x_wconf 85' lang='lat' dir='ltr'>Quibus</span> <span class='ocrx_word' id='word_1_44' title='bbox 1891 761 1980 798; x_wconf 88' lang='lat' dir='ltr'>an-</span> 
     </span>
    </p>
   </div>
   <div class='ocr_carea' id='block_1_9' title="bbox 381 833 1986 906">
    <p class='ocr_par' dir='ltr' id='par_1_9' title="bbox 381 833 1986 906">
     <span class='ocr_line' id='line_1_9' title="bbox 381 833 1986 906; baseline -0.001 -19"><span class='ocrx_word' id='word_1_45' title='bbox 381 833 692 906; x_wconf 69' lang='lat' dir='ltr'>nuentibus,</span> <span class='ocrx_word' id='word_1_46' title='bbox 727 834 843 888; x_wconf 79' lang='lat' dir='ltr'>hac</span> <span class='ocrx_word' id='word_1_47' title='bbox 871 833 1035 889; x_wconf 79' lang='lat' dir='ltr'>dicite</span> <span class='ocrx_word' id='word_1_48' title='bbox 1060 851 1072 887; x_wconf 95' lang='lat'>:</span> <span class='ocrx_word' id='word_1_49' title='bbox 1099 834 1364 888; x_wconf 89' lang='lat' dir='ltr'>Dominus</span> <span class='ocrx_word' id='word_1_50' title='bbox 1397 843 1583 890; x_wconf 90' lang='lat' dir='ltr'>noster</span> <span class='ocrx_word' id='word_1_51' title='bbox 1613 833 1986 889; x_wconf 86' lang='lat' dir='ltr'>sanctissimus</span> 
     </span>
    </p>
   </div>
   <div class='ocr_carea' id='block_1_10' title="bbox 381 920 1987 995">
    <p class='ocr_par' dir='ltr' id='par_1_10' title="bbox 381 920 1987 995">
     <span class='ocr_line' id='line_1_10' title="bbox 381 920 1987 995; baseline 0 -19"><span class='ocrx_word' id='word_1_52' title='bbox 381 937 545 992; x_wconf 88' lang='lat' dir='ltr'>papa,</span> <span class='ocrx_word' id='word_1_53' title='bbox 578 920 818 976; x_wconf 90' lang='lat' dir='ltr'>omnium</span> <span class='ocrx_word' id='word_1_54' title='bbox 847 921 1219 977; x_wconf 89' lang='lat' dir='ltr'>Ecclesiarum</span> <span class='ocrx_word' id='word_1_55' title='bbox 1249 939 1432 977; x_wconf 91' lang='lat' dir='ltr'>curam</span> <span class='ocrx_word' id='word_1_56' title='bbox 1463 938 1666 995; x_wconf 86' lang='lat' dir='ltr'>gerens</span> <span class='ocrx_word' id='word_1_57' title='bbox 1693 965 1705 988; x_wconf 93' lang='lat'>,</span> <span class='ocrx_word' id='word_1_58' title='bbox 1757 922 1987 976; x_wconf 78' lang='lat' dir='ltr'>salutem</span> 
     </span>
    </p>
   </div>
   <div class='ocr_carea' id='block_1_11' title="bbox 383 1009 1986 1081">
    <p class='ocr_par' dir='ltr' id='par_1_11' title="bbox 383 1009 1986 1081">
     <span class='ocr_line' id='line_1_11' title="bbox 383 1009 1986 1081; baseline -0.001 -17"><span class='ocrx_word' id='word_1_59' title='bbox 383 1009 547 1064; x_wconf 91' lang='lat' dir='ltr'>etiam</span> <span class='ocrx_word' id='word_1_60' title='bbox 574 1017 814 1064; x_wconf 83' lang='lat' dir='ltr'><strong>vestram</strong></span> <span class='ocrx_word' id='word_1_61' title='bbox 844 1018 896 1063; x_wconf 91' lang='lat' dir='ltr'>et</span> <span class='ocrx_word' id='word_1_62' title='bbox 928 1011 1184 1065; x_wconf 89' lang='lat' dir='ltr'>unionem</span> <span class='ocrx_word' id='word_1_63' title='bbox 1214 1019 1267 1065; x_wconf 89' lang='lat' dir='ltr'>et</span> <span class='ocrx_word' id='word_1_64' title='bbox 1296 1025 1489 1081; x_wconf 90' lang='lat' dir='ltr'>pacem</span> <span class='ocrx_word' id='word_1_65' title='bbox 1518 1026 1847 1080; x_wconf 86' lang='lat' dir='ltr'>procurans,</span> <span class='ocrx_word' id='word_1_66' title='bbox 1878 1010 1986 1063; x_wconf 89' lang='lat' dir='ltr'>mi-</span> 
     </span>
    </p>
   </div>
   <div class='ocr_carea' id='block_1_12' title="bbox 383 1098 1990 1170">
    <p class='ocr_par' dir='ltr' id='par_1_12' title="bbox 383 1098 1990 1170">
     <span class='ocr_line' id='line_1_12' title="bbox 383 1098 1990 1170; baseline 0.001 -20"><span class='ocrx_word' id='word_1_67' title='bbox 383 1098 454 1150; x_wconf 89' lang='lat' dir='ltr'>sit</span> <span class='ocrx_word' id='word_1_68' title='bbox 495 1113 594 1151; x_wconf 91' lang='lat' dir='ltr'>nos</span> <span class='ocrx_word' id='word_1_69' title='bbox 645 1113 833 1152; x_wconf 86' lang='lat' dir='ltr'>servos</span> <span class='ocrx_word' id='word_1_70' title='bbox 883 1114 1010 1153; x_wconf 92' lang='lat' dir='ltr'>suos</span> <span class='ocrx_word' id='word_1_71' title='bbox 1059 1107 1118 1152; x_wconf 87' lang='lat' dir='ltr'>ut</span> <span class='ocrx_word' id='word_1_72' title='bbox 1160 1098 1441 1168; x_wconf 89' lang='lat' dir='ltr'>dispersos</span> <span class='ocrx_word' id='word_1_73' title='bbox 1489 1114 1888 1170; x_wconf 88' lang='lat' dir='ltr'>congregemus</span> <span class='ocrx_word' id='word_1_74' title='bbox 1936 1106 1990 1154; x_wconf 91' lang='lat' dir='ltr'>et</span> 
     </span>
    </p>
   </div>
   <div class='ocr_carea' id='block_1_13' title="bbox 383 1185 1989 1249">
    <p class='ocr_par' dir='ltr' id='par_1_13' title="bbox 383 1185 1989 1249">
     <span class='ocr_line' id='line_1_13' title="bbox 383 1185 1989 1249; baseline 0.002 -11"><span class='ocrx_word' id='word_1_75' title='bbox 383 1185 714 1240; x_wconf 87' lang='lat' dir='ltr'>dissidentes</span> <span class='ocrx_word' id='word_1_76' title='bbox 746 1185 1138 1249; x_wconf 84' lang='lat' dir='ltr'>conciliemus,</span> <span class='ocrx_word' id='word_1_77' title='bbox 1186 1195 1239 1241; x_wconf 91' lang='lat' dir='ltr'>et</span> <span class='ocrx_word' id='word_1_78' title='bbox 1283 1187 1548 1243; x_wconf 87' lang='lat' dir='ltr'>Ecclesia</span> <span class='ocrx_word' id='word_1_79' title='bbox 1594 1187 1989 1242; x_wconf 80' lang='lat' dir='ltr'>misericordia</span> 
     </span>
    </p>
   </div>
   <div class='ocr_carea' id='block_1_14' title="bbox 383 1274 1992 1346">
    <p class='ocr_par' dir='ltr' id='par_1_14' title="bbox 383 1274 1992 1346">
     <span class='ocr_line' id='line_1_14' title="bbox 383 1274 1992 1346; baseline 0.002 -20"><span class='ocrx_word' id='word_1_80' title='bbox 383 1288 604 1328; x_wconf 89' lang='lat' dir='ltr'>manum</span> <span class='ocrx_word' id='word_1_81' title='bbox 661 1274 1050 1346; x_wconf 88' lang='lat' dir='ltr'>porrigamus,</span> <span class='ocrx_word' id='word_1_82' title='bbox 1097 1274 1281 1345; x_wconf 89' lang='lat' dir='ltr'>lapsos</span> <span class='ocrx_word' id='word_1_83' title='bbox 1329 1275 1642 1346; x_wconf 79' lang='lat' dir='ltr'>erigamus,</span> <span class='ocrx_word' id='word_1_84' title='bbox 1694 1283 1752 1330; x_wconf 90' lang='lat' dir='ltr'>ut</span> <span class='ocrx_word' id='word_1_85' title='bbox 1797 1291 1992 1330; x_wconf 88' lang='lat' dir='ltr'>omnes</span> 
     </span>
    </p>
   </div>
   <div class='ocr_carea' id='block_1_15' title="bbox 383 1361 1989 1434">
    <p class='ocr_par' dir='ltr' id='par_1_15' title="bbox 383 1361 1989 1434">
     <span class='ocr_line' id='line_1_15' title="bbox 383 1361 1989 1434; baseline 0.001 -18"><span class='ocrx_word' id='word_1_86' title='bbox 383 1377 493 1416; x_wconf 88' lang='lat' dir='ltr'>uno</span> <span class='ocrx_word' id='word_1_87' title='bbox 539 1377 636 1416; x_wconf 90' lang='lat' dir='ltr'>ore</span> <span class='ocrx_word' id='word_1_88' title='bbox 685 1361 1059 1434; x_wconf 86' lang='lat' dir='ltr'>glorificemus</span> <span class='ocrx_word' id='word_1_89' title='bbox 1108 1363 1324 1417; x_wconf 85' lang='lat' dir='ltr'>Patrem</span> <span class='ocrx_word' id='word_1_90' title='bbox 1370 1379 1496 1418; x_wconf 91' lang='lat' dir='ltr'>cum</span> <span class='ocrx_word' id='word_1_91' title='bbox 1545 1363 1677 1418; x_wconf 86' lang='lat' dir='ltr'>Filio</span> <span class='ocrx_word' id='word_1_92' title='bbox 1707 1371 1759 1418; x_wconf 89' lang='lat' dir='ltr'>et</span> <span class='ocrx_word' id='word_1_93' title='bbox 1789 1363 1989 1432; x_wconf 89' lang='lat' dir='ltr'>Spiritu</span> 
     </span>
    </p>
   </div>
   <div class='ocr_carea' id='block_1_16' title="bbox 385 1459 591 1505">
    <p class='ocr_par' dir='ltr' id='par_1_16' title="bbox 385 1459 591 1505">
     <span class='ocr_line' id='line_1_16' title="bbox 385 1459 591 1505; baseline -0.005 -1"><span class='ocrx_word' id='word_1_94' title='bbox 385 1466 480 1504; x_wconf 88' lang='lat' dir='ltr'>san</span> <span class='ocrx_word' id='word_1_95' title='bbox 486 1459 572 1505; x_wconf 76' lang='lat' dir='ltr'>CIO</span> <span class='ocrx_word' id='word_1_96' title='bbox 579 1491 591 1503; x_wconf 91' lang='lat'>.</span> 
     </span>
    </p>
   </div>
   <div class='ocr_carea' id='block_1_17' title="bbox 452 1537 1994 1609">
    <p class='ocr_par' dir='ltr' id='par_1_17' title="bbox 452 1537 1994 1609">
     <span class='ocr_line' id='line_1_17' title="bbox 452 1537 1994 1609; baseline 0.001 -16"><span class='ocrx_word' id='word_1_97' title='bbox 452 1537 752 1609; x_wconf 87' lang='lat' dir='ltr'>Sequentes</span> <span class='ocrx_word' id='word_1_98' title='bbox 781 1555 1022 1594; x_wconf 87' lang='lat' dir='ltr'>canones</span> <span class='ocrx_word' id='word_1_99' title='bbox 1055 1548 1372 1596; x_wconf 89' lang='lat' dir='ltr'>nostrorum</span> <span class='ocrx_word' id='word_1_100' title='bbox 1403 1541 1625 1595; x_wconf 90' lang='lat' dir='ltr'>Patrum</span> <span class='ocrx_word' id='word_1_101' title='bbox 1653 1540 1909 1604; x_wconf 88' lang='lat' dir='ltr'>dicimus,</span> <span class='ocrx_word' id='word_1_102' title='bbox 1935 1537 1994 1594; x_wconf 65' lang='lat' dir='ltr'>ut</span> 
     </span>
    </p>
   </div>
   <div class='ocr_carea' id='block_1_18' title="bbox 381 1626 1993 1699">
    <p class='ocr_par' dir='ltr' id='par_1_18' title="bbox 381 1626 1993 1699">
     <span class='ocr_line' id='line_1_18' title="bbox 381 1626 1993 1699; baseline 0.001 -18"><span class='ocrx_word' id='word_1_103' title='bbox 381 1634 504 1696; x_wconf 87' lang='lat' dir='ltr'>post</span> <span class='ocrx_word' id='word_1_104' title='bbox 533 1626 737 1681; x_wconf 91' lang='lat' dir='ltr'>obitum</span> <span class='ocrx_word' id='word_1_105' title='bbox 790 1627 960 1682; x_wconf 91' lang='lat' dir='ltr'>Photii</span> <span class='ocrx_word' id='word_1_106' title='bbox 1011 1628 1342 1683; x_wconf 89' lang='lat' dir='ltr'>sanctissimi</span> <span class='ocrx_word' id='word_1_107' title='bbox 1386 1627 1707 1699; x_wconf 89' lang='lat' dir='ltr'>patriarcha</span> <span class='ocrx_word' id='word_1_108' title='bbox 1751 1628 1930 1683; x_wconf 89' lang='lat' dir='ltr'>nullus</span> <span class='ocrx_word' id='word_1_109' title='bbox 1959 1643 1993 1682; x_wconf 84' lang='lat' dir='ltr'>a</span> 
     </span>
    </p>
   </div>
   <div class='ocr_carea' id='block_1_19' title="bbox 2156 481 3092 556">
    <p class='ocr_par' dir='ltr' id='par_1_19' title="bbox 2156 481 3092 556">
     <span class='ocr_line' id='line_1_19' title="bbox 2156 481 3092 556; baseline 0.013 -24"><span class='ocrx_word' id='word_1_110' title='bbox 2156 481 2394 538; x_wconf 79' lang='lat' dir='ltr'>Joannes</span> <span class='ocrx_word' id='word_1_111' title='bbox 2425 485 2713 556; x_wconf 82' lang='lat' dir='ltr'>episc0pus</span> <span class='ocrx_word' id='word_1_112' title='bbox 2744 487 3092 544; x_wconf 81' lang='lat' dir='ltr'>Siminorum.</span> 
     </span>
    </p>
   </div>
   <div class='ocr_carea' id='block_1_20' title="bbox 2157 569 2912 644">
    <p class='ocr_par' dir='ltr' id='par_1_20' title="bbox 2157 569 2912 644">
     <span class='ocr_line' id='line_1_20' title="bbox 2157 569 2912 644; baseline 0.008 -22"><span class='ocrx_word' id='word_1_113' title='bbox 2157 569 2481 626; x_wconf 87' lang='lat' dir='ltr'>Benedictus</span> <span class='ocrx_word' id='word_1_114' title='bbox 2512 573 2912 644; x_wconf 89' lang='lat' dir='ltr'>episcopus.....</span> 
     </span>
    </p>
   </div>
   <div class='ocr_carea' id='block_1_21' title="bbox 2160 657 3278 732">
    <p class='ocr_par' dir='ltr' id='par_1_21' title="bbox 2160 657 3278 732">
     <span class='ocr_line' id='line_1_21' title="bbox 2160 657 3278 732; baseline 0.006 -21"><span class='ocrx_word' id='word_1_115' title='bbox 2160 657 2458 729; x_wconf 80' lang='lat' dir='ltr'>Gregorius</span> <span class='ocrx_word' id='word_1_116' title='bbox 2490 661 2780 732; x_wconf 90' lang='lat' dir='ltr'>episcopus</span> <span class='ocrx_word' id='word_1_117' title='bbox 2813 663 2974 718; x_wconf 87' lang='lat' dir='ltr'>Silva</span> <span class='ocrx_word' id='word_1_118' title='bbox 3002 664 3278 721; x_wconf 76' lang='lat' dir='ltr'>Candida.</span> 
     </span>
    </p>
   </div>
   <div class='ocr_carea' id='block_1_22' title="bbox 2157 745 3188 820">
    <p class='ocr_par' dir='ltr' id='par_1_22' title="bbox 2157 745 3188 820">
     <span class='ocr_line' id='line_1_22' title="bbox 2157 745 3188 820; baseline 0.005 -22"><span class='ocrx_word' id='word_1_119' title='bbox 2157 745 2468 802; x_wconf 80' lang='lat' dir='ltr'>Bonifacius</span> <span class='ocrx_word' id='word_1_120' title='bbox 2498 749 2788 820; x_wconf 91' lang='lat' dir='ltr'>episcopus</span> <span class='ocrx_word' id='word_1_121' title='bbox 2819 751 3188 807; x_wconf 90' lang='lat' dir='ltr'>Blerancrum.</span> 
     </span>
    </p>
   </div>
   <div class='ocr_carea' id='block_1_23' title="bbox 2157 833 3202 908">
    <p class='ocr_par' dir='ltr' id='par_1_23' title="bbox 2157 833 3202 908">
     <span class='ocr_line' id='line_1_23' title="bbox 2157 833 3202 908; baseline 0.008 -22"><span class='ocrx_word' id='word_1_122' title='bbox 2157 833 2476 890; x_wconf 89' lang='lat' dir='ltr'>Theodorus</span> <span class='ocrx_word' id='word_1_123' title='bbox 2507 837 2795 908; x_wconf 91' lang='lat' dir='ltr'>episcopus</span> <span class='ocrx_word' id='word_1_124' title='bbox 2826 839 3202 894; x_wconf 91' lang='lat' dir='ltr'>Gallesiensis.</span> 
     </span>
    </p>
   </div>
   <div class='ocr_carea' id='block_1_24' title="bbox 2160 923 3146 998">
    <p class='ocr_par' dir='ltr' id='par_1_24' title="bbox 2160 923 3146 998">
     <span class='ocr_line' id='line_1_24' title="bbox 2160 923 3146 998; baseline 0.007 -23"><span class='ocrx_word' id='word_1_125' title='bbox 2160 923 2469 993; x_wconf 87' lang='lat' dir='ltr'>Stephanus</span> <span class='ocrx_word' id='word_1_126' title='bbox 2499 925 2790 996; x_wconf 88' lang='lat' dir='ltr'>episcopus</span> <span class='ocrx_word' id='word_1_127' title='bbox 2818 929 3146 998; x_wconf 88' lang='lat' dir='ltr'>Nepesinus.</span> 
     </span>
    </p>
   </div>
   <div class='ocr_carea' id='block_1_25' title="bbox 2542 1015 3229 1085">
    <p class='ocr_par' dir='ltr' id='par_1_25' title="bbox 2542 1015 3229 1085">
     <span class='ocr_line' id='line_1_25' title="bbox 2542 1015 3229 1085; baseline 0.003 -17"><span class='ocrx_word' id='word_1_128' title='bbox 2542 1015 2858 1085; x_wconf 72' lang='lat' dir='ltr'>Presbyteri</span> <span class='ocrx_word' id='word_1_129' title='bbox 2886 1017 3229 1072; x_wconf 77' lang='lat' dir='ltr'>cardinales.</span> 
     </span>
    </p>
   </div>
   <div class='ocr_carea' id='block_1_26' title="bbox 2159 1091 3685 1172">
    <p class='ocr_par' dir='ltr' id='par_1_26' title="bbox 2159 1091 3685 1172">
     <span class='ocr_line' id='line_1_26' title="bbox 2159 1091 3685 1172; baseline 0.005 -20"><span class='ocrx_word' id='word_1_130' title='bbox 2159 1091 2469 1156; x_wconf 83' lang='lat' dir='ltr'>Germanus</span> <span class='ocrx_word' id='word_1_131' title='bbox 2503 1102 2796 1172; x_wconf 84' lang='lat' dir='ltr'>presbyter</span> <span class='ocrx_word' id='word_1_132' title='bbox 2839 1103 2974 1157; x_wconf 90' lang='lat' dir='ltr'>tituli</span> <span class='ocrx_word' id='word_1_133' title='bbox 3021 1113 3336 1160; x_wconf 87' lang='lat' dir='ltr'>sanctorum</span> <span class='ocrx_word' id='word_1_134' title='bbox 3382 1107 3600 1160; x_wconf 85' lang='lat' dir='ltr'>Joannis</span> <span class='ocrx_word' id='word_1_135' title='bbox 3632 1116 3685 1162; x_wconf 91' lang='lat' dir='ltr'>et</span> 
     </span>
    </p>
   </div>
   <div class='ocr_carea' id='block_1_27' title="bbox 2090 1187 2258 1242">
    <p class='ocr_par' dir='ltr' id='par_1_27' title="bbox 2090 1187 2258 1242">
     <span class='ocr_line' id='line_1_27' title="bbox 2090 1187 2258 1242; baseline 0.012 -2"><span class='ocrx_word' id='word_1_136' title='bbox 2090 1187 2258 1242; x_wconf 90' lang='lat' dir='ltr'>Pauli.</span> 
     </span>
    </p>
   </div>
   <div class='ocr_carea' id='block_1_28' title="bbox 2161 1273 3424 1348">
    <p class='ocr_par' dir='ltr' id='par_1_28' title="bbox 2161 1273 3424 1348">
     <span class='ocr_line' id='line_1_28' title="bbox 2161 1273 3424 1348; baseline 0.002 -19"><span class='ocrx_word' id='word_1_137' title='bbox 2161 1276 2348 1330; x_wconf 89' lang='lat' dir='ltr'>Petrus</span> <span class='ocrx_word' id='word_1_138' title='bbox 2375 1273 2662 1345; x_wconf 82' lang='lat' dir='ltr'>presbyter</span> <span class='ocrx_word' id='word_1_139' title='bbox 2690 1274 2823 1328; x_wconf 90' lang='lat' dir='ltr'>tituli</span> <span class='ocrx_word' id='word_1_140' title='bbox 2855 1275 3028 1330; x_wconf 85' lang='lat' dir='ltr'>sancti</span> <span class='ocrx_word' id='word_1_141' title='bbox 3055 1275 3424 1348; x_wconf 77' lang='lat' dir='ltr'>Chrysogoni.</span> 
     </span>
    </p>
   </div>
   <div class='ocr_carea' id='block_1_29' title="bbox 2159 1362 3464 1432">
    <p class='ocr_par' dir='ltr' id='par_1_29' title="bbox 2159 1362 3464 1432">
     <span class='ocr_line' id='line_1_29' title="bbox 2159 1362 3464 1432; baseline 0.002 -15"><span class='ocrx_word' id='word_1_142' title='bbox 2159 1363 2482 1418; x_wconf 87' lang='lat' dir='ltr'>Benedictus</span> <span class='ocrx_word' id='word_1_143' title='bbox 2512 1362 2800 1432; x_wconf 89' lang='lat' dir='ltr'>presbyter</span> <span class='ocrx_word' id='word_1_144' title='bbox 2837 1363 2975 1416; x_wconf 90' lang='lat' dir='ltr'>tituli</span> <span class='ocrx_word' id='word_1_145' title='bbox 3004 1364 3178 1418; x_wconf 84' lang='lat' dir='ltr'>sancti</span> <span class='ocrx_word' id='word_1_146' title='bbox 3209 1365 3464 1422; x_wconf 88' lang='lat' dir='ltr'>Balbina.</span> 
     </span>
    </p>
   </div>
   <div class='ocr_carea' id='block_1_30' title="bbox 2159 1449 3422 1520">
    <p class='ocr_par' dir='ltr' id='par_1_30' title="bbox 2159 1449 3422 1520">
     <span class='ocr_line' id='line_1_30' title="bbox 2159 1449 3422 1520; baseline 0.002 -14"><span class='ocrx_word' id='word_1_147' title='bbox 2159 1450 2432 1507; x_wconf 82' lang='lat' dir='ltr'>Adrianus</span> <span class='ocrx_word' id='word_1_148' title='bbox 2460 1450 2748 1520; x_wconf 84' lang='lat' dir='ltr'>presbyter</span> <span class='ocrx_word' id='word_1_149' title='bbox 2767 1449 2905 1504; x_wconf 86' lang='lat' dir='ltr'>tituli</span> <span class='ocrx_word' id='word_1_150' title='bbox 2935 1451 3105 1506; x_wconf 86' lang='lat' dir='ltr'>sancti</span> <span class='ocrx_word' id='word_1_151' title='bbox 3135 1453 3422 1508; x_wconf 89' lang='lat' dir='ltr'>Laurentii.</span> 
     </span>
    </p>
   </div>
   <div class='ocr_carea' id='block_1_31' title="bbox 2159 1537 3382 1609">
    <p class='ocr_par' dir='ltr' id='par_1_31' title="bbox 2159 1537 3382 1609">
     <span class='ocr_line' id='line_1_31' title="bbox 2159 1537 3382 1609; baseline 0.003 -17"><span class='ocrx_word' id='word_1_152' title='bbox 2159 1539 2396 1594; x_wconf 80' lang='lat' dir='ltr'>Joannes</span> <span class='ocrx_word' id='word_1_153' title='bbox 2421 1538 2709 1609; x_wconf 89' lang='lat' dir='ltr'>presbyter</span> <span class='ocrx_word' id='word_1_154' title='bbox 2737 1537 2872 1592; x_wconf 91' lang='lat' dir='ltr'>tituli</span> <span class='ocrx_word' id='word_1_155' title='bbox 2902 1547 3102 1594; x_wconf 89' lang='lat' dir='ltr'>sancta</span> <span class='ocrx_word' id='word_1_156' title='bbox 3133 1539 3382 1596; x_wconf 86' lang='lat' dir='ltr'>Cacilia.</span> 
     </span>
    </p>
   </div>
   <div class='ocr_carea' id='block_1_32' title="bbox 2580 1628 3192 1684">
    <p class='ocr_par' dir='ltr' id='par_1_32' title="bbox 2580 1628 3192 1684">
     <span class='ocr_line' id='line_1_32' title="bbox 2580 1628 3192 1684; baseline -0.002 -1"><span class='ocrx_word' id='word_1_157' title='bbox 2580 1629 2814 1684; x_wconf 86' lang='lat' dir='ltr'>Diaconi</span> <span class='ocrx_word' id='word_1_158' title='bbox 2852 1628 3192 1684; x_wconf 71' lang='lat' dir='ltr'>cardinales.</span> 
     </span>
    </p>
   </div>
   <div class='ocr_carea' id='block_1_33' title="bbox 381 1714 3000 1798">
    <p class='ocr_par' dir='ltr' id='par_1_33' title="bbox 381 1714 3000 1798">
     <span class='ocr_line' id='line_1_33' title="bbox 381 1714 3000 1798; baseline 0 -30"><span class='ocrx_word' id='word_1_159' title='bbox 381 1714 526 1769; x_wconf 89' lang='lat' dir='ltr'>civili</span> <span class='ocrx_word' id='word_1_160' title='bbox 541 1715 802 1787; x_wconf 90' lang='lat' dir='ltr'>dignitate</span> <span class='ocrx_word' id='word_1_161' title='bbox 823 1715 1477 1786; x_wconf 87' lang='lat' dir='ltr'>Constantinopolitanam</span> <span class='ocrx_word' id='word_1_162' title='bbox 1501 1717 1689 1771; x_wconf 91' lang='lat' dir='ltr'>sedem</span> <span class='ocrx_word' id='word_1_163' title='bbox 1710 1717 1988 1781; x_wconf 88' lang='lat' dir='ltr'>ascendat,</span> <span class='ocrx_word' id='word_1_164' title='bbox 2019 1739 2072 1798; x_wconf 82' lang='grc' dir='ltr'>Β</span> <span class='ocrx_word' id='word_1_165' title='bbox 2165 1716 2362 1770; x_wconf 89' lang='lat' dir='ltr'>Paulus</span> <span class='ocrx_word' id='word_1_166' title='bbox 2391 1715 2652 1771; x_wconf 90' lang='lat' dir='ltr'>diaconus</span> <span class='ocrx_word' id='word_1_167' title='bbox 2683 1714 3000 1785; x_wconf 87' lang='lat' dir='ltr'>subscripsi.</span> 
     </span>
    </p>
   </div>
   <div class='ocr_carea' id='block_1_34' title="bbox 383 1803 1806 1872">
    <p class='ocr_par' dir='ltr' id='par_1_34' title="bbox 383 1803 1806 1872">
     <span class='ocr_line' id='line_1_34' title="bbox 383 1803 1806 1872; baseline 0.002 -16"><span class='ocrx_word' id='word_1_168' title='bbox 383 1803 842 1872; x_wconf 87' lang='lat' dir='ltr'>quemadmodum</span> <span class='ocrx_word' id='word_1_169' title='bbox 874 1803 1035 1858; x_wconf 88' lang='lat' dir='ltr'>etiam</span> <span class='ocrx_word' id='word_1_170' title='bbox 1067 1804 1259 1858; x_wconf 86' lang='lat' dir='ltr'>littera</span> <span class='ocrx_word' id='word_1_171' title='bbox 1288 1813 1490 1860; x_wconf 91' lang='lat' dir='ltr'>nostra</span> <span class='ocrx_word' id='word_1_172' title='bbox 1521 1813 1806 1859; x_wconf 88' lang='lat' dir='ltr'>testantur.</span> 
     </span>
    </p>
   </div>
   <div class='ocr_carea' id='block_1_35' title="bbox 456 1889 1976 1963">
    <p class='ocr_par' dir='ltr' id='par_1_35' title="bbox 456 1889 1976 1963">
     <span class='ocr_line' id='line_1_35' title="bbox 456 1889 1976 1963; baseline 0.003 -20"><span class='ocrx_word' id='word_1_173' title='bbox 456 1889 714 1944; x_wconf 86' lang='lat' dir='ltr'>Volumus</span> <span class='ocrx_word' id='word_1_174' title='bbox 743 1891 902 1946; x_wconf 91' lang='lat' dir='ltr'>etiam</span> <span class='ocrx_word' id='word_1_175' title='bbox 934 1899 991 1946; x_wconf 90' lang='lat' dir='ltr'>ut</span> <span class='ocrx_word' id='word_1_176' title='bbox 1019 1907 1199 1946; x_wconf 91' lang='lat' dir='ltr'>coram</span> <span class='ocrx_word' id='word_1_177' title='bbox 1230 1909 1282 1963; x_wconf 62' lang='lat' dir='ltr'>sy</span> <span class='ocrx_word' id='word_1_178' title='bbox 1296 1893 1442 1948; x_wconf 91' lang='lat' dir='ltr'>nodo</span> <span class='ocrx_word' id='word_1_179' title='bbox 1471 1893 1791 1963; x_wconf 85' lang='lat' dir='ltr'>pradictum</span> <span class='ocrx_word' id='word_1_180' title='bbox 1834 1894 1976 1948; x_wconf 90' lang='lat' dir='ltr'>Pho-</span> 
     </span>
    </p>
   </div>
   <div class='ocr_carea' id='block_1_36' title="bbox 381 1977 1979 2053">
    <p class='ocr_par' dir='ltr' id='par_1_36' title="bbox 381 1977 1979 2053">
     <span class='ocr_line' id='line_1_36' title="bbox 381 1977 1979 2053; baseline 0.004 -23"><span class='ocrx_word' id='word_1_181' title='bbox 381 1977 512 2032; x_wconf 90' lang='lat' dir='ltr'>tium</span> <span class='ocrx_word' id='word_1_182' title='bbox 571 1979 969 2034; x_wconf 91' lang='lat' dir='ltr'>sanctissimum</span> <span class='ocrx_word' id='word_1_183' title='bbox 1029 1980 1388 2050; x_wconf 86' lang='lat' dir='ltr'>patriarcham</span> <span class='ocrx_word' id='word_1_184' title='bbox 1450 1981 1616 2036; x_wconf 91' lang='lat' dir='ltr'>oretis</span> <span class='ocrx_word' id='word_1_185' title='bbox 1679 1989 1738 2035; x_wconf 90' lang='lat' dir='ltr'>ut</span> <span class='ocrx_word' id='word_1_186' title='bbox 1801 1997 1979 2053; x_wconf 89' lang='lat' dir='ltr'>neque</span> 
     </span>
    </p>
   </div>
   <div class='ocr_carea' id='block_1_37' title="bbox 381 2066 1978 2140">
    <p class='ocr_par' dir='ltr' id='par_1_37' title="bbox 381 2066 1978 2140">
     <span class='ocr_line' id='line_1_37' title="bbox 381 2066 1978 2140; baseline 0.003 -21"><span class='ocrx_word' id='word_1_187' title='bbox 381 2066 603 2135; x_wconf 90' lang='lat' dir='ltr'>pallium</span> <span class='ocrx_word' id='word_1_188' title='bbox 635 2066 690 2120; x_wconf 88' lang='lat' dir='ltr'>in</span> <span class='ocrx_word' id='word_1_189' title='bbox 718 2067 1028 2140; x_wconf 89' lang='lat' dir='ltr'>Bulgariam</span> <span class='ocrx_word' id='word_1_190' title='bbox 1059 2069 1268 2138; x_wconf 90' lang='lat' dir='ltr'>mittat,</span> <span class='ocrx_word' id='word_1_191' title='bbox 1303 2085 1481 2140; x_wconf 89' lang='lat' dir='ltr'>neque</span> <span class='ocrx_word' id='word_1_192' title='bbox 1519 2069 1732 2124; x_wconf 89' lang='lat' dir='ltr'>ordinet</span> <span class='ocrx_word' id='word_1_193' title='bbox 1782 2085 1978 2140; x_wconf 90' lang='lat' dir='ltr'>quem-</span> 
     </span>
    </p>
   </div>
   <div class='ocr_carea' id='block_1_38' title="bbox 382 2150 1978 2228">
    <p class='ocr_par' dir='ltr' id='par_1_38' title="bbox 382 2150 1978 2228">
     <span class='ocr_line' id='line_1_38' title="bbox 382 2150 1978 2228; baseline 0.003 -21"><span class='ocrx_word' id='word_1_194' title='bbox 382 2171 541 2224; x_wconf 88' lang='lat' dir='ltr'>quam</span> <span class='ocrx_word' id='word_1_195' title='bbox 572 2155 625 2208; x_wconf 91' lang='lat' dir='ltr'>in</span> <span class='ocrx_word' id='word_1_196' title='bbox 656 2155 771 2225; x_wconf 88' lang='lat' dir='ltr'>ipsa</span> <span class='ocrx_word' id='word_1_197' title='bbox 801 2150 1100 2226; x_wconf 84' lang='lat' dir='ltr'>provincia.</span> <span class='ocrx_word' id='word_1_198' title='bbox 1131 2157 1187 2213; x_wconf 91' lang='lat' dir='ltr'>Si</span> <span class='ocrx_word' id='word_1_199' title='bbox 1219 2157 1363 2212; x_wconf 91' lang='lat' dir='ltr'>enim</span> <span class='ocrx_word' id='word_1_200' title='bbox 1404 2158 1521 2214; x_wconf 89' lang='lat' dir='ltr'>hac</span> <span class='ocrx_word' id='word_1_201' title='bbox 1565 2157 1749 2213; x_wconf 84' lang='lat' dir='ltr'>fecerit</span> <span class='ocrx_word' id='word_1_202' title='bbox 1774 2201 1787 2224; x_wconf 97' lang='lat'>,</span> <span class='ocrx_word' id='word_1_203' title='bbox 1829 2159 1978 2228; x_wconf 81' lang='lat' dir='ltr'>juxta</span> 
     </span>
    </p>
   </div>
   <div class='ocr_carea' id='block_1_39' title="bbox 385 2245 1372 2318">
    <p class='ocr_par' dir='ltr' id='par_1_39' title="bbox 385 2245 1372 2318">
     <span class='ocr_line' id='line_1_39' title="bbox 385 2245 1372 2318; baseline 0.006 -23"><span class='ocrx_word' id='word_1_204' title='bbox 385 2257 574 2297; x_wconf 91' lang='lat' dir='ltr'>sacros</span> <span class='ocrx_word' id='word_1_205' title='bbox 606 2258 846 2298; x_wconf 87' lang='lat' dir='ltr'>canones</span> <span class='ocrx_word' id='word_1_206' title='bbox 879 2245 1028 2298; x_wconf 91' lang='lat' dir='ltr'>illum</span> <span class='ocrx_word' id='word_1_207' title='bbox 1059 2261 1372 2318; x_wconf 79' lang='lat' dir='ltr'>arguamus.</span> 
     </span>
    </p>
   </div>
   <div class='ocr_carea' id='block_1_40' title="bbox 453 2331 1980 2406">
    <p class='ocr_par' dir='ltr' id='par_1_40' title="bbox 453 2331 1980 2406">
     <span class='ocr_line' id='line_1_40' title="bbox 453 2331 1980 2406; baseline 0.005 -23"><span class='ocrx_word' id='word_1_208' title='bbox 453 2337 477 2363; x_wconf 78' lang='grc'>⁸</span> <span class='ocrx_word' id='word_1_209' title='bbox 519 2331 778 2385; x_wconf 88' lang='lat' dir='ltr'>Volumus</span> <span class='ocrx_word' id='word_1_210' title='bbox 809 2341 1078 2402; x_wconf 84' lang='lat' dir='ltr'>praterea</span> <span class='ocrx_word' id='word_1_211' title='bbox 1125 2341 1182 2388; x_wconf 87' lang='lat' dir='ltr'>ut</span> <span class='ocrx_word' id='word_1_212' title='bbox 1225 2349 1414 2389; x_wconf 90' lang='lat' dir='ltr'>coram</span> <span class='ocrx_word' id='word_1_213' title='bbox 1461 2335 1714 2390; x_wconf 84' lang='lat' dir='ltr'>universa</span> <span class='ocrx_word' id='word_1_214' title='bbox 1771 2335 1980 2406; x_wconf 85' lang='lat' dir='ltr'>synodo</span> 
     </span>
    </p>
   </div>
   <div class='ocr_carea' id='block_1_41' title="bbox 381 2418 1980 2494">
    <p class='ocr_par' dir='ltr' id='par_1_41' title="bbox 381 2418 1980 2494">
     <span class='ocr_line' id='line_1_41' title="bbox 381 2418 1980 2494; baseline 0.003 -22"><span class='ocrx_word' id='word_1_215' title='bbox 381 2418 778 2489; x_wconf 89' lang='lat' dir='ltr'>promulgetur,</span> <span class='ocrx_word' id='word_1_216' title='bbox 815 2422 959 2490; x_wconf 91' lang='lat' dir='ltr'>quod</span> <span class='ocrx_word' id='word_1_217' title='bbox 990 2422 1231 2492; x_wconf 88' lang='lat' dir='ltr'>synodus</span> <span class='ocrx_word' id='word_1_218' title='bbox 1257 2423 1443 2478; x_wconf 90' lang='lat' dir='ltr'>habita</span> <span class='ocrx_word' id='word_1_219' title='bbox 1473 2424 1739 2478; x_wconf 89' lang='lat' dir='ltr'>adversus</span> <span class='ocrx_word' id='word_1_220' title='bbox 1775 2423 1980 2494; x_wconf 76' lang='lat' dir='ltr'>pradi-</span> 
     </span>
    </p>
   </div>
   <div class='ocr_carea' id='block_1_42' title="bbox 383 2507 1980 2580">
    <p class='ocr_par' dir='ltr' id='par_1_42' title="bbox 383 2507 1980 2580">
     <span class='ocr_line' id='line_1_42' title="bbox 383 2507 1980 2580; baseline 0.003 -20"><span class='ocrx_word' id='word_1_221' title='bbox 383 2513 529 2560; x_wconf 91' lang='lat' dir='ltr'>ctum</span> <span class='ocrx_word' id='word_1_222' title='bbox 554 2507 910 2576; x_wconf 90' lang='lat' dir='ltr'>patriarcham</span> <span class='ocrx_word' id='word_1_223' title='bbox 947 2509 1190 2563; x_wconf 73' lang='lat' dir='ltr'>[’hotium</span> <span class='ocrx_word' id='word_1_224' title='bbox 1227 2518 1471 2580; x_wconf 90' lang='lat' dir='ltr'>tempore</span> <span class='ocrx_word' id='word_1_225' title='bbox 1502 2511 1723 2565; x_wconf 79' lang='lat' dir='ltr'>Adriani</span> <span class='ocrx_word' id='word_1_226' title='bbox 1753 2512 1980 2566; x_wconf 88' lang='lat' dir='ltr'>sanctis-</span> 
     </span>
    </p>
   </div>
   <div class='ocr_carea' id='block_1_43' title="bbox 381 2593 1982 2668">
    <p class='ocr_par' dir='ltr' id='par_1_43' title="bbox 381 2593 1982 2668">
     <span class='ocr_line' id='line_1_43' title="bbox 381 2593 1982 2668; baseline 0.006 -23"><span class='ocrx_word' id='word_1_227' title='bbox 381 2593 503 2646; x_wconf 92' lang='lat' dir='ltr'>simi</span> <span class='ocrx_word' id='word_1_228' title='bbox 535 2609 690 2663; x_wconf 86' lang='lat' dir='ltr'>papa</span> <span class='ocrx_word' id='word_1_229' title='bbox 712 2603 822 2648; x_wconf 90' lang='lat' dir='ltr'>tum</span> <span class='ocrx_word' id='word_1_230' title='bbox 855 2595 1039 2650; x_wconf 82' lang='lat' dir='ltr'>Roma</span> <span class='ocrx_word' id='word_1_231' title='bbox 1069 2605 1180 2650; x_wconf 91' lang='lat' dir='ltr'>tum</span> <span class='ocrx_word' id='word_1_232' title='bbox 1214 2597 1704 2668; x_wconf 89' lang='lat' dir='ltr'>Constantinopoli,</span> <span class='ocrx_word' id='word_1_233' title='bbox 1739 2616 1804 2653; x_wconf 85' lang='lat' dir='ltr'>ex</span> <span class='ocrx_word' id='word_1_234' title='bbox 1836 2615 1982 2654; x_wconf 91' lang='lat' dir='ltr'>nunc</span> 
     </span>
    </p>
   </div>
   <div class='ocr_carea' id='block_1_44' title="bbox 380 2681 1980 2748">
    <p class='ocr_par' dir='ltr' id='par_1_44' title="bbox 380 2681 1980 2748">
     <span class='ocr_line' id='line_1_44' title="bbox 380 2681 1980 2748; baseline 0.004 -13"><span class='ocrx_word' id='word_1_235' title='bbox 380 2681 646 2736; x_wconf 89' lang='lat' dir='ltr'>habeatur</span> <span class='ocrx_word' id='word_1_236' title='bbox 675 2683 822 2736; x_wconf 92' lang='lat' dir='ltr'>nulla</span> <span class='ocrx_word' id='word_1_237' title='bbox 850 2692 903 2737; x_wconf 90' lang='lat' dir='ltr'>et</span> <span class='ocrx_word' id='word_1_238' title='bbox 935 2682 1084 2738; x_wconf 89' lang='lat' dir='ltr'>irrita</span> <span class='ocrx_word' id='word_1_239' title='bbox 1111 2728 1123 2748; x_wconf 95' lang='lat'>,</span> <span class='ocrx_word' id='word_1_240' title='bbox 1169 2694 1221 2740; x_wconf 91' lang='lat' dir='ltr'>et</span> <span class='ocrx_word' id='word_1_241' title='bbox 1267 2702 1378 2741; x_wconf 89' lang='lat' dir='ltr'>non</span> <span class='ocrx_word' id='word_1_242' title='bbox 1422 2696 1810 2742; x_wconf 89' lang='lat' dir='ltr'>annumeretur</span> <span class='ocrx_word' id='word_1_243' title='bbox 1857 2705 1980 2744; x_wconf 89' lang='lat' dir='ltr'>cum</span> 
     </span>
    </p>
   </div>
   <div class='ocr_carea' id='block_1_45' title="bbox 380 2769 956 2840">
    <p class='ocr_par' dir='ltr' id='par_1_45' title="bbox 380 2769 956 2840">
     <span class='ocr_line' id='line_1_45' title="bbox 380 2769 956 2840; baseline 0.003 -17"><span class='ocrx_word' id='word_1_244' title='bbox 380 2769 484 2823; x_wconf 88' lang='lat' dir='ltr'>alia</span> <span class='ocrx_word' id='word_1_245' title='bbox 513 2778 699 2824; x_wconf 87' lang='lat' dir='ltr'>sancta</span> <span class='ocrx_word' id='word_1_246' title='bbox 727 2771 956 2840; x_wconf 84' lang='lat' dir='ltr'>synodo.</span> 
     </span>
    </p>
   </div>
   <div class='ocr_carea' id='block_1_46' title="bbox 455 2875 1983 2944">
    <p class='ocr_par' dir='ltr' id='par_1_46' title="bbox 455 2875 1983 2944">
     <span class='ocr_line' id='line_1_46' title="bbox 455 2875 1983 2944; baseline 0.005 -15"><span class='ocrx_word' id='word_1_247' title='bbox 455 2880 478 2915; x_wconf 75' lang='grc' dir='ltr'>δ</span> <span class='ocrx_word' id='word_1_248' title='bbox 508 2875 782 2930; x_wconf 80' lang='lat' dir='ltr'>Advortite</span> <span class='ocrx_word' id='word_1_249' title='bbox 815 2884 869 2929; x_wconf 93' lang='lat' dir='ltr'>ut</span> <span class='ocrx_word' id='word_1_250' title='bbox 895 2877 1043 2944; x_wconf 84' lang='lat' dir='ltr'>juxta</span> <span class='ocrx_word' id='word_1_251' title='bbox 1095 2879 1408 2933; x_wconf 88' lang='lat' dir='ltr'>mandatum</span> <span class='ocrx_word' id='word_1_252' title='bbox 1455 2890 1698 2935; x_wconf 91' lang='lat' dir='ltr'>nostrum</span> <span class='ocrx_word' id='word_1_253' title='bbox 1745 2882 1818 2936; x_wconf 88' lang='lat' dir='ltr'>ita</span> <span class='ocrx_word' id='word_1_254' title='bbox 1863 2899 1983 2936; x_wconf 88' lang='lat' dir='ltr'>am-</span> 
     </span>
    </p>
   </div>
   <div class='ocr_carea' id='block_1_47' title="bbox 381 2963 1984 3040">
    <p class='ocr_par' dir='ltr' id='par_1_47' title="bbox 381 2963 1984 3040">
     <span class='ocr_line' id='line_1_47' title="bbox 381 2963 1984 3040; baseline 0.005 -24"><span class='ocrx_word' id='word_1_255' title='bbox 381 2963 598 3029; x_wconf 90' lang='lat' dir='ltr'>buletis,</span> <span class='ocrx_word' id='word_1_256' title='bbox 627 2980 800 3034; x_wconf 84' lang='lat' dir='ltr'>neque</span> <span class='ocrx_word' id='word_1_257' title='bbox 823 2965 1140 3019; x_wconf 88' lang='lat' dir='ltr'>muneribus</span> <span class='ocrx_word' id='word_1_258' title='bbox 1157 2982 1256 3020; x_wconf 84' lang='lat' dir='ltr'>vos</span> <span class='ocrx_word' id='word_1_259' title='bbox 1275 2968 1549 3037; x_wconf 88' lang='lat' dir='ltr'>corrumpi</span> <span class='ocrx_word' id='word_1_260' title='bbox 1572 2969 1780 3034; x_wconf 90' lang='lat' dir='ltr'>sinatis,</span> <span class='ocrx_word' id='word_1_261' title='bbox 1807 2987 1984 3040; x_wconf 87' lang='lat' dir='ltr'>neque</span> 
     </span>
    </p>
   </div>
   <div class='ocr_carea' id='block_1_48' title="bbox 378 3050 2052 3148">
    <p class='ocr_par' dir='ltr' id='par_1_48' title="bbox 378 3050 2052 3148">
     <span class='ocr_line' id='line_1_48' title="bbox 378 3050 2052 3148; baseline 0.005 -43"><span class='ocrx_word' id='word_1_262' title='bbox 378 3050 808 3118; x_wconf 87' lang='lat' dir='ltr'>adulationibus,</span> <span class='ocrx_word' id='word_1_263' title='bbox 843 3068 1016 3122; x_wconf 87' lang='lat' dir='ltr'>neque</span> <span class='ocrx_word' id='word_1_264' title='bbox 1048 3053 1209 3106; x_wconf 87' lang='lat' dir='ltr'>minis</span> <span class='ocrx_word' id='word_1_265' title='bbox 1259 3061 1312 3108; x_wconf 90' lang='lat' dir='ltr'>et</span> <span class='ocrx_word' id='word_1_266' title='bbox 1350 3055 1652 3110; x_wconf 87' lang='lat' dir='ltr'>terroribus</span> <span class='ocrx_word' id='word_1_267' title='bbox 1699 3057 2052 3148; x_wconf 77' lang='lat' dir='ltr'>declinetisc</span> 
     </span>
    </p>
   </div>
   <div class='ocr_carea' id='block_1_49' title="bbox 379 3139 1979 3217">
    <p class='ocr_par' dir='ltr' id='par_1_49' title="bbox 379 3139 1979 3217">
     <span class='ocr_line' id='line_1_49' title="bbox 379 3139 1979 3217; baseline 0.005 -26"><span class='ocrx_word' id='word_1_268' title='bbox 379 3139 494 3193; x_wconf 90' lang='lat' dir='ltr'>sive</span> <span class='ocrx_word' id='word_1_269' title='bbox 525 3139 594 3192; x_wconf 91' lang='lat' dir='ltr'>ad</span> <span class='ocrx_word' id='word_1_270' title='bbox 615 3139 891 3193; x_wconf 87' lang='lat' dir='ltr'>dexteram</span> <span class='ocrx_word' id='word_1_271' title='bbox 913 3139 1028 3194; x_wconf 84' lang='lat' dir='ltr'>sive</span> <span class='ocrx_word' id='word_1_272' title='bbox 1049 3141 1116 3194; x_wconf 89' lang='lat' dir='ltr'>ad</span> <span class='ocrx_word' id='word_1_273' title='bbox 1139 3141 1435 3209; x_wconf 88' lang='lat' dir='ltr'>sinistram,</span> <span class='ocrx_word' id='word_1_274' title='bbox 1461 3144 1558 3198; x_wconf 89' lang='lat' dir='ltr'>sed</span> <span class='ocrx_word' id='word_1_275' title='bbox 1590 3145 1801 3217; x_wconf 81' lang='lat' dir='ltr'>regiam</span> <span class='ocrx_word' id='word_1_276' title='bbox 1839 3145 1979 3200; x_wconf 83' lang='lat' dir='ltr'>viam</span> 
     </span>
    </p>
   </div>
   <div class='ocr_carea' id='block_1_50' title="bbox 376 3226 1979 3302">
    <p class='ocr_par' dir='ltr' id='par_1_50' title="bbox 376 3226 1979 3302">
     <span class='ocr_line' id='line_1_50' title="bbox 376 3226 1979 3302; baseline 0.005 -24"><span class='ocrx_word' id='word_1_277' title='bbox 376 3226 609 3280; x_wconf 87' lang='lat' dir='ltr'>incedite</span> <span class='ocrx_word' id='word_1_278' title='bbox 639 3268 653 3291; x_wconf 93' lang='lat'>,</span> <span class='ocrx_word' id='word_1_279' title='bbox 705 3234 966 3298; x_wconf 90' lang='lat' dir='ltr'>tanquam</span> <span class='ocrx_word' id='word_1_280' title='bbox 1016 3229 1278 3282; x_wconf 88' lang='lat' dir='ltr'>habentes</span> <span class='ocrx_word' id='word_1_281' title='bbox 1337 3229 1512 3284; x_wconf 92' lang='lat' dir='ltr'>locum</span> <span class='ocrx_word' id='word_1_282' title='bbox 1561 3239 1613 3286; x_wconf 93' lang='lat' dir='ltr'>et</span> <span class='ocrx_word' id='word_1_283' title='bbox 1656 3241 1979 3302; x_wconf 89' lang='lat' dir='ltr'>potestatem</span> 
     </span>
    </p>
   </div>
   <div class='ocr_carea' id='block_1_51' title="bbox 378 3316 1980 3388">
    <p class='ocr_par' dir='ltr' id='par_1_51' title="bbox 378 3316 1980 3388">
     <span class='ocr_line' id='line_1_51' title="bbox 378 3316 1980 3388; baseline 0.004 -20"><span class='ocrx_word' id='word_1_284' title='bbox 378 3322 644 3380; x_wconf 88' lang='lat' dir='ltr'>nostram,</span> <span class='ocrx_word' id='word_1_285' title='bbox 669 3331 828 3385; x_wconf 87' lang='lat' dir='ltr'>quam</span> <span class='ocrx_word' id='word_1_286' title='bbox 850 3316 1004 3370; x_wconf 86' lang='lat' dir='ltr'>vobis</span> <span class='ocrx_word' id='word_1_287' title='bbox 1023 3325 1249 3386; x_wconf 88' lang='lat' dir='ltr'>propter</span> <span class='ocrx_word' id='word_1_288' title='bbox 1271 3317 1532 3373; x_wconf 83' lang='lat' dir='ltr'>Ecclesia</span> <span class='ocrx_word' id='word_1_289' title='bbox 1560 3335 1752 3388; x_wconf 88' lang='lat' dir='ltr'>pacem</span> <span class='ocrx_word' id='word_1_290' title='bbox 1791 3337 1980 3375; x_wconf 90' lang='lat' dir='ltr'>sumus</span> 
     </span>
    </p>
   </div>
   <div class='ocr_carea' id='block_1_52' title="bbox 378 3401 1980 3481">
    <p class='ocr_par' dir='ltr' id='par_1_52' title="bbox 378 3401 1980 3481">
     <span class='ocr_line' id='line_1_52' title="bbox 378 3401 1980 3481; baseline 0.006 -27"><span class='ocrx_word' id='word_1_291' title='bbox 378 3401 657 3472; x_wconf 87' lang='lat' dir='ltr'>impertiti,</span> <span class='ocrx_word' id='word_1_292' title='bbox 682 3411 742 3456; x_wconf 89' lang='lat' dir='ltr'>ut</span> <span class='ocrx_word' id='word_1_293' title='bbox 759 3412 938 3457; x_wconf 90' lang='lat' dir='ltr'>vestro</span> <span class='ocrx_word' id='word_1_294' title='bbox 959 3404 1144 3459; x_wconf 88' lang='lat' dir='ltr'>labore</span> <span class='ocrx_word' id='word_1_295' title='bbox 1169 3412 1220 3459; x_wconf 88' lang='lat' dir='ltr'>et</span> <span class='ocrx_word' id='word_1_296' title='bbox 1236 3404 1518 3476; x_wconf 88' lang='lat' dir='ltr'>diligentia</span> <span class='ocrx_word' id='word_1_297' title='bbox 1547 3407 1714 3480; x_wconf 82' lang='lat' dir='ltr'>digne</span> <span class='ocrx_word' id='word_1_298' title='bbox 1746 3409 1980 3481; x_wconf 86' lang='lat' dir='ltr'>gratiam</span> 
     </span>
    </p>
   </div>
   <div class='ocr_carea' id='block_1_53' title="bbox 381 3492 1981 3563">
    <p class='ocr_par' dir='ltr' id='par_1_53' title="bbox 381 3492 1981 3563">
     <span class='ocr_line' id='line_1_53' title="bbox 381 3492 1981 3563; baseline 0.006 -20"><span class='ocrx_word' id='word_1_299' title='bbox 381 3498 644 3550; x_wconf 88' lang='lat' dir='ltr'>nostram.</span> <span class='ocrx_word' id='word_1_300' title='bbox 699 3499 752 3545; x_wconf 88' lang='lat' dir='ltr'>et</span> <span class='ocrx_word' id='word_1_301' title='bbox 798 3492 1112 3560; x_wconf 85' lang='lat' dir='ltr'>apostolica</span> <span class='ocrx_word' id='word_1_302' title='bbox 1158 3493 1305 3546; x_wconf 85' lang='lat' dir='ltr'>sedis</span> <span class='ocrx_word' id='word_1_303' title='bbox 1335 3493 1624 3548; x_wconf 88' lang='lat' dir='ltr'>obtineatis</span> <span class='ocrx_word' id='word_1_304' title='bbox 1649 3538 1662 3563; x_wconf 98' lang='lat'>,</span> <span class='ocrx_word' id='word_1_305' title='bbox 1699 3505 1750 3550; x_wconf 89' lang='lat' dir='ltr'>et</span> <span class='ocrx_word' id='word_1_306' title='bbox 1779 3507 1981 3552; x_wconf 84' lang='lat' dir='ltr'>nostra</span> 
     </span>
    </p>
   </div>
   <div class='ocr_carea' id='block_1_54' title="bbox 381 3579 1222 3635">
    <p class='ocr_par' dir='ltr' id='par_1_54' title="bbox 381 3579 1222 3635">
     <span class='ocr_line' id='line_1_54' title="bbox 381 3579 1222 3635; baseline 0 -1"><span class='ocrx_word' id='word_1_307' title='bbox 381 3579 779 3634; x_wconf 89' lang='lat' dir='ltr'>communionis</span> <span class='ocrx_word' id='word_1_308' title='bbox 809 3580 926 3634; x_wconf 89' lang='lat' dir='ltr'>sitis</span> <span class='ocrx_word' id='word_1_309' title='bbox 958 3581 1222 3635; x_wconf 82' lang='lat' dir='ltr'>haredes.</span> 
     </span>
    </p>
   </div>
   <div class='ocr_carea' id='block_1_55' title="bbox 379 3696 1984 3770">
    <p class='ocr_par' dir='ltr' id='par_1_55' title="bbox 379 3696 1984 3770">
     <span class='ocr_line' id='line_1_55' title="bbox 379 3696 1984 3770; baseline 0.005 -22"><span class='ocrx_word' id='word_1_310' title='bbox 379 3696 835 3770; x_wconf 81' lang='lat' dir='ltr'>Subscriptiones_</span> <span class='ocrx_word' id='word_1_311' title='bbox 875 3699 1256 3768; x_wconf 77' lang='lat' dir='ltr'>episwporum</span> <span class='ocrx_word' id='word_1_312' title='bbox 1295 3699 1400 3770; x_wconf 84' lang='lat' dir='ltr'>qui</span> <span class='ocrx_word' id='word_1_313' title='bbox 1445 3700 1842 3770; x_wconf 83' lang='lat' dir='ltr'>interfuerunt</span> <span class='ocrx_word' id='word_1_314' title='bbox 1890 3705 1984 3758; x_wconf 83' lang='lat' dir='ltr'>Ro-</span> 
     </span>
    </p>
   </div>
   <div class='ocr_carea' id='block_1_56' title="bbox 454 3767 1982 3838">
    <p class='ocr_par' dir='ltr' id='par_1_56' title="bbox 454 3767 1982 3838">
     <span class='ocr_line' id='line_1_56' title="bbox 454 3767 1982 3838; baseline 0.005 -19"><span class='ocrx_word' id='word_1_315' title='bbox 454 3783 636 3838; x_wconf 69' lang='lat' dir='ltr'>mana:</span> <span class='ocrx_word' id='word_1_316' title='bbox 664 3767 896 3835; x_wconf 78' lang='lat' dir='ltr'>synodo.</span> <span class='ocrx_word' id='word_1_317' title='bbox 930 3783 1003 3821; x_wconf 75' lang='lat' dir='ltr'>ea:</span> <span class='ocrx_word' id='word_1_318' title='bbox 1031 3767 1139 3838; x_wconf 83' lang='lat' dir='ltr'>qua</span> <span class='ocrx_word' id='word_1_319' title='bbox 1168 3767 1378 3838; x_wconf 85' lang='lat' dir='ltr'>prodiit</span> <span class='ocrx_word' id='word_1_320' title='bbox 1399 3767 1896 3827; x_wconf 83' lang='lat' dir='ltr'>commonitorium</span> <span class='ocrx_word' id='word_1_321' title='bbox 1925 3777 1982 3828; x_wconf 88' lang='lat' dir='ltr'>et</span> 
     </span>
    </p>
   </div>
   <div class='ocr_carea' id='block_1_57' title="bbox 453 3837 1254 3907">
    <p class='ocr_par' dir='ltr' id='par_1_57' title="bbox 453 3837 1254 3907">
     <span class='ocr_line' id='line_1_57' title="bbox 453 3837 1254 3907; baseline 0.002 -17"><span class='ocrx_word' id='word_1_322' title='bbox 453 3837 658 3891; x_wconf 70' lang='lat' dir='ltr'>littera:</span> <span class='ocrx_word' id='word_1_323' title='bbox 687 3839 849 3892; x_wconf 87' lang='lat' dir='ltr'>Petro</span> <span class='ocrx_word' id='word_1_324' title='bbox 884 3837 1061 3907; x_wconf 84' lang='lat' dir='ltr'>legato</span> <span class='ocrx_word' id='word_1_325' title='bbox 1089 3837 1254 3892; x_wconf 69' lang='lat' dir='ltr'>datae.</span> 
     </span>
    </p>
   </div>
   <div class='ocr_carea' id='block_1_58' title="bbox 449 3941 1980 4017">
    <p class='ocr_par' dir='ltr' id='par_1_58' title="bbox 449 3941 1980 4017">
     <span class='ocr_line' id='line_1_58' title="bbox 449 3941 1980 4017; baseline 0.005 -23"><span class='ocrx_word' id='word_1_326' title='bbox 449 3941 738 3997; x_wconf 86' lang='lat' dir='ltr'>Zacharias</span> <span class='ocrx_word' id='word_1_327' title='bbox 777 3942 1066 4012; x_wconf 88' lang='lat' dir='ltr'>episcopus</span> <span class='ocrx_word' id='word_1_328' title='bbox 1095 3943 1359 3999; x_wconf 86' lang='lat' dir='ltr'>Ecclesia</span> <span class='ocrx_word' id='word_1_329' title='bbox 1381 3945 1682 4017; x_wconf 81' lang='lat' dir='ltr'>Anagnina</span> <span class='ocrx_word' id='word_1_330' title='bbox 1705 3955 1758 4000; x_wconf 91' lang='lat' dir='ltr'>et</span> <span class='ocrx_word' id='word_1_331' title='bbox 1779 3945 1980 4001; x_wconf 89' lang='lat' dir='ltr'>biblio-</span> 
     </span>
    </p>
   </div>
   <div class='ocr_carea' id='block_1_59' title="bbox 377 4029 1980 4103">
    <p class='ocr_par' dir='ltr' id='par_1_59' title="bbox 377 4029 1980 4103">
     <span class='ocr_line' id='line_1_59' title="bbox 377 4029 1980 4103; baseline 0.004 -21"><span class='ocrx_word' id='word_1_332' title='bbox 377 4029 652 4084; x_wconf 89' lang='lat' dir='ltr'>thecarius</span> <span class='ocrx_word' id='word_1_333' title='bbox 681 4029 994 4099; x_wconf 82' lang='lat' dir='ltr'>apostolica</span> <span class='ocrx_word' id='word_1_334' title='bbox 1026 4031 1172 4085; x_wconf 86' lang='lat' dir='ltr'>sedis</span> <span class='ocrx_word' id='word_1_335' title='bbox 1202 4031 1256 4084; x_wconf 88' lang='lat' dir='ltr'>in</span> <span class='ocrx_word' id='word_1_336' title='bbox 1285 4032 1322 4085; x_wconf 90' lang='lat' dir='ltr'>h</span> <span class='ocrx_word' id='word_1_337' title='bbox 1343 4047 1394 4086; x_wconf 69' lang='lat' dir='ltr'>ic</span> <span class='ocrx_word' id='word_1_338' title='bbox 1425 4033 1836 4088; x_wconf 89' lang='lat' dir='ltr'>commonitorio</span> <span class='ocrx_word' id='word_1_339' title='bbox 1882 4051 1980 4103; x_wconf 91' lang='lat' dir='ltr'>pro</span> 
     </span>
    </p>
   </div>
   <div class='ocr_carea' id='block_1_60' title="bbox 383 4117 1980 4190">
    <p class='ocr_par' dir='ltr' id='par_1_60' title="bbox 383 4117 1980 4190">
     <span class='ocr_line' id='line_1_60' title="bbox 383 4117 1980 4190; baseline 0.003 -20"><span class='ocrx_word' id='word_1_340' title='bbox 383 4117 689 4187; x_wconf 90' lang='lat' dir='ltr'>receptione</span> <span class='ocrx_word' id='word_1_341' title='bbox 737 4117 912 4171; x_wconf 89' lang='lat' dir='ltr'>Photii</span> <span class='ocrx_word' id='word_1_342' title='bbox 978 4119 1305 4174; x_wconf 88' lang='lat' dir='ltr'>sanctissimi</span> <span class='ocrx_word' id='word_1_343' title='bbox 1372 4119 1696 4188; x_wconf 78' lang='lat' dir='ltr'>patriarcha</span> <span class='ocrx_word' id='word_1_344' title='bbox 1763 4121 1980 4190; x_wconf 85' lang='lat' dir='ltr'>propria</span> 
     </span>
    </p>
   </div>
   <div class='ocr_carea' id='block_1_61' title="bbox 382 4205 896 4276">
    <p class='ocr_par' dir='ltr' id='par_1_61' title="bbox 382 4205 896 4276">
     <span class='ocr_line' id='line_1_61' title="bbox 382 4205 896 4276; baseline -0.002 -18"><span class='ocrx_word' id='word_1_345' title='bbox 382 4219 544 4259; x_wconf 88' lang='lat' dir='ltr'>manu</span> <span class='ocrx_word' id='word_1_346' title='bbox 579 4205 896 4276; x_wconf 89' lang='lat' dir='ltr'>subscripsi.</span> 
     </span>
    </p>
   </div>
   <div class='ocr_carea' id='block_1_62' title="bbox 452 4309 1981 4380">
    <p class='ocr_par' dir='ltr' id='par_1_62' title="bbox 452 4309 1981 4380">
     <span class='ocr_line' id='line_1_62' title="bbox 452 4309 1981 4380; baseline 0.004 -17"><span class='ocrx_word' id='word_1_347' title='bbox 452 4311 715 4364; x_wconf 88' lang='lat' dir='ltr'>Martinus</span> <span class='ocrx_word' id='word_1_348' title='bbox 765 4311 1054 4380; x_wconf 86' lang='lat' dir='ltr'>episcOpus</span> <span class='ocrx_word' id='word_1_349' title='bbox 1108 4309 1366 4366; x_wconf 82' lang='lat' dir='ltr'>Ecclesia</span> <span class='ocrx_word' id='word_1_350' title='bbox 1413 4312 1732 4366; x_wconf 88' lang='lat' dir='ltr'>Narniensis</span> <span class='ocrx_word' id='word_1_351' title='bbox 1778 4313 1832 4366; x_wconf 91' lang='lat' dir='ltr'>in</span> <span class='ocrx_word' id='word_1_352' title='bbox 1877 4315 1981 4370; x_wconf 89' lang='lat' dir='ltr'>hoc</span> 
     </span>
    </p>
   </div>
   <div class='ocr_carea' id='block_1_63' title="bbox 2163 1802 2911 1874">
    <p class='ocr_par' dir='ltr' id='par_1_63' title="bbox 2163 1802 2911 1874">
     <span class='ocr_line' id='line_1_63' title="bbox 2163 1802 2911 1874; baseline 0.001 -17"><span class='ocrx_word' id='word_1_353' title='bbox 2163 1805 2270 1858; x_wconf 91' lang='lat' dir='ltr'>Leo</span> <span class='ocrx_word' id='word_1_354' title='bbox 2301 1803 2565 1860; x_wconf 90' lang='lat' dir='ltr'>diaconus</span> <span class='ocrx_word' id='word_1_355' title='bbox 2596 1802 2911 1874; x_wconf 90' lang='lat' dir='ltr'>subscripsi.</span> 
     </span>
    </p>
   </div>
   <div class='ocr_carea' id='block_1_64' title="bbox 2471 1906 3296 1946">
    <p class='ocr_par' dir='ltr' id='par_1_64' title="bbox 2471 1906 3296 1946">
     <span class='ocr_line' id='line_1_64' title="bbox 2471 1906 3296 1946; baseline 0.002 -2"><span class='ocrx_word' id='word_1_356' title='bbox 2471 1906 2790 1945; x_wconf 72' lang='lat' dir='ltr'>ADNOTATIO</span> <span class='ocrx_word' id='word_1_357' title='bbox 2835 1906 3092 1945; x_wconf 73' lang='lat' dir='ltr'>SEVERINI</span> <span class='ocrx_word' id='word_1_358' title='bbox 3141 1907 3296 1946; x_wconf 74' lang='lat' dir='ltr'>BIN&quot;.</span> 
     </span>
    </p>
   </div>
   <div class='ocr_carea' id='block_1_65' title="bbox 2151 1979 3682 2044">
    <p class='ocr_par' dir='ltr' id='par_1_65' title="bbox 2151 1979 3682 2044">
     <span class='ocr_line' id='line_1_65' title="bbox 2151 1979 3682 2044; baseline 0.003 -10"><span class='ocrx_word' id='word_1_359' title='bbox 2151 1979 2394 2044; x_wconf 80' lang='lat' dir='ltr'>Audisti,</span> <span class='ocrx_word' id='word_1_360' title='bbox 2447 1979 2636 2043; x_wconf 89' lang='lat' dir='ltr'>lector,</span> <span class='ocrx_word' id='word_1_361' title='bbox 2685 1979 3114 2034; x_wconf 90' lang='lat' dir='ltr'>additamentum</span> <span class='ocrx_word' id='word_1_362' title='bbox 3144 1979 3316 2035; x_wconf 90' lang='lat' dir='ltr'>Pbotii</span> <span class='ocrx_word' id='word_1_363' title='bbox 3345 1981 3415 2036; x_wconf 84' lang='lat' dir='ltr'>de</span> <span class='ocrx_word' id='word_1_364' title='bbox 3445 1982 3682 2044; x_wconf 72' lang='lat' dir='ltr'>abroga-</span> 
     </span>
    </p>
   </div>
   <div class='ocr_carea' id='block_1_66' title="bbox 2081 2049 3682 2122">
    <p class='ocr_par' dir='ltr' id='par_1_66' title="bbox 2081 2049 3682 2122">
     <span class='ocr_line' id='line_1_66' title="bbox 2081 2049 3682 2122; baseline 0.002 -18"><span class='ocrx_word' id='word_1_365' title='bbox 2081 2051 2226 2122; x_wconf 86' lang='lat' dir='ltr'>tione</span> <span class='ocrx_word' id='word_1_366' title='bbox 2257 2049 2471 2122; x_wconf 89' lang='lat' dir='ltr'>concilii</span> <span class='ocrx_word' id='word_1_367' title='bbox 2501 2051 2821 2122; x_wconf 65' lang='lat' dir='ltr'>cacumenici</span> <span class='ocrx_word' id='word_1_368' title='bbox 2853 2052 2974 2122; x_wconf 77' lang='lat' dir='ltr'>vui</span> <span class='ocrx_word' id='word_1_369' title='bbox 2997 2051 3098 2122; x_wconf 85' lang='lat' dir='ltr'>sub</span> <span class='ocrx_word' id='word_1_370' title='bbox 3142 2051 3384 2122; x_wconf 80' lang='lat' dir='ltr'>Adriano</span> <span class='ocrx_word' id='word_1_371' title='bbox 3429 2049 3682 2122; x_wconf 76' lang='lat' dir='ltr'>pontiﬁce</span> 
     </span>
    </p>
   </div>
   <div class='ocr_carea' id='block_1_67' title="bbox 2079 2119 3682 2190">
    <p class='ocr_par' dir='ltr' id='par_1_67' title="bbox 2079 2119 3682 2190">
     <span class='ocr_line' id='line_1_67' title="bbox 2079 2119 3682 2190; baseline 0.002 -15"><span class='ocrx_word' id='word_1_372' title='bbox 2079 2121 2358 2185; x_wconf 91' lang='lat' dir='ltr'>celebrati,</span> <span class='ocrx_word' id='word_1_373' title='bbox 2384 2121 2499 2190; x_wconf 91' lang='lat' dir='ltr'>jam</span> <span class='ocrx_word' id='word_1_374' title='bbox 2531 2119 2782 2190; x_wconf 90' lang='lat' dir='ltr'>superius</span> <span class='ocrx_word' id='word_1_375' title='bbox 2811 2121 3150 2190; x_wconf 89' lang='lat' dir='ltr'>apertissime</span> <span class='ocrx_word' id='word_1_376' title='bbox 3182 2119 3531 2187; x_wconf 79' lang='lat' dir='ltr'>redargutum</span> <span class='ocrx_word' id='word_1_377' title='bbox 3576 2123 3682 2178; x_wconf 89' lang='lat' dir='ltr'>fal-</span> 
     </span>
    </p>
   </div>
   <div class='ocr_carea' id='block_1_68' title="bbox 2081 2191 3682 2261">
    <p class='ocr_par' dir='ltr' id='par_1_68' title="bbox 2081 2191 3682 2261">
     <span class='ocr_line' id='line_1_68' title="bbox 2081 2191 3682 2261; baseline 0.003 -16"><span class='ocrx_word' id='word_1_378' title='bbox 2081 2191 2274 2256; x_wconf 75' lang='lat' dir='ltr'>sitatis,</span> <span class='ocrx_word' id='word_1_379' title='bbox 2299 2207 2363 2244; x_wconf 89' lang='lat' dir='ltr'>ex</span> <span class='ocrx_word' id='word_1_380' title='bbox 2387 2191 2623 2246; x_wconf 89' lang='lat' dir='ltr'>recitatis</span> <span class='ocrx_word' id='word_1_381' title='bbox 2659 2191 2883 2246; x_wconf 82' lang='lat' dir='ltr'>Joannis</span> <span class='ocrx_word' id='word_1_382' title='bbox 2927 2207 3082 2261; x_wconf 88' lang='lat' dir='ltr'>papa</span> <span class='ocrx_word' id='word_1_383' title='bbox 3125 2191 3243 2246; x_wconf 85' lang='lat' dir='ltr'><strong>VIII</strong></span> <span class='ocrx_word' id='word_1_384' title='bbox 3273 2192 3538 2260; x_wconf 90' lang='lat' dir='ltr'>epistolis.</span> <span class='ocrx_word' id='word_1_385' title='bbox 3572 2193 3682 2250; x_wconf 88' lang='lat' dir='ltr'>Sed</span> 
     </span>
    </p>
   </div>
   <div class='ocr_carea' id='block_1_69' title="bbox 2081 2261 3680 2334">
    <p class='ocr_par' dir='ltr' id='par_1_69' title="bbox 2081 2261 3680 2334">
     <span class='ocr_line' id='line_1_69' title="bbox 2081 2261 3680 2334; baseline 0.001 -17"><span class='ocrx_word' id='word_1_386' title='bbox 2081 2262 2357 2334; x_wconf 74' lang='lat' dir='ltr'>detegitur</span> <span class='ocrx_word' id='word_1_387' title='bbox 2385 2262 2445 2334; x_wconf 84' lang='lat' dir='ltr'>in</span> <span class='ocrx_word' id='word_1_388' title='bbox 2469 2261 2667 2334; x_wconf 86' lang='lat' dir='ltr'>eodem</span> <span class='ocrx_word' id='word_1_389' title='bbox 2695 2261 3111 2334; x_wconf 86' lang='lat' dir='ltr'>commonitorio</span> <span class='ocrx_word' id='word_1_390' title='bbox 3141 2261 3334 2317; x_wconf 90' lang='lat' dir='ltr'>eadem</span> <span class='ocrx_word' id='word_1_391' title='bbox 3383 2263 3544 2317; x_wconf 90' lang='lat' dir='ltr'>etiam</span> <span class='ocrx_word' id='word_1_392' title='bbox 3574 2264 3680 2318; x_wconf 91' lang='lat' dir='ltr'>im-</span> 
     </span>
    </p>
   </div>
   <div class='ocr_carea' id='block_1_70' title="bbox 2081 2332 3683 2405">
    <p class='ocr_par' dir='ltr' id='par_1_70' title="bbox 2081 2332 3683 2405">
     <span class='ocr_line' id='line_1_70' title="bbox 2081 2332 3683 2405; baseline 0.002 -20"><span class='ocrx_word' id='word_1_393' title='bbox 2081 2332 2307 2403; x_wconf 85' lang='lat' dir='ltr'>postura</span> <span class='ocrx_word' id='word_1_394' title='bbox 2338 2348 2404 2387; x_wconf 83' lang='lat' dir='ltr'>ex</span> <span class='ocrx_word' id='word_1_395' title='bbox 2434 2332 2554 2405; x_wconf 80' lang='lat' dir='ltr'>ipsa</span> <span class='ocrx_word' id='word_1_396' title='bbox 2587 2332 3392 2405; x_wconf 83' lang='lat' dir='ltr'>subscriptione_episcoporum</span> <span class='ocrx_word' id='word_1_397' title='bbox 3413 2375 3426 2398; x_wconf 96' lang='lat'>,</span> <span class='ocrx_word' id='word_1_398' title='bbox 3463 2349 3571 2404; x_wconf 90' lang='lat' dir='ltr'>qua</span> <span class='ocrx_word' id='word_1_399' title='bbox 3601 2335 3683 2405; x_wconf 87' lang='lat' dir='ltr'>(ut</span> 
     </span>
    </p>
   </div>
   <div class='ocr_carea' id='block_1_71' title="bbox 2083 2401 3679 2472">
    <p class='ocr_par' dir='ltr' id='par_1_71' title="bbox 2083 2401 3679 2472">
     <span class='ocr_line' id='line_1_71' title="bbox 2083 2401 3679 2472; baseline 0.001 -14"><span class='ocrx_word' id='word_1_400' title='bbox 2083 2401 2148 2458; x_wconf 82' lang='lat' dir='ltr'>ex</span> <span class='ocrx_word' id='word_1_401' title='bbox 2179 2417 2344 2472; x_wconf 89' lang='lat' dir='ltr'>supra</span> <span class='ocrx_word' id='word_1_402' title='bbox 2374 2401 2566 2472; x_wconf 72' lang='lat' dir='ltr'>poSitis</span> <span class='ocrx_word' id='word_1_403' title='bbox 2599 2401 2854 2470; x_wconf 87' lang='lat' dir='ltr'>vidimus)</span> <span class='ocrx_word' id='word_1_404' title='bbox 2877 2401 3414 2472; x_wconf 43' lang='lat' dir='ltr'>protiténturiomnes</span> <span class='ocrx_word' id='word_1_405' title='bbox 3443 2401 3502 2458; x_wconf 82' lang='lat' dir='ltr'>se</span> <span class='ocrx_word' id='word_1_406' title='bbox 3524 2401 3679 2460; x_wconf 87' lang='lat' dir='ltr'>com-</span> 
     </span>
    </p>
   </div>
   <div class='ocr_carea' id='block_1_72' title="bbox 2082 2472 3680 2542">
    <p class='ocr_par' dir='ltr' id='par_1_72' title="bbox 2082 2472 3680 2542">
     <span class='ocr_line' id='line_1_72' title="bbox 2082 2472 3680 2542; baseline 0.002 -16"><span class='ocrx_word' id='word_1_407' title='bbox 2082 2473 2371 2528; x_wconf 91' lang='lat' dir='ltr'>monitorio</span> <span class='ocrx_word' id='word_1_408' title='bbox 2409 2489 2506 2542; x_wconf 91' lang='lat' dir='ltr'>pro</span> <span class='ocrx_word' id='word_1_409' title='bbox 2542 2472 2713 2527; x_wconf 85' lang='lat' dir='ltr'>Photii</span> <span class='ocrx_word' id='word_1_410' title='bbox 2745 2473 3080 2528; x_wconf 85' lang='lat' dir='ltr'>restitutione</span> <span class='ocrx_word' id='word_1_411' title='bbox 3120 2473 3488 2528; x_wconf 87' lang='lat' dir='ltr'>subscribere.</span> <span class='ocrx_word' id='word_1_412' title='bbox 3523 2473 3680 2542; x_wconf 89' lang='lat' dir='ltr'>Quod</span> 
     </span>
    </p>
   </div>
   <div class='ocr_carea' id='block_1_73' title="bbox 2083 2542 3680 2614">
    <p class='ocr_par' dir='ltr' id='par_1_73' title="bbox 2083 2542 3680 2614">
     <span class='ocr_line' id='line_1_73' title="bbox 2083 2542 3680 2614; baseline 0.001 -16"><span class='ocrx_word' id='word_1_413' title='bbox 2083 2544 2128 2598; x_wconf 92' lang='lat' dir='ltr'>si</span> <span class='ocrx_word' id='word_1_414' title='bbox 2159 2559 2223 2598; x_wconf 81' lang='lat' dir='ltr'>ex</span> <span class='ocrx_word' id='word_1_415' title='bbox 2257 2542 2449 2614; x_wconf 85' lang='lat' dir='ltr'>synodi</span> <span class='ocrx_word' id='word_1_416' title='bbox 2479 2542 2748 2598; x_wconf 91' lang='lat' dir='ltr'>sententia</span> <span class='ocrx_word' id='word_1_417' title='bbox 2776 2542 2997 2614; x_wconf 76' lang='lat' dir='ltr'>definita</span> <span class='ocrx_word' id='word_1_418' title='bbox 3027 2542 3512 2614; x_wconf 85' lang='lat' dir='ltr'>fuissetdamnatio</span> <span class='ocrx_word' id='word_1_419' title='bbox 3532 2560 3680 2600; x_wconf 78' lang='lat' dir='ltr'>acu-</span> 
     </span>
    </p>
   </div>
   <div class='ocr_carea' id='block_1_74' title="bbox 2083 2612 3680 2683">
    <p class='ocr_par' dir='ltr' id='par_1_74' title="bbox 2083 2612 3680 2683">
     <span class='ocr_line' id='line_1_74' title="bbox 2083 2612 3680 2683; baseline 0.002 -17"><span class='ocrx_word' id='word_1_420' title='bbox 2083 2612 2308 2669; x_wconf 85' lang='lat' dir='ltr'>menica</span> <span class='ocrx_word' id='word_1_421' title='bbox 2337 2614 2528 2683; x_wconf 89' lang='lat' dir='ltr'>synodi</span> <span class='ocrx_word' id='word_1_422' title='bbox 2564 2628 2663 2666; x_wconf 86' lang='lat' dir='ltr'>vm</span> <span class='ocrx_word' id='word_1_423' title='bbox 2695 2613 2997 2682; x_wconf 90' lang='lat' dir='ltr'>eademque</span> <span class='ocrx_word' id='word_1_424' title='bbox 3045 2612 3339 2668; x_wconf 87' lang='lat' dir='ltr'>commissa</span> <span class='ocrx_word' id='word_1_425' title='bbox 3385 2613 3580 2683; x_wconf 79' lang='lat' dir='ltr'>legatis</span> <span class='ocrx_word' id='word_1_426' title='bbox 3627 2615 3680 2669; x_wconf 91' lang='lat' dir='ltr'>iu</span> 
     </span>
    </p>
   </div>
   <div class='ocr_carea' id='block_1_75' title="bbox 2082 2683 3682 2755">
    <p class='ocr_par' dir='ltr' id='par_1_75' title="bbox 2082 2683 3682 2755">
     <span class='ocr_line' id='line_1_75' title="bbox 2082 2683 3682 2755; baseline 0.001 -18"><span class='ocrx_word' id='word_1_427' title='bbox 2082 2685 2212 2738; x_wconf 92' lang='lat' dir='ltr'>dato</span> <span class='ocrx_word' id='word_1_428' title='bbox 2249 2684 2354 2755; x_wconf 88' lang='lat' dir='ltr'>illis</span> <span class='ocrx_word' id='word_1_429' title='bbox 2383 2683 2832 2755; x_wconf 86' lang='lat' dir='ltr'>commonitorio,</span> <span class='ocrx_word' id='word_1_430' title='bbox 2873 2683 3134 2738; x_wconf 87' lang='lat' dir='ltr'>credibile</span> <span class='ocrx_word' id='word_1_431' title='bbox 3182 2684 3476 2755; x_wconf 73' lang='lat' dir='ltr'>utiqueest</span> <span class='ocrx_word' id='word_1_432' title='bbox 3503 2685 3682 2755; x_wconf 88' lang='lat' dir='ltr'>magis</span> 
     </span>
    </p>
   </div>
   <div class='ocr_carea' id='block_1_76' title="bbox 2083 2752 3679 2826">
    <p class='ocr_par' dir='ltr' id='par_1_76' title="bbox 2083 2752 3679 2826">
     <span class='ocr_line' id='line_1_76' title="bbox 2083 2752 3679 2826; baseline 0.003 -20"><span class='ocrx_word' id='word_1_433' title='bbox 2083 2769 2202 2826; x_wconf 80' lang='lat' dir='ltr'>eam</span> <span class='ocrx_word' id='word_1_434' title='bbox 2227 2754 2347 2826; x_wconf 78' lang='lat' dir='ltr'>suis</span> <span class='ocrx_word' id='word_1_435' title='bbox 2379 2753 2866 2826; x_wconf 82' lang='lat' dir='ltr'>subscriptionibus</span> <span class='ocrx_word' id='word_1_436' title='bbox 2911 2752 3476 2824; x_wconf 52' lang='lat' dir='ltr'>expressurus&#39;fuisse</span> <span class='ocrx_word' id='word_1_437' title='bbox 3521 2752 3679 2826; x_wconf 73' lang='lat' dir='ltr'>quam</span> 
     </span>
    </p>
   </div>
   <div class='ocr_carea' id='block_1_77' title="bbox 2085 2823 2706 2879">
    <p class='ocr_par' dir='ltr' id='par_1_77' title="bbox 2085 2823 2706 2879">
     <span class='ocr_line' id='line_1_77' title="bbox 2085 2823 2706 2879; baseline 0.003 -3"><span class='ocrx_word' id='word_1_438' title='bbox 2085 2824 2258 2878; x_wconf 83' lang='lat' dir='ltr'>Pliotii</span> <span class='ocrx_word' id='word_1_439' title='bbox 2290 2823 2706 2879; x_wconf 83' lang='lat' dir='ltr'>restitutionem.</span> 
     </span>
    </p>
   </div>
   <div class='ocr_carea' id='block_1_78' title="bbox 2717 2911 3044 2966">
    <p class='ocr_par' dir='ltr' id='par_1_78' title="bbox 2717 2911 3044 2966">
     <span class='ocr_line' id='line_1_78' title="bbox 2717 2911 3044 2966; baseline -0.006 0"><span class='ocrx_word' id='word_1_440' title='bbox 2717 2911 3044 2966; x_wconf 81' lang='lat' dir='ltr'>CCXLVIII.</span> 
     </span>
    </p>
   </div>
   <div class='ocr_carea' id='block_1_79' title="bbox 2086 3014 3669 3058">
    <p class='ocr_par' dir='ltr' id='par_1_79' title="bbox 2086 3014 3669 3058">
     <span class='ocr_line' id='line_1_79' title="bbox 2086 3014 3669 3058; baseline 0.004 -6"><span class='ocrx_word' id='word_1_441' title='bbox 2086 3014 2158 3052; x_wconf 81' lang='grc' dir='ltr'>Αῐ)</span> <span class='ocrx_word' id='word_1_442' title='bbox 2208 3015 2452 3054; x_wconf 72' lang='lat' dir='ltr'><strong>PIIOTIUM</strong></span> <span class='ocrx_word' id='word_1_443' title='bbox 2498 3015 2889 3053; x_wconf 71' lang='lat' dir='ltr'>PATRIARCHAM</span> <span class='ocrx_word' id='word_1_444' title='bbox 2940 3015 3669 3058; x_wconf 67' lang='lat' dir='ltr'>CONSTANTINOPOLITANUN.</span> 
     </span>
    </p>
   </div>
   <div class='ocr_carea' id='block_1_80' title="bbox 2707 3089 3067 3157">
    <p class='ocr_par' dir='ltr' id='par_1_80' title="bbox 2707 3089 3067 3157">
     <span class='ocr_line' id='line_1_80' title="bbox 2707 3089 3067 3157; baseline 0.008 -17"><span class='ocrx_word' id='word_1_445' title='bbox 2707 3090 2888 3156; x_wconf 89' lang='lat' dir='ltr'>(Anno</span> <span class='ocrx_word' id='word_1_446' title='bbox 2919 3089 3067 3157; x_wconf 83' lang='lat'><strong>879.)</strong></span> 
     </span>
    </p>
   </div>
   <div class='ocr_carea' id='block_1_81' title="bbox 2083 3175 3680 3247">
    <p class='ocr_par' dir='ltr' id='par_1_81' title="bbox 2083 3175 3680 3247">
     <span class='ocr_line' id='line_1_81' title="bbox 2083 3175 3680 3247; baseline 0.004 -19"><span class='ocrx_word' id='word_1_447' title='bbox 2083 3175 2346 3230; x_wconf 86' lang='lat' dir='ltr'>Photium</span> <span class='ocrx_word' id='word_1_448' title='bbox 2360 3192 2432 3246; x_wconf 88' lang='lat' dir='ltr'>pa</span> <span class='ocrx_word' id='word_1_449' title='bbox 2441 3175 2750 3247; x_wconf 84' lang='lat' dir='ltr'>triarcha-m</span> <span class='ocrx_word' id='word_1_450' title='bbox 2766 3175 3459 3247; x_wconf 80' lang='lat' dir='ltr'>ConstantinOpolitanum</span> <span class='ocrx_word' id='word_1_451' title='bbox 3475 3183 3680 3236; x_wconf 85' lang='lat' dir='ltr'>consti-</span> 
     </span>
    </p>
   </div>
   <div class='ocr_carea' id='block_1_82' title="bbox 2154 3246 3678 3318">
    <p class='ocr_par' dir='ltr' id='par_1_82' title="bbox 2154 3246 3678 3318">
     <span class='ocr_line' id='line_1_82' title="bbox 2154 3246 3678 3318; baseline 0.003 -19"><span class='ocrx_word' id='word_1_452' title='bbox 2154 3248 2288 3318; x_wconf 82' lang='lat' dir='ltr'>tuit,</span> <span class='ocrx_word' id='word_1_453' title='bbox 2304 3246 2600 3318; x_wconf 73' lang='lat' dir='ltr'>dummodo</span> <span class='ocrx_word' id='word_1_454' title='bbox 2620 3247 2684 3299; x_wconf 86' lang='lat' dir='ltr'>in</span> <span class='ocrx_word' id='word_1_455' title='bbox 2705 3246 3156 3318; x_wconf 17' lang='lat' dir='ltr'>synodo‘veniarn</span> <span class='ocrx_word' id='word_1_456' title='bbox 3186 3249 3467 3318; x_wconf 84' lang='lat' dir='ltr'>postulet;</span> <span class='ocrx_word' id='word_1_457' title='bbox 3489 3249 3678 3306; x_wconf 86' lang='lat' dir='ltr'>decer-</span> 
     </span>
    </p>
   </div>
   <div class='ocr_carea' id='block_1_83' title="bbox 2151 3262 3677 3387">
    <p class='ocr_par' dir='ltr' id='par_1_83' title="bbox 2151 3262 3677 3387">
     <span class='ocr_line' id='line_1_83' title="bbox 2154 3262 3677 3318; baseline 0.003 -19"><span class='ocrx_word' id='word_1_458' title='bbox 2154 3262 2288 3310; x_wconf 77' lang='lat' dir='ltr'>wu,</span> <span class='ocrx_word' id='word_1_459' title='bbox 2304 3262 2600 3300; x_wconf 85' lang='lat' dir='ltr'>aummoao</span> <span class='ocrx_word' id='word_1_460' title='bbox 2620 3262 2684 3299; x_wconf 72' lang='grc' dir='ltr'>ιη</span> <span class='ocrx_word' id='word_1_461' title='bbox 2705 3262 2752 3299; x_wconf 79' lang='lat' dir='ltr'>st</span> <span class='ocrx_word' id='word_1_462' title='bbox 2769 3262 2910 3300; x_wconf 81' lang='lat' dir='ltr'>nouo</span> <span class='ocrx_word' id='word_1_463' title='bbox 2929 3262 3156 3301; x_wconf 80' lang='lat' dir='ltr'>veniam</span> <span class='ocrx_word' id='word_1_464' title='bbox 3186 3262 3467 3318; x_wconf 76' lang='lat' dir='ltr'>postulet,-</span> <span class='ocrx_word' id='word_1_465' title='bbox 3489 3262 3677 3306; x_wconf 83' lang='lat' dir='ltr'>decer-</span> 
     </span>
     <span class='ocr_line' id='line_1_84' title="bbox 2151 3262 3677 3387; baseline 0.003 -17"><span class='ocrx_word' id='word_1_466' title='bbox 2151 3317 2242 3370; x_wconf 89' lang='lat' dir='ltr'>nit</span> <span class='ocrx_word' id='word_1_467' title='bbox 2271 3331 2342 3370; x_wconf 84' lang='lat' dir='ltr'>ne</span> <span class='ocrx_word' id='word_1_468' title='bbox 2375 3315 2638 3387; x_wconf 76' lang='lat' dir='ltr'>deinceps</span> <span class='ocrx_word' id='word_1_469' title='bbox 2669 3262 2822 3387; x_wconf 62' lang='lat' dir='ltr'>uillas</span> <span class='ocrx_word' id='word_1_470' title='bbox 2843 3331 2873 3370; x_wconf 85' lang='lat' dir='ltr'>e</span> <span class='ocrx_word' id='word_1_471' title='bbox 2905 3315 3067 3371; x_wconf 84' lang='lat' dir='ltr'>Iaicis</span> <span class='ocrx_word' id='word_1_472' title='bbox 3101 3317 3164 3371; x_wconf 87' lang='lat' dir='ltr'>in</span> <span class='ocrx_word' id='word_1_473' title='bbox 3198 3317 3392 3372; x_wconf 85' lang='lat' dir='ltr'>eadem</span> <span class='ocrx_word' id='word_1_474' title='bbox 3425 3321 3677 3376; x_wconf 84' lang='lat' dir='ltr'>Ecclesia</span> 
     </span>
    </p>
   </div>
   <div class='ocr_carea' id='block_1_84' title="bbox 2151 3385 3678 3461">
    <p class='ocr_par' dir='ltr' id='par_1_84' title="bbox 2151 3385 3678 3461">
     <span class='ocr_line' id='line_1_85' title="bbox 2151 3385 3678 3461; baseline 0.003 -21"><span class='ocrx_word' id='word_1_475' title='bbox 2151 3385 2674 3461; x_wconf 27' lang='lat' dir='ltr'>s‘t_atim_epi§‘cojgus_</span> <span class='ocrx_word' id='word_1_476' title='bbox 2715 3385 3012 3461; x_wconf 65' lang='lat' dir='ltr'>ordinetur</span> <span class='ocrx_word' id='word_1_477' title='bbox 3053 3405 3070 3441; x_wconf 90' lang='lat'><strong><em>:</em></strong></span> <span class='ocrx_word' id='word_1_478' title='bbox 3111 3388 3277 3461; x_wconf 70' lang='lat' dir='ltr'>Jubet</span> <span class='ocrx_word' id='word_1_479' title='bbox 3321 3389 3678 3461; x_wconf 85' lang='lat' dir='ltr'>Bulgaricam</span> 
     </span>
    </p>
   </div>
   <div class='ocr_carea' id='block_1_85' title="bbox 2151 3457 3298 3513">
    <p class='ocr_par' dir='ltr' id='par_1_85' title="bbox 2151 3457 3298 3513">
     <span class='ocr_line' id='line_1_86' title="bbox 2151 3457 3298 3513; baseline 0 -2"><span class='ocrx_word' id='word_1_480' title='bbox 2151 3457 2432 3511; x_wconf 71' lang='lat' dir='ltr'>diwcesim</span> <span class='ocrx_word' id='word_1_481' title='bbox 2465 3457 2725 3511; x_wconf 73' lang='lat' dir='ltr'>Ecclesia:</span> <span class='ocrx_word' id='word_1_482' title='bbox 2757 3457 3021 3512; x_wconf 75' lang='lat' dir='ltr'>Romana:</span> <span class='ocrx_word' id='word_1_483' title='bbox 3050 3459 3298 3513; x_wconf 86' lang='lat' dir='ltr'>restitui.</span> 
     </span>
    </p>
   </div>
   <div class='ocr_carea' id='block_1_86' title="bbox 2155 3543 3351 3614">
    <p class='ocr_par' dir='ltr' id='par_1_86' title="bbox 2155 3543 3351 3614">
     <span class='ocr_line' id='line_1_87' title="bbox 2155 3543 3351 3614; baseline 0.002 -18"><span class='ocrx_word' id='word_1_484' title='bbox 2155 3545 2362 3596; x_wconf 78' lang='lat' dir='ltr'>Pnorio</span> <span class='ocrx_word' id='word_1_485' title='bbox 2391 3543 2712 3612; x_wconf 90' lang='lat' dir='ltr'>patriarcha</span> <span class='ocrx_word' id='word_1_486' title='bbox 2741 3543 3351 3614; x_wconf 89' lang='lat' dir='ltr'>Constantinopolitano.</span> 
     </span>
    </p>
   </div>
   <div class='ocr_carea' id='block_1_87' title="bbox 2151 3631 3674 3704">
    <p class='ocr_par' dir='ltr' id='par_1_87' title="bbox 2151 3631 3674 3704">
     <span class='ocr_line' id='line_1_88' title="bbox 2151 3631 3674 3704; baseline 0.004 -19"><span class='ocrx_word' id='word_1_487' title='bbox 2151 3640 2172 3664; x_wconf 82' lang='lat'><em>°</em></span> <span class='ocrx_word' id='word_1_488' title='bbox 2202 3631 2549 3702; x_wconf 83' lang='lat' dir='ltr'>Experientia</span> <span class='ocrx_word' id='word_1_489' title='bbox 2578 3639 2680 3686; x_wconf 86' lang='lat' dir='ltr'>tua</span> <span class='ocrx_word' id='word_1_490' title='bbox 2709 3631 3010 3701; x_wconf 88' lang='lat' dir='ltr'>prudentia</span> <span class='ocrx_word' id='word_1_491' title='bbox 3039 3631 3234 3686; x_wconf 90' lang='lat' dir='ltr'>litteris</span> <span class='ocrx_word' id='word_1_492' title='bbox 3263 3633 3539 3704; x_wconf 84' lang='lat' dir='ltr'>pontiﬁcio</span> <span class='ocrx_word' id='word_1_493' title='bbox 3571 3652 3674 3691; x_wconf 90' lang='lat' dir='ltr'>no-</span> 
     </span>
    </p>
   </div>
   <div class='ocr_carea' id='block_1_88' title="bbox 2081 3718 3674 3789">
    <p class='ocr_par' dir='ltr' id='par_1_88' title="bbox 2081 3718 3674 3789">
     <span class='ocr_line' id='line_1_89' title="bbox 2081 3718 3674 3789; baseline 0.003 -15"><span class='ocrx_word' id='word_1_494' title='bbox 2081 3729 2194 3775; x_wconf 90' lang='lat' dir='ltr'>stro</span> <span class='ocrx_word' id='word_1_495' title='bbox 2230 3719 2424 3774; x_wconf 89' lang='lat' dir='ltr'>delatis</span> <span class='ocrx_word' id='word_1_496' title='bbox 2475 3719 2607 3774; x_wconf 89' lang='lat' dir='ltr'>satis</span> <span class='ocrx_word' id='word_1_497' title='bbox 2657 3718 2885 3774; x_wconf 79' lang='lat' dir='ltr'>ubertim</span> <span class='ocrx_word' id='word_1_498' title='bbox 2933 3729 3249 3789; x_wconf 89' lang='lat' dir='ltr'>comperta.</span> <span class='ocrx_word' id='word_1_499' title='bbox 3303 3721 3674 3778; x_wconf 88' lang='lat' dir='ltr'>altitonantem</span> 
     </span>
    </p>
   </div>
   <div class='ocr_carea' id='block_1_89' title="bbox 2083 3805 3674 3878">
    <p class='ocr_par' dir='ltr' id='par_1_89' title="bbox 2083 3805 3674 3878">
     <span class='ocr_line' id='line_1_90' title="bbox 2083 3805 3674 3878; baseline 0.003 -16"><span class='ocrx_word' id='word_1_500' title='bbox 2083 3807 2393 3873; x_wconf 90' lang='lat' dir='ltr'>Dominum,</span> <span class='ocrx_word' id='word_1_501' title='bbox 2425 3807 2700 3878; x_wconf 91' lang='lat' dir='ltr'>piissimas</span> <span class='ocrx_word' id='word_1_502' title='bbox 2731 3805 2781 3861; x_wconf 90' lang='lat' dir='ltr'>ei</span> <span class='ocrx_word' id='word_1_503' title='bbox 2809 3815 2994 3878; x_wconf 81' lang='lat' dir='ltr'>grates</span> <span class='ocrx_word' id='word_1_504' title='bbox 3024 3817 3251 3878; x_wconf 82' lang='lat' dir='ltr'>agentes</span> <span class='ocrx_word' id='word_1_505' title='bbox 3272 3851 3285 3874; x_wconf 93' lang='lat'>,</span> <span class='ocrx_word' id='word_1_506' title='bbox 3315 3808 3674 3876; x_wconf 86' lang='lat' dir='ltr'>laudavimus,</span> 
     </span>
    </p>
   </div>
   <div class='ocr_carea' id='block_1_90' title="bbox 2079 3894 3678 3967">
    <p class='ocr_par' dir='ltr' id='par_1_90' title="bbox 2079 3894 3678 3967">
     <span class='ocr_line' id='line_1_91' title="bbox 2079 3894 3678 3967; baseline 0.004 -18"><span class='ocrx_word' id='word_1_507' title='bbox 2079 3896 2171 3967; x_wconf 90' lang='lat' dir='ltr'>qui</span> <span class='ocrx_word' id='word_1_508' title='bbox 2205 3894 2509 3966; x_wconf 91' lang='lat' dir='ltr'>postulatus</span> <span class='ocrx_word' id='word_1_509' title='bbox 2555 3894 2646 3949; x_wconf 90' lang='lat' dir='ltr'>dat</span> <span class='ocrx_word' id='word_1_510' title='bbox 2679 3894 2931 3948; x_wconf 88' lang='lat' dir='ltr'>omnibus</span> <span class='ocrx_word' id='word_1_511' title='bbox 2979 3895 3316 3965; x_wconf 89' lang='lat' dir='ltr'>sapientiam,</span> <span class='ocrx_word' id='word_1_512' title='bbox 3349 3905 3402 3950; x_wconf 92' lang='lat' dir='ltr'>et</span> <span class='ocrx_word' id='word_1_513' title='bbox 3431 3897 3485 3951; x_wconf 89' lang='lat' dir='ltr'>in</span> <span class='ocrx_word' id='word_1_514' title='bbox 3514 3898 3678 3955; x_wconf 91' lang='lat' dir='ltr'>domo</span> 
     </span>
    </p>
   </div>
   <div class='ocr_carea' id='block_1_91' title="bbox 2080 3982 3680 4057">
    <p class='ocr_par' dir='ltr' id='par_1_91' title="bbox 2080 3982 3680 4057">
     <span class='ocr_line' id='line_1_92' title="bbox 2080 3982 3680 4057; baseline 0.003 -20"><span class='ocrx_word' id='word_1_515' title='bbox 2080 3983 2283 4039; x_wconf 88' lang='lat' dir='ltr'>faciens</span> <span class='ocrx_word' id='word_1_516' title='bbox 2315 3982 2599 4038; x_wconf 90' lang='lat' dir='ltr'>unanimes</span> <span class='ocrx_word' id='word_1_517' title='bbox 2629 3983 2900 4044; x_wconf 88' lang='lat' dir='ltr'>habitare,</span> <span class='ocrx_word' id='word_1_518' title='bbox 2957 3983 3126 4038; x_wconf 87' lang='lat' dir='ltr'>salvat</span> <span class='ocrx_word' id='word_1_519' title='bbox 3168 3999 3358 4038; x_wconf 91' lang='lat' dir='ltr'>omnes</span> <span class='ocrx_word' id='word_1_520' title='bbox 3384 3985 3436 4038; x_wconf 95' lang='lat' dir='ltr'>in</span> <span class='ocrx_word' id='word_1_521' title='bbox 3465 4001 3525 4040; x_wconf 88' lang='lat' dir='ltr'>se</span> <span class='ocrx_word' id='word_1_522' title='bbox 3556 4002 3680 4057; x_wconf 90' lang='lat' dir='ltr'>spe-</span> 
     </span>
    </p>
   </div>
   <div class='ocr_carea' id='block_1_92' title="bbox 2081 4069 3680 4142">
    <p class='ocr_par' dir='ltr' id='par_1_92' title="bbox 2081 4069 3680 4142">
     <span class='ocr_line' id='line_1_93' title="bbox 2081 4069 3680 4142; baseline 0.003 -18"><span class='ocrx_word' id='word_1_523' title='bbox 2081 4079 2278 4138; x_wconf 89' lang='lat' dir='ltr'>rantes,</span> <span class='ocrx_word' id='word_1_524' title='bbox 2313 4079 2364 4125; x_wconf 89' lang='lat' dir='ltr'>et</span> <span class='ocrx_word' id='word_1_525' title='bbox 2394 4069 2630 4141; x_wconf 76' lang='lat' dir='ltr'>protegit</span> <span class='ocrx_word' id='word_1_526' title='bbox 2661 4085 2719 4122; x_wconf 90' lang='lat' dir='ltr'>se</span> <span class='ocrx_word' id='word_1_527' title='bbox 2749 4069 2804 4122; x_wconf 90' lang='lat' dir='ltr'>in</span> <span class='ocrx_word' id='word_1_528' title='bbox 2834 4069 3060 4124; x_wconf 89' lang='lat' dir='ltr'>veritate</span> <span class='ocrx_word' id='word_1_529' title='bbox 3089 4079 3428 4141; x_wconf 71' lang='lat' dir='ltr'>quaerentes;</span> <span class='ocrx_word' id='word_1_530' title='bbox 3463 4073 3554 4142; x_wconf 91' lang='lat' dir='ltr'>qui</span> <span class='ocrx_word' id='word_1_531' title='bbox 3583 4089 3680 4128; x_wconf 88' lang='lat' dir='ltr'>ne-</span> 
     </span>
    </p>
   </div>
   <div class='ocr_carea' id='block_1_93' title="bbox 2079 4155 3675 4230">
    <p class='ocr_par' dir='ltr' id='par_1_93' title="bbox 2079 4155 3675 4230">
     <span class='ocr_line' id='line_1_94' title="bbox 2079 4155 3675 4230; baseline 0.002 -18"><span class='ocrx_word' id='word_1_532' title='bbox 2079 4175 2186 4230; x_wconf 90' lang='lat' dir='ltr'>que</span> <span class='ocrx_word' id='word_1_533' title='bbox 2215 4157 2439 4228; x_wconf 89' lang='lat' dir='ltr'>probos,</span> <span class='ocrx_word' id='word_1_534' title='bbox 2475 4172 2619 4221; x_wconf 88' lang='lat' dir='ltr'>reos,</span> <span class='ocrx_word' id='word_1_535' title='bbox 2653 4171 2830 4226; x_wconf 90' lang='lat' dir='ltr'>neque</span> <span class='ocrx_word' id='word_1_536' title='bbox 2857 4155 2983 4210; x_wconf 85' lang='lat' dir='ltr'>facit</span> <span class='ocrx_word' id='word_1_537' title='bbox 3010 4157 3150 4226; x_wconf 91' lang='lat' dir='ltr'>pios,</span> <span class='ocrx_word' id='word_1_538' title='bbox 3174 4166 3432 4227; x_wconf 85' lang='lat' dir='ltr'>tyrannos</span> <span class='ocrx_word' id='word_1_539' title='bbox 3457 4175 3470 4213; x_wconf 91' lang='lat'>:</span> <span class='ocrx_word' id='word_1_540' title='bbox 3497 4167 3675 4215; x_wconf 88' lang='lat' dir='ltr'>tamen</span> 
     </span>
    </p>
   </div>
   <div class='ocr_carea' id='block_1_94' title="bbox 2073 4243 3678 4316">
    <p class='ocr_par' dir='ltr' id='par_1_94' title="bbox 2073 4243 3678 4316">
     <span class='ocr_line' id='line_1_95' title="bbox 2073 4243 3678 4316; baseline 0.003 -18"><span class='ocrx_word' id='word_1_541' title='bbox 2073 4246 2218 4314; x_wconf 90' lang='lat' dir='ltr'>juste</span> <span class='ocrx_word' id='word_1_542' title='bbox 2239 4244 2515 4314; x_wconf 84' lang='lat' dir='ltr'>judicans,</span> <span class='ocrx_word' id='word_1_543' title='bbox 2551 4243 2724 4298; x_wconf 91' lang='lat' dir='ltr'>beatis</span> <span class='ocrx_word' id='word_1_544' title='bbox 2753 4243 3084 4314; x_wconf 91' lang='lat' dir='ltr'>quibuslibet</span> <span class='ocrx_word' id='word_1_545' title='bbox 3113 4253 3316 4299; x_wconf 84' lang='lat' dir='ltr'>aterna</span> <span class='ocrx_word' id='word_1_546' title='bbox 3345 4247 3591 4316; x_wconf 85' lang='lat' dir='ltr'>pramia,</span> <span class='ocrx_word' id='word_1_547' title='bbox 3624 4257 3678 4303; x_wconf 90' lang='lat' dir='ltr'>et</span> 
     </span>
    </p>
   </div>
   <div class='ocr_carea' id='block_1_95' title="bbox 2078 4331 3673 4405">
    <p class='ocr_par' dir='ltr' id='par_1_95' title="bbox 2078 4331 3673 4405">
     <span class='ocr_line' id='line_1_96' title="bbox 2078 4331 3673 4405; baseline 0.003 -19"><span class='ocrx_word' id='word_1_548' title='bbox 2078 4332 2404 4397; x_wconf 81' lang='lat' dir='ltr'>infelicibus,</span> <span class='ocrx_word' id='word_1_549' title='bbox 2437 4339 2717 4386; x_wconf 90' lang='lat' dir='ltr'>reservato</span> <span class='ocrx_word' id='word_1_550' title='bbox 2747 4331 2965 4386; x_wconf 90' lang='lat' dir='ltr'>interim</span> <span class='ocrx_word' id='word_1_551' title='bbox 3007 4331 3359 4402; x_wconf 79' lang='lat' dir='ltr'>paenitudinis</span> <span class='ocrx_word' id='word_1_552' title='bbox 3404 4342 3673 4405; x_wconf 90' lang='lat' dir='ltr'>tempore,</span> 
     </span>
    </p>
   </div>
   <div class='ocr_carea' id='block_1_96' title="bbox 379 4397 1985 4497">
    <p class='ocr_par' dir='ltr' id='par_1_96' title="bbox 379 4397 1976 4468">
     <span class='ocr_line' id='line_1_97' title="bbox 379 4397 1976 4468; baseline 0.003 -15"><span class='ocrx_word' id='word_1_553' title='bbox 379 4398 794 4453; x_wconf 89' lang='lat' dir='ltr'>commonitorio</span> <span class='ocrx_word' id='word_1_554' title='bbox 817 4397 1128 4468; x_wconf 72' lang='lat' dir='ltr'>apostolicae</span> <span class='ocrx_word' id='word_1_555' title='bbox 1159 4398 1304 4452; x_wconf 90' lang='lat' dir='ltr'>sedis</span> <span class='ocrx_word' id='word_1_556' title='bbox 1334 4415 1434 4468; x_wconf 92' lang='lat' dir='ltr'>pro</span> <span class='ocrx_word' id='word_1_557' title='bbox 1469 4400 1807 4456; x_wconf 89' lang='lat' dir='ltr'>restitutione</span> <span class='ocrx_word' id='word_1_558' title='bbox 1838 4402 1976 4457; x_wconf 87' lang='lat' dir='ltr'>Pho-</span> 
     </span>
    </p>
   </div>
   <div class='ocr_carea' id='block_1_97' title="bbox 2078 4397 3674 4497">
    <p class='ocr_par' dir='ltr' id='par_1_97' title="bbox 2078 4397 3674 4484">
     <span class='ocr_line' id='line_1_98' title="bbox 2078 4397 3674 4484; baseline 0.003 -16"><span class='ocrx_word' id='word_1_559' title='bbox 2078 4415 2182 4470; x_wconf 90' lang='lat' dir='ltr'>nisi</span> <span class='ocrx_word' id='word_1_560' title='bbox 2213 4414 2554 4484; x_wconf 89' lang='lat' dir='ltr'>resipuerint,</span> <span class='ocrx_word' id='word_1_561' title='bbox 2587 4422 2790 4468; x_wconf 69' lang='lat' dir='ltr'>aeterna</span> <span class='ocrx_word' id='word_1_562' title='bbox 2819 4397 3030 4468; x_wconf 73' lang='lat' dir='ltr'>confert</span> <span class='ocrx_word' id='word_1_563' title='bbox 3071 4414 3352 4484; x_wconf 91' lang='lat' dir='ltr'>supplicia.</span> <span class='ocrx_word' id='word_1_564' title='bbox 3401 4397 3674 4472; x_wconf 77' lang='lat' dir='ltr'>Pradictis</span> 
     </span>
    </p>
   </div>
   <div class='ocr_carea' id='block_1_98' title="bbox 377 4485 1970 4560">
    <p class='ocr_par' dir='ltr' id='par_1_98' title="bbox 377 4485 1970 4560">
     <span class='ocr_line' id='line_1_99' title="bbox 377 4485 1970 4560; baseline 0.003 -21"><span class='ocrx_word' id='word_1_565' title='bbox 377 4486 436 4540; x_wconf 89' lang='lat' dir='ltr'>tii</span> <span class='ocrx_word' id='word_1_566' title='bbox 462 4486 784 4542; x_wconf 88' lang='lat' dir='ltr'>sanctissimi</span> <span class='ocrx_word' id='word_1_567' title='bbox 815 4485 1140 4556; x_wconf 85' lang='lat' dir='ltr'>patriarcha</span> <span class='ocrx_word' id='word_1_568' title='bbox 1170 4486 1391 4557; x_wconf 90' lang='lat' dir='ltr'>propria</span> <span class='ocrx_word' id='word_1_569' title='bbox 1419 4503 1580 4542; x_wconf 87' lang='lat' dir='ltr'>manu</span> <span class='ocrx_word' id='word_1_570' title='bbox 1619 4489 1922 4560; x_wconf 90' lang='lat' dir='ltr'>subscripsi</span> <span class='ocrx_word' id='word_1_571' title='bbox 1958 4507 1970 4543; x_wconf 92' lang='lat'><strong>:</strong></span> 
     </span>
    </p>
   </div>
   <div class='ocr_carea' id='block_1_99' title="bbox 380 4573 1094 4645">
    <p class='ocr_par' dir='ltr' id='par_1_99' title="bbox 380 4573 1094 4645">
     <span class='ocr_line' id='line_1_100' title="bbox 380 4573 1094 4645; baseline -0.003 -17"><span class='ocrx_word' id='word_1_572' title='bbox 380 4573 458 4628; x_wconf 90' lang='lat' dir='ltr'>sic</span> <span class='ocrx_word' id='word_1_573' title='bbox 479 4582 530 4629; x_wconf 90' lang='lat' dir='ltr'>et</span> <span class='ocrx_word' id='word_1_574' title='bbox 561 4574 727 4645; x_wconf 88' lang='lat' dir='ltr'>aliqui</span> <span class='ocrx_word' id='word_1_575' title='bbox 757 4582 1047 4644; x_wconf 88' lang='lat' dir='ltr'>sequentes</span> <span class='ocrx_word' id='word_1_576' title='bbox 1081 4591 1094 4626; x_wconf 86' lang='lat'>:</span> 
     </span>
    </p>
   </div>
   <div class='ocr_carea' id='block_1_100' title="bbox 452 4676 1375 4750">
    <p class='ocr_par' dir='ltr' id='par_1_100' title="bbox 452 4676 1375 4750">
     <span class='ocr_line' id='line_1_101' title="bbox 452 4676 1375 4750; baseline -0.007 -16"><span class='ocrx_word' id='word_1_577' title='bbox 452 4679 766 4735; x_wconf 91' lang='lat' dir='ltr'>Dominicus</span> <span class='ocrx_word' id='word_1_578' title='bbox 795 4681 1083 4750; x_wconf 88' lang='lat' dir='ltr'>episcopus</span> <span class='ocrx_word' id='word_1_579' title='bbox 1113 4676 1375 4732; x_wconf 85' lang='lat' dir='ltr'>Triventi.</span> 
     </span>
    </p>
   </div>
   <div class='ocr_carea' id='block_1_101' title="bbox 451 4764 1350 4838">
    <p class='ocr_par' dir='ltr' id='par_1_101' title="bbox 451 4764 1350 4838">
     <span class='ocr_line' id='line_1_102' title="bbox 451 4764 1350 4838; baseline -0.004 -17"><span class='ocrx_word' id='word_1_580' title='bbox 451 4767 660 4822; x_wconf 84' lang='lat' dir='ltr'>Florius</span> <span class='ocrx_word' id='word_1_581' title='bbox 691 4768 977 4838; x_wconf 85' lang='lat' dir='ltr'>episcopus</span> <span class='ocrx_word' id='word_1_582' title='bbox 1008 4764 1350 4820; x_wconf 85' lang='lat' dir='ltr'>Maturensis.</span> 
     </span>
    </p>
   </div>
   <div class='ocr_carea' id='block_1_102' title="bbox 450 4853 1469 4925">
    <p class='ocr_par' dir='ltr' id='par_1_102' title="bbox 450 4853 1469 4925">
     <span class='ocr_line' id='line_1_103' title="bbox 450 4853 1469 4925; baseline -0.005 -15"><span class='ocrx_word' id='word_1_583' title='bbox 450 4856 786 4911; x_wconf 83' lang='lat' dir='ltr'>Gaudericus</span> <span class='ocrx_word' id='word_1_584' title='bbox 815 4855 1104 4925; x_wconf 90' lang='lat' dir='ltr'>episcopus</span> <span class='ocrx_word' id='word_1_585' title='bbox 1137 4853 1469 4908; x_wconf 88' lang='lat' dir='ltr'>Velitrensis.</span> 
     </span>
    </p>
   </div>
   <div class='ocr_carea' id='block_1_103' title="bbox 451 4941 1437 5015">
    <p class='ocr_par' dir='ltr' id='par_1_103' title="bbox 451 4941 1437 5015">
     <span class='ocr_line' id='line_1_104' title="bbox 451 4941 1437 5015; baseline -0.007 -15"><span class='ocrx_word' id='word_1_586' title='bbox 451 4945 750 5014; x_wconf 90' lang='lat' dir='ltr'>Stephanus</span> <span class='ocrx_word' id='word_1_587' title='bbox 782 4944 1070 5015; x_wconf 89' lang='lat' dir='ltr'>episcopus</span> <span class='ocrx_word' id='word_1_588' title='bbox 1101 4941 1437 4997; x_wconf 88' lang='lat' dir='ltr'>Ferentinas.</span> 
     </span>
    </p>
   </div>
   <div class='ocr_carea' id='block_1_104' title="bbox 449 5028 1628 5103">
    <p class='ocr_par' dir='ltr' id='par_1_104' title="bbox 449 5028 1628 5103">
     <span class='ocr_line' id='line_1_105' title="bbox 449 5028 1628 5103; baseline -0.005 -15"><span class='ocrx_word' id='word_1_589' title='bbox 449 5034 554 5088; x_wconf 88' lang='lat' dir='ltr'>Leo</span> <span class='ocrx_word' id='word_1_590' title='bbox 585 5033 873 5103; x_wconf 91' lang='lat' dir='ltr'>episcopus</span> <span class='ocrx_word' id='word_1_591' title='bbox 904 5031 1197 5086; x_wconf 87' lang='lat' dir='ltr'>Gabiensis</span> <span class='ocrx_word' id='word_1_592' title='bbox 1227 5028 1628 5102; x_wconf 86' lang='lat' dir='ltr'>[Sabiniensis].</span> 
     </span>
    </p>
   </div>
   <div class='ocr_carea' id='block_1_105' title="bbox 447 5117 1578 5191">
    <p class='ocr_par' dir='ltr' id='par_1_105' title="bbox 447 5117 1578 5191">
     <span class='ocr_line' id='line_1_106' title="bbox 447 5117 1578 5191; baseline -0.004 -17"><span class='ocrx_word' id='word_1_593' title='bbox 447 5121 638 5175; x_wconf 87' lang='lat' dir='ltr'>Petrus</span> <span class='ocrx_word' id='word_1_594' title='bbox 669 5121 957 5191; x_wconf 91' lang='lat' dir='ltr'>episcopus</span> <span class='ocrx_word' id='word_1_595' title='bbox 990 5117 1578 5188; x_wconf 89' lang='lat' dir='ltr'>Forosemproniensis.</span> 
     </span>
    </p>
   </div>
   <div class='ocr_carea' id='block_1_106' title="bbox 455 5206 1330 5279">
    <p class='ocr_par' dir='ltr' id='par_1_106' title="bbox 455 5206 1330 5279">
     <span class='ocr_line' id='line_1_107' title="bbox 455 5206 1330 5279; baseline -0.006 -16"><span class='ocrx_word' id='word_1_596' title='bbox 455 5211 559 5264; x_wconf 85' lang='lat' dir='ltr'>Leo</span> <span class='ocrx_word' id='word_1_597' title='bbox 587 5209 876 5279; x_wconf 91' lang='lat' dir='ltr'>episcopus</span> <span class='ocrx_word' id='word_1_598' title='bbox 901 5206 1330 5262; x_wconf 87' lang='lat' dir='ltr'>Tarracinensis.</span> 
     </span>
    </p>
   </div>
   <div class='ocr_carea' id='block_1_107' title="bbox 451 5286 1445 5368">
    <p class='ocr_par' dir='ltr' id='par_1_107' title="bbox 451 5286 1445 5368">
     <span class='ocr_line' id='line_1_108' title="bbox 451 5286 1445 5368; baseline -0.007 -18"><span class='ocrx_word' id='word_1_599' title='bbox 451 5297 764 5368; x_wconf 88' lang='lat' dir='ltr'>Walpertus</span> <span class='ocrx_word' id='word_1_600' title='bbox 795 5297 1085 5368; x_wconf 90' lang='lat' dir='ltr'>episcopus</span> <span class='ocrx_word' id='word_1_601' title='bbox 1115 5286 1445 5349; x_wconf 79' lang='lat' dir='ltr'>Portuensis.</span> 
     </span>
    </p>
   </div>
   <div class='ocr_carea' id='block_1_108' title="bbox 447 5431 1973 5504">
    <p class='ocr_par' dir='ltr' id='par_1_108' title="bbox 447 5431 1973 5504">
     <span class='ocr_line' id='line_1_109' title="bbox 447 5431 1973 5504; baseline -0.009 -13"><span class='ocrx_word' id='word_1_602' title='bbox 447 5447 470 5474; x_wconf 74' lang='grc'>⁸</span> <span class='ocrx_word' id='word_1_603' title='bbox 494 5442 596 5491; x_wconf 76' lang='lat' dir='ltr'>Non</span> <span class='ocrx_word' id='word_1_604' title='bbox 621 5453 793 5504; x_wconf 83' lang='lat' dir='ltr'>preces</span> <span class='ocrx_word' id='word_1_605' title='bbox 819 5445 1006 5490; x_wconf 88' lang='lat' dir='ltr'>tantum</span> <span class='ocrx_word' id='word_1_606' title='bbox 1031 5438 1117 5488; x_wconf 87' lang='lat' dir='ltr'>sed</span> <span class='ocrx_word' id='word_1_607' title='bbox 1143 5433 1696 5488; x_wconf 83' lang='lat' dir='ltr'>excommunicationem</span> <span class='ocrx_word' id='word_1_608' title='bbox 1723 5431 1973 5478; x_wconf 78' lang='lat' dir='ltr'>continent</span> 
     </span>
    </p>
   </div>
   <div class='ocr_carea' id='block_1_109' title="bbox 382 5507 1401 5568">
    <p class='ocr_par' dir='ltr' id='par_1_109' title="bbox 382 5507 1401 5568">
     <span class='ocr_line' id='line_1_110' title="bbox 382 5507 1401 5568; baseline -0.007 -11"><span class='ocrx_word' id='word_1_609' title='bbox 382 5507 579 5558; x_wconf 80' lang='lat' dir='ltr'>Joannis</span> <span class='ocrx_word' id='word_1_610' title='bbox 614 5509 792 5557; x_wconf 77' lang='lat' dir='ltr'>littera</span> <span class='ocrx_word' id='word_1_611' title='bbox 816 5507 875 5557; x_wconf 89' lang='lat' dir='ltr'>de</span> <span class='ocrx_word' id='word_1_612' title='bbox 901 5507 1211 5568; x_wconf 76' lang='lat' dir='ltr'>Bulgarorum</span> <span class='ocrx_word' id='word_1_613' title='bbox 1237 5514 1401 5553; x_wconf 87' lang='lat' dir='ltr'>causa.</span> 
     </span>
    </p>
   </div>
   <div class='ocr_carea' id='block_1_110' title="bbox 452 5595 1970 5664">
    <p class='ocr_par' dir='ltr' id='par_1_110' title="bbox 452 5595 1970 5664">
     <span class='ocr_line' id='line_1_111' title="bbox 452 5595 1970 5664; baseline -0.009 -7"><span class='ocrx_word' id='word_1_614' title='bbox 452 5632 476 5664; x_wconf 82' lang='grc' dir='ltr'>ι,</span> <span class='ocrx_word' id='word_1_615' title='bbox 525 5611 664 5658; x_wconf 75' lang='lat' dir='ltr'>Vides</span> <span class='ocrx_word' id='word_1_616' title='bbox 731 5610 853 5657; x_wconf 83' lang='lat' dir='ltr'>idem</span> <span class='ocrx_word' id='word_1_617' title='bbox 903 5607 1282 5657; x_wconf 78' lang='lat' dir='ltr'>additamentum</span> <span class='ocrx_word' id='word_1_618' title='bbox 1347 5604 1423 5651; x_wconf 74' lang='lat' dir='ltr'>hic</span> <span class='ocrx_word' id='word_1_619' title='bbox 1491 5617 1516 5649; x_wconf 67' lang='grc' dir='ltr'>ει</span> <span class='ocrx_word' id='word_1_620' title='bbox 1583 5599 1776 5648; x_wconf 78' lang='lat' dir='ltr'>falsario</span> <span class='ocrx_word' id='word_1_621' title='bbox 1847 5595 1970 5658; x_wconf 78' lang='lat' dir='ltr'>quod</span> 
     </span>
    </p>
   </div>
   <div class='ocr_carea' id='block_1_111' title="bbox 2076 4501 3674 4574">
    <p class='ocr_par' dir='ltr' id='par_1_111' title="bbox 2076 4501 3674 4574">
     <span class='ocr_line' id='line_1_112' title="bbox 2076 4501 3674 4574; baseline 0.001 -17"><span class='ocrx_word' id='word_1_622' title='bbox 2076 4519 2293 4574; x_wconf 88' lang='lat' dir='ltr'>quoque</span> <span class='ocrx_word' id='word_1_623' title='bbox 2322 4503 2517 4558; x_wconf 87' lang='lat' dir='ltr'>litteris</span> <span class='ocrx_word' id='word_1_624' title='bbox 2564 4501 2838 4572; x_wconf 87' lang='lat' dir='ltr'>praconia</span> <span class='ocrx_word' id='word_1_625' title='bbox 2884 4509 3068 4557; x_wconf 74' lang='lat' dir='ltr'>nostra</span> <span class='ocrx_word' id='word_1_626' title='bbox 3117 4501 3382 4574; x_wconf 90' lang='lat' dir='ltr'>legentes,</span> <span class='ocrx_word' id='word_1_627' title='bbox 3420 4503 3674 4559; x_wconf 72' lang='lat' dir='ltr'>affectum</span> 
     </span>
    </p>
   </div>
   <div class='ocr_carea' id='block_1_112' title="bbox 2074 4590 3673 4664">
    <p class='ocr_par' dir='ltr' id='par_1_112' title="bbox 2074 4590 3673 4664">
     <span class='ocr_line' id='line_1_113' title="bbox 2074 4590 3673 4664; baseline 0.003 -19"><span class='ocrx_word' id='word_1_628' title='bbox 2074 4599 2222 4646; x_wconf 91' lang='lat' dir='ltr'>tuum</span> <span class='ocrx_word' id='word_1_629' title='bbox 2253 4590 2632 4664; x_wconf 90' lang='lat' dir='ltr'>cognovimus,</span> <span class='ocrx_word' id='word_1_630' title='bbox 2665 4599 2716 4646; x_wconf 89' lang='lat' dir='ltr'>et</span> <span class='ocrx_word' id='word_1_631' title='bbox 2747 4605 2914 4662; x_wconf 90' lang='lat' dir='ltr'>quam</span> <span class='ocrx_word' id='word_1_632' title='bbox 2943 4590 3018 4645; x_wconf 92' lang='lat' dir='ltr'>sis</span> <span class='ocrx_word' id='word_1_633' title='bbox 3049 4606 3192 4646; x_wconf 89' lang='lat' dir='ltr'>nunc</span> <span class='ocrx_word' id='word_1_634' title='bbox 3214 4607 3342 4661; x_wconf 89' lang='lat' dir='ltr'>erga</span> <span class='ocrx_word' id='word_1_635' title='bbox 3372 4606 3472 4646; x_wconf 93' lang='lat' dir='ltr'>nos</span> <span class='ocrx_word' id='word_1_636' title='bbox 3500 4592 3673 4649; x_wconf 83' lang='lat' dir='ltr'>devo-</span> 
     </span>
    </p>
   </div>
   <div class='ocr_carea' id='block_1_113' title="bbox 2075 4678 3676 4749">
    <p class='ocr_par' dir='ltr' id='par_1_113' title="bbox 2075 4678 3676 4749">
     <span class='ocr_line' id='line_1_114' title="bbox 2075 4678 3676 4749; baseline 0.001 -15"><span class='ocrx_word' id='word_1_637' title='bbox 2075 4688 2181 4748; x_wconf 88' lang='lat' dir='ltr'>tus,</span> <span class='ocrx_word' id='word_1_638' title='bbox 2217 4679 2349 4734; x_wconf 90' lang='lat' dir='ltr'>satis</span> <span class='ocrx_word' id='word_1_639' title='bbox 2378 4678 2660 4734; x_wconf 89' lang='lat' dir='ltr'>evidenter</span> <span class='ocrx_word' id='word_1_640' title='bbox 2688 4678 2988 4748; x_wconf 89' lang='lat' dir='ltr'>reperimus</span> <span class='ocrx_word' id='word_1_641' title='bbox 3025 4695 3038 4732; x_wconf 91' lang='lat'><strong>:</strong></span> <span class='ocrx_word' id='word_1_642' title='bbox 3069 4693 3259 4732; x_wconf 90' lang='lat' dir='ltr'>verum</span> <span class='ocrx_word' id='word_1_643' title='bbox 3290 4678 3345 4732; x_wconf 90' lang='lat' dir='ltr'>in</span> <span class='ocrx_word' id='word_1_644' title='bbox 3374 4695 3482 4749; x_wconf 92' lang='lat' dir='ltr'>quo</span> <span class='ocrx_word' id='word_1_645' title='bbox 3515 4680 3676 4736; x_wconf 83' lang='lat' dir='ltr'>nobis</span> 
     </span>
    </p>
   </div>
   <div class='ocr_carea' id='block_1_114' title="bbox 2075 4764 3674 4838">
    <p class='ocr_par' dir='ltr' id='par_1_114' title="bbox 2075 4764 3674 4838">
     <span class='ocr_line' id='line_1_115' title="bbox 2075 4764 3674 4838; baseline 0 -16"><span class='ocrx_word' id='word_1_646' title='bbox 2075 4776 2262 4822; x_wconf 91' lang='lat' dir='ltr'>nostra</span> <span class='ocrx_word' id='word_1_647' title='bbox 2287 4767 2474 4822; x_wconf 84' lang='lat' dir='ltr'>merita</span> <span class='ocrx_word' id='word_1_648' title='bbox 2505 4783 2613 4822; x_wconf 91' lang='lat' dir='ltr'>non</span> <span class='ocrx_word' id='word_1_649' title='bbox 2646 4764 3036 4838; x_wconf 75' lang='lat' dir='ltr'>suffragantur,</span> <span class='ocrx_word' id='word_1_650' title='bbox 3069 4766 3184 4820; x_wconf 91' lang='lat' dir='ltr'>Deo</span> <span class='ocrx_word' id='word_1_651' title='bbox 3214 4766 3570 4834; x_wconf 84' lang='lat' dir='ltr'>dimittimus;</span> <span class='ocrx_word' id='word_1_652' title='bbox 3619 4775 3674 4824; x_wconf 90' lang='lat' dir='ltr'>et</span> 
     </span>
    </p>
   </div>
   <div class='ocr_carea' id='block_1_115' title="bbox 2075 4853 3672 4928">
    <p class='ocr_par' dir='ltr' id='par_1_115' title="bbox 2075 4853 3672 4928">
     <span class='ocr_line' id='line_1_116' title="bbox 2075 4853 3672 4928; baseline 0 -17"><span class='ocrx_word' id='word_1_653' title='bbox 2075 4855 2130 4910; x_wconf 91' lang='lat' dir='ltr'>in</span> <span class='ocrx_word' id='word_1_654' title='bbox 2163 4871 2273 4928; x_wconf 92' lang='lat' dir='ltr'>quo</span> <span class='ocrx_word' id='word_1_655' title='bbox 2303 4871 2403 4910; x_wconf 89' lang='lat' dir='ltr'>nos</span> <span class='ocrx_word' id='word_1_656' title='bbox 2433 4853 2962 4922; x_wconf 77' lang='lat' dir='ltr'>humanislaudibus</span> <span class='ocrx_word' id='word_1_657' title='bbox 3005 4853 3315 4926; x_wconf 91' lang='lat' dir='ltr'>quicunque</span> <span class='ocrx_word' id='word_1_658' title='bbox 3362 4855 3672 4911; x_wconf 91' lang='lat' dir='ltr'>mortalium</span> 
     </span>
    </p>
   </div>
   <div class='ocr_carea' id='block_1_116' title="bbox 2073 4941 3671 5015">
    <p class='ocr_par' dir='ltr' id='par_1_116' title="bbox 2073 4941 3671 5015">
     <span class='ocr_line' id='line_1_117' title="bbox 2073 4941 3671 5015; baseline 0.001 -17"><span class='ocrx_word' id='word_1_659' title='bbox 2073 4944 2292 4999; x_wconf 87' lang='lat' dir='ltr'>elevare</span> <span class='ocrx_word' id='word_1_660' title='bbox 2341 4952 2625 5010; x_wconf 89' lang='lat' dir='ltr'>conantur,</span> <span class='ocrx_word' id='word_1_661' title='bbox 2676 4941 3022 5015; x_wconf 88' lang='lat' dir='ltr'>fragilitatem</span> <span class='ocrx_word' id='word_1_662' title='bbox 3068 4950 3272 4998; x_wconf 86' lang='lat' dir='ltr'>natura</span> <span class='ocrx_word' id='word_1_663' title='bbox 3316 4951 3518 5000; x_wconf 86' lang='lat' dir='ltr'>nostra</span> <span class='ocrx_word' id='word_1_664' title='bbox 3547 4961 3671 5000; x_wconf 89' lang='lat' dir='ltr'>cum</span> 
     </span>
    </p>
   </div>
   <div class='ocr_carea' id='block_1_117' title="bbox 2074 5030 3672 5101">
    <p class='ocr_par' dir='ltr' id='par_1_117' title="bbox 2074 5030 3672 5101">
     <span class='ocr_line' id='line_1_118' title="bbox 2074 5030 3672 5101; baseline 0.002 -15"><span class='ocrx_word' id='word_1_665' title='bbox 2074 5048 2286 5086; x_wconf 90' lang='lat' dir='ltr'>summa</span> <span class='ocrx_word' id='word_1_666' title='bbox 2330 5031 2616 5086; x_wconf 89' lang='lat' dir='ltr'>formidine</span> <span class='ocrx_word' id='word_1_667' title='bbox 2642 5074 2654 5097; x_wconf 93' lang='lat'>,</span> <span class='ocrx_word' id='word_1_668' title='bbox 2703 5031 2897 5085; x_wconf 91' lang='lat' dir='ltr'>eodem</span> <span class='ocrx_word' id='word_1_669' title='bbox 2944 5030 3059 5086; x_wconf 90' lang='lat' dir='ltr'>Deo</span> <span class='ocrx_word' id='word_1_670' title='bbox 3111 5045 3226 5101; x_wconf 87' lang='lat' dir='ltr'>pra</span> <span class='ocrx_word' id='word_1_671' title='bbox 3269 5031 3443 5087; x_wconf 90' lang='lat' dir='ltr'>oculis</span> <span class='ocrx_word' id='word_1_672' title='bbox 3486 5033 3672 5089; x_wconf 91' lang='lat' dir='ltr'>habito</span> 
     </span>
    </p>
   </div>
   <div class='ocr_carea' id='block_1_118' title="bbox 2073 5117 3669 5194">
    <p class='ocr_par' dir='ltr' id='par_1_118' title="bbox 2073 5117 3669 5194">
     <span class='ocr_line' id='line_1_119' title="bbox 2073 5117 3669 5194; baseline 0.001 -18"><span class='ocrx_word' id='word_1_673' title='bbox 2073 5119 2524 5190; x_wconf 86' lang='lat' dir='ltr'>contemplamur.</span> <span class='ocrx_word' id='word_1_674' title='bbox 2559 5119 2772 5174; x_wconf 88' lang='lat' dir='ltr'>Scimus</span> <span class='ocrx_word' id='word_1_675' title='bbox 2801 5117 2966 5187; x_wconf 87' lang='lat' dir='ltr'>enim,</span> <span class='ocrx_word' id='word_1_676' title='bbox 2999 5117 3118 5188; x_wconf 91' lang='lat' dir='ltr'>ipso</span> <span class='ocrx_word' id='word_1_677' title='bbox 3149 5117 3382 5186; x_wconf 85' lang='lat' dir='ltr'>dicente,</span> <span class='ocrx_word' id='word_1_678' title='bbox 3414 5121 3545 5193; x_wconf 86' lang='lat' dir='ltr'>quia</span> <span class='ocrx_word' id='word_1_679' title='bbox 3573 5123 3669 5194; x_wconf 86' lang='lat' dir='ltr'>qui</span> 
     </span>
    </p>
   </div>
   <div class='ocr_carea' id='block_1_119' title="bbox 2072 5207 3663 5278">
    <p class='ocr_par' dir='ltr' id='par_1_119' title="bbox 2072 5207 3663 5278">
     <span class='ocr_line' id='line_1_120' title="bbox 2072 5207 3663 5278; baseline 0 -14"><span class='ocrx_word' id='word_1_680' title='bbox 2072 5225 2131 5264; x_wconf 85' lang='lat' dir='ltr'>se</span> <span class='ocrx_word' id='word_1_681' title='bbox 2159 5209 2384 5264; x_wconf 69' lang='lat' dir='ltr'>exultat</span> <span class='ocrx_word' id='word_1_682' title='bbox 2404 5208 2820 5272; x_wconf 86' lang='lat' dir='ltr'>humiliabitur,</span> <span class='ocrx_word' id='word_1_683' title='bbox 2845 5209 2904 5263; x_wconf 86' lang='lat' dir='ltr'>et</span> <span class='ocrx_word' id='word_1_684' title='bbox 2927 5207 3023 5278; x_wconf 89' lang='lat' dir='ltr'>qui</span> <span class='ocrx_word' id='word_1_685' title='bbox 3041 5223 3100 5263; x_wconf 82' lang='lat' dir='ltr'>se</span> <span class='ocrx_word' id='word_1_686' title='bbox 3130 5207 3399 5264; x_wconf 84' lang='lat' dir='ltr'>humiliat</span> <span class='ocrx_word' id='word_1_687' title='bbox 3433 5210 3663 5264; x_wconf 77' lang='lat' dir='ltr'>exalta-</span> 
     </span>
    </p>
   </div>
   <div class='ocr_carea' id='block_1_120' title="bbox 2073 5295 2710 5366">
    <p class='ocr_par' dir='ltr' id='par_1_120' title="bbox 2073 5295 2710 5366">
     <span class='ocr_line' id='line_1_121' title="bbox 2073 5295 2710 5366; baseline -0.006 -14"><span class='ocrx_word' id='word_1_688' title='bbox 2073 5299 2228 5352; x_wconf 86' lang='lat' dir='ltr'>bitur</span> <span class='ocrx_word' id='word_1_689' title='bbox 2264 5296 2481 5364; x_wconf 81' lang='lat' dir='ltr'>(Matth.</span> <span class='ocrx_word' id='word_1_690' title='bbox 2523 5295 2710 5366; x_wconf 68' lang='grc' dir='ltr'>χχιιι).</span> 
     </span>
    </p>
   </div>
   <div class='ocr_carea' id='block_1_121' title="bbox 2073 5429 3406 5492">
    <p class='ocr_par' dir='ltr' id='par_1_121' title="bbox 2073 5429 3406 5492">
     <span class='ocr_line' id='line_1_122' title="bbox 2073 5429 3406 5492; baseline 0 -13"><span class='ocrx_word' id='word_1_691' title='bbox 2073 5442 2221 5492; x_wconf 82' lang='lat' dir='ltr'>supra</span> <span class='ocrx_word' id='word_1_692' title='bbox 2245 5430 2306 5480; x_wconf 89' lang='lat' dir='ltr'>de</span> <span class='ocrx_word' id='word_1_693' title='bbox 2329 5429 2566 5480; x_wconf 83' lang='lat' dir='ltr'>abolenda</span> <span class='ocrx_word' id='word_1_694' title='bbox 2590 5432 2762 5480; x_wconf 81' lang='lat' dir='ltr'>octava</span> <span class='ocrx_word' id='word_1_695' title='bbox 2788 5429 2974 5490; x_wconf 81' lang='lat' dir='ltr'>synodo</span> <span class='ocrx_word' id='word_1_696' title='bbox 2999 5429 3090 5480; x_wconf 84' lang='lat' dir='ltr'>fuit</span> <span class='ocrx_word' id='word_1_697' title='bbox 3111 5432 3406 5492; x_wconf 82' lang='lat' dir='ltr'>appositum.</span> 
     </span>
    </p>
   </div>
   <div class='ocr_carea' id='block_1_122' title="bbox 2141 5513 3660 5575">
    <p class='ocr_par' dir='ltr' id='par_1_122' title="bbox 2141 5513 3660 5575">
     <span class='ocr_line' id='line_1_123' title="bbox 2141 5513 3660 5575; baseline 0.001 -12"><span class='ocrx_word' id='word_1_698' title='bbox 2141 5515 2320 5563; x_wconf 76' lang='lat' dir='ltr'>cHanc</span> <span class='ocrx_word' id='word_1_699' title='bbox 2379 5514 2630 5575; x_wconf 82' lang='lat' dir='ltr'>epistolam</span> <span class='ocrx_word' id='word_1_700' title='bbox 2699 5513 2899 5563; x_wconf 86' lang='lat' dir='ltr'>Photius</span> <span class='ocrx_word' id='word_1_701' title='bbox 2953 5513 3070 5563; x_wconf 87' lang='lat' dir='ltr'>locis</span> <span class='ocrx_word' id='word_1_702' title='bbox 3126 5514 3252 5563; x_wconf 87' lang='lat' dir='ltr'>infra</span> <span class='ocrx_word' id='word_1_703' title='bbox 3313 5513 3490 5562; x_wconf 86' lang='lat' dir='ltr'>notatis</span> <span class='ocrx_word' id='word_1_704' title='bbox 3549 5525 3660 5564; x_wconf 77' lang='lat' dir='ltr'>oor-</span> 
     </span>
    </p>
   </div>
   <div class='ocr_carea' id='block_1_123' title="bbox 2075 5598 2219 5658">
    <p class='ocr_par' dir='ltr' id='par_1_123' title="bbox 2075 5598 2219 5658">
     <span class='ocr_line' id='line_1_124' title="bbox 2075 5598 2219 5658; baseline 0 -13"><span class='ocrx_word' id='word_1_705' title='bbox 2075 5598 2219 5658; x_wconf 86' lang='lat' dir='ltr'>rupit.</span> 
     </span>
    </p>
   </div>
  </div>
