4160 6322
548 333 642 387 871

1859 337 1886 390 J
1893 335 2088 391 OANN
2093 331 2154 388 IS
2195 333 2389 388 ΡΑΡέΕ
2439 333 2578 389 VIII.

3746 334 3849 389 872

620 455 780 523 Quod
808 457 1005 512 dicitur
1039 466 1217 512 autem
1243 501 1256 524 ,
1303 469 1551 516 sanctam
1597 461 2145 532 Constantinopolita—
2173 456 2336 515 Aubi
2362 456 2446 510 fas
2495 463 2578 510 est
2625 455 2910 511 admittere
2955 456 3236 520 studeant,
3287 463 3340 509 et
3387 455 3718 528 corrigenda
3747 456 3849 511 sub

547 559 676 599 nam
703 545 1010 600 Ecclesium
1041 547 1094 600 in
1127 555 1179 602 te
1209 549 1518 616 convenire,
1553 557 1711 620 teque
1741 549 2004 619 privatam
2053 567 2146 604 se-

548 633 670 688 dem
701 634 982 706 recipere,
1032 635 1231 691 missos
1263 653 1396 692 vero
1441 645 1658 692 nostros
1708 646 1883 692 tecum
1926 637 2147 692 minime

548 736 894 790 consecrare,
928 725 996 778 de
1023 725 1346 780 adunatione
1374 726 1614 780 omnium
1645 727 1760 781 Deo
1791 727 1994 798 gratias
2025 725 2146 798 agi-

544 827 699 878 mus;
730 813 830 867 sed
857 813 1042 867 missis
1071 814 1274 868 nostris
1305 813 1428 868 ideo
1462 815 1530 868 de
1561 815 1666 869 hoc
1696 815 2012 870 mandatum
2038 831 2147 869 non

547 899 826 966 dedimus,
860 901 986 972 quia
1032 901 1106 955 nil
1147 901 1516 971 certitudinis,
1569 902 1802 973 qualiter
1831 903 1950 973 ipsa
1989 904 2149 958 sedes

547 987 790 1058 haberet,
824 998 986 1044 antea
1014 989 1510 1060 comprobavimus.
1545 992 1700 1046 Nunc
1731 1007 1878 1060 vero,
1914 991 2052 1046 sicut
2081 991 2150 1046 de

545 1091 679 1146 pace
709 1085 761 1132 et
783 1077 1103 1133 adunatione
1147 1077 1318 1148 ipsius
1348 1078 1611 1134 Ecclesia
1642 1080 1798 1134 valde
1827 1080 2145 1152 gaudemus,

545 1163 618 1218 ita
649 1173 700 1219 et
728 1165 795 1219 de
824 1165 1164 1220 dissensione
1193 1167 1494 1222 nolentium
1537 1167 1887 1239 acquiescere
1941 1169 2150 1224 contri-

547 1261 770 1320 stamur,
803 1253 927 1326 quia
947 1253 1234 1309 Salomone
1256 1255 1382 1327 [leg.
1409 1255 1682 1328 Samuele]
1705 1264 1962 1322 testante,
1987 1259 2150 1330 quasi

550 1346 844 1412 peccatum
875 1343 1198 1398 hariolandi
1226 1348 1312 1398 est
1341 1361 1684 1416 repugnare,
1715 1349 1773 1400 et
1799 1347 1951 1402 sicut
1974 1361 2152 1418 genus

550 1431 888 1486 idololatriae
919 1432 1074 1488 nolle
1101 1435 1456 1504 acquiescere
1493 1428 1550 1503 (Ι
1581 1437 1708 1506 Reg.
1743 1433 1863 1503 xv).

618 1527 642 1553 λ
672 1519 871 1574 Verum
901 1537 1066 1590 super
1094 1521 1408 1591 recepione
1438 1521 1668 1592 privata:
1707 1523 1854 1578 sedis
1901 1538 2001 1578 nos
2047 1524 2152 1578 de-

547 1607 760 1662 buimus
790 1615 917 1662 ante
945 1609 1175 1664 consuli.
1211 1609 1416 1664 Tamen
1446 1609 1573 1681 quia
1592 1655 1608 1677 ,
1641 1611 1876 1666 obeunte
1907 1611 2072 1666 fratre
2103 1619 2156 1666 et

549 1696 877 1768 coepiscopo
944 1705 1132 1752 nostro
1197 1697 1410 1770 Ignatio
1458 1706 1512 1754 te
1558 1699 2155 1771 Constantinopolitano

549 1785 738 1840 throno
767 1785 1068 1854 praasidere
1113 1785 1420 1840 audivimus
1445 1827 1458 1854 ,
1494 1793 1699 1841 tantum
1729 1796 1786 1842 ut
1813 1804 1917 1858 pax
1949 1805 2150 1861 augea-

549 1881 637 1927 tur
665 1881 718 1928 et
741 1873 927 1946 jurgia
974 1881 1226 1938 cessent,
1267 1875 1620 1930 multimodas
1654 1877 1770 1930 Deo
1799 1877 2006 1949 gratias
2036 1877 2152 1950 agi-

547 1977 691 2016 mus.
723 1962 802 2015 Tu
831 1968 1010 2016 autem
1042 1962 1281 2017 omnium
1309 1971 1522 2018 mentes
1559 1965 1908 2032 demulcens,
1960 1981 2154 2022 omnes

549 2049 748 2122 patulis
777 2049 921 2105 ulnis
949 2051 1306 2122 amplectere,
1359 2067 1548 2107 omnes
1595 2053 1872 2124 dispersos
1917 2070 2152 2126 congre-

549 2152 682 2210 gare
711 2155 820 2194 non
858 2139 1100 2206 desinas,
1151 2156 1344 2195 omnes
1395 2141 1657 2214 colligere
1703 2142 1930 2199 sollicite
1975 2144 2149 2200 stude.

550 2225 675 2297 quia
714 2227 850 2282 sicut
881 2235 1102 2282 sanctus
1131 2243 1277 2299 papa
1305 2229 1414 2284 Leo
1444 2230 1674 2300 Magnus
1728 2231 1956 2297 scribit,
2007 2232 2154 2287 sedis

549 2315 880 2386 apostolicae,
916 2315 1166 2388 inquiens
1187 2361 1204 2384 ,
1236 2317 1542 2373 moderatio
1569 2319 1711 2374 hanc
1740 2321 2152 2390 temperantiam

547 2411 762 2472 servat,
810 2405 1160 2469 ut_severius
1208 2414 1334 2478 agat
1377 2422 1499 2462 cum
1545 2407 1824 2462 obduratis
1855 2416 1907 2463 et
1937 2409 2152 2464 veniam

549 2491 733 2562 cupiat
761 2499 1024 2562 praestare
1055 2493 1330 2548 correctis.

614 2580 682 2632 Et
724 2595 847 2634 cum
895 2597 1004 2635 non
1053 2581 1122 2634 sit
1165 2582 1612 2652 reprehensibilis
1655 2600 1787 2656 erga
1850 2593 2153 2642 correctum

552 2675 970 2738 quantacunque
1004 2669 1312 2735 miseratio,
1353 2670 1692 2726 satisfaciens
1727 2689 1912 2728 coram
1944 2674 2153 2744 synodo

547 2751 983 2810 miscricordiam
1016 2765 1041 2800 b
1070 2758 1365 2812 secundum
1413 2761 1861 2814 consuetudinem
1905 2762 2152 2832 postula-

551 2842 714 2908 veris,
749 2858 816 2898 ac
847 2844 893 2897 si
939 2844 1173 2899 evidenti
1219 2847 1557 2902 correctione
1600 2848 1765 2902 utaris
1791 2891 1804 2914 ,
1853 2857 1906 2904 et
1949 2849 2155 2918 peritiae

545 2947 660 2986 non
688 2931 1038 3000 obliviscens,
1063 2932 1262 2987 nullius
1303 2934 1502 2988 damna
1534 2935 1800 3001 moliaris,
1825 2937 1954 3006 quin
1975 2937 2154 3006 potius

549 3019 736 3074 exsilia
767 3035 958 3075 eorum
988 3021 1079 3092 qui
1106 3021 1203 3074 tibi
1236 3037 1344 3077 non
1375 3023 1516 3077 velle
1543 3024 1854 3078 consentire
1885 3024 2148 3092 dicuntur,

491 3141 497 3147 α
547 3107 791 3164 studiose
811 3107 1150 3176 dissolveris,
1167 3125 1372 3180 eosque
1388 3111 1500 3164 suis
1518 3111 1765 3167 ecclesiis
1783 3120 1836 3167 et
1850 3113 2151 3168 honoribus

546 3196 847 3252 restitueris
872 3213 884 3251 :
909 3205 962 3252 et
983 3197 1050 3262 si,
1075 3197 1198 3268 quia
1236 3198 1496 3268 spiritalis
1525 3197 1668 3254 ﬁlius
1697 3209 1881 3256 noster
1918 3202 2148 3256 Basilius

547 3284 1038 3340 Christianissimus
1083 3285 1375 3355 imperator
1420 3288 1564 3357 apud
1608 3303 1708 3344 nos
1755 3305 1853 3358 pro
1884 3297 1936 3344 te
1965 3290 2150 3345 multis

547 3372 804 3442 precibus
835 3372 1166 3440 intervenit,
1197 3389 1389 3429 omnes
1419 3391 1528 3429 uno
1560 3383 1705 3445 voto,
1739 3392 1848 3432 uno
1879 3393 2150 3432 consensu

545 3468 598 3515 et
627 3476 736 3515 una
783 3460 1080 3516 concordia
1129 3460 1184 3516 in
1233 3469 1325 3516 tua
1383 3462 1727 3518 restitutione
1773 3465 2148 3533 convenerint,

544 3549 764 3604 veniam
791 3565 894 3620 pro
923 3564 1060 3620 pace
1087 3557 1285 3605 sanctae
1314 3550 1926 3623 Constantinopolitanae
1953 3555 2152 3610 Eccle—

549 3636 643 3692 siae
673 3636 768 3690 tibi
795 3637 1175 3706 concedimus,
1209 3639 1649 3695 communionem
1699 3657 1915 3714 quoque
1945 3651 1998 3697 et
2028 3659 2153 3714 gra-

547 3722 678 3776 dum
701 3765 716 3788 ,
769 3738 955 3778 coram
1004 3724 1214 3794 synodo
1272 3725 1706 3782 misericordiam
1763 3729 2061 3800 quaerendo
2109 3737 2152 3796 °,

547 3809 903 3864 nihilominus
949 3810 1226 3865 reddimus
1249 3853 1262 3877 ,
1311 3819 1364 3866 et
1412 3821 1468 3867 ut
1515 3821 1717 3870 sanctae
1777 3815 2155 3874 Constantino-

546 3896 801 3966 politanae
813 3897 1075 3953 Ecclesiae
1087 3897 1254 3971 digne
1263 3915 1504 3969 praeesse
1521 3901 1746 3969 debeas,
1761 3905 2153 3970 consentimus,

547 3983 623 4039 ita
669 3992 851 4041 tamen
883 3992 941 4040 ut
969 3985 1231 4057 deinceps
1260 3987 1330 4043 de
1359 3987 1514 4044 laicis
1562 3990 1618 4043 in
1665 3991 1860 4047 eadem
1909 3992 2156 4048 Ecclesia

545 4073 833 4145 episcopus
862 4083 1052 4130 contra
1084 4083 1391 4132 sanctorum
1426 4079 1648 4133 Patrum
1679 4087 1872 4135 statuta
1920 4081 2156 4138 nullate-

546 4176 647 4215 nus
675 4161 977 4230 ordinetur,
1012 4171 1066 4218 et
1093 4164 1272 4219 omnis
1291 4165 1385 4219 illa
1403 4166 1548 4221 mala
1581 4169 1922 4224 consuetudo
1957 4169 2158 4225 abinde

545 4249 761 4320 penitus
791 4259 1124 4322 amputetur,
1162 4253 1312 4320 juxta
1351 4254 1643 4323 capitulum
1680 4257 1826 4327 quod
1855 4273 2021 4328 super
2059 4259 2160 4314 hac

545 4353 605 4390 re
631 4337 685 4390 in
716 4339 1012 4394 venerabili
1041 4339 1270 4410 synodo,
1305 4348 1547 4411 tempore
1597 4343 1804 4399 scilicet
1850 4344 2160 4401 decessoris

543 4425 716 4479 nostri
745 4425 969 4481 Adriani
993 4427 1225 4496 junioris
1255 4442 1414 4498 papae
1448 4429 1923 4502 ConstantinOpoli
1952 4433 2159 4488 habita,

542 4519 626 4564 est
655 4513 1148 4585 congruentissime
1179 4513 1602 4584 promulgatum.

615 4599 841 4671 Reliqua
875 4617 1006 4657 vero
1027 4619 1148 4672 quas
1167 4601 1362 4656 litterae
1379 4609 1484 4658 tuas
1504 4619 1538 4658 a
1556 4605 1715 4660 nobis
1741 4605 1856 4662 fore
1875 4610 2146 4664 censenda

543 4685 630 4740 vel
658 4686 898 4743 finienda
925 4697 1272 4760 exspectant,
1309 4690 1434 4745 dato
1483 4694 1896 4752 commonitorio
1947 4697 2146 4753 nostris

541 4772 756 4846 legatis,
791 4777 950 4832 Petro
979 4777 1280 4833 venerabili
1301 4781 1618 4851 presbytero
1641 4784 1904 4840 cardinali
1935 4794 2140 4854 nostro,

541 4861 923 4936 deliciosisque
953 4865 1280 4920 consiliariis
1324 4869 1524 4923 nostris
1548 4913 1560 4935 ,
1611 4873 1861 4943 quaedam
1909 4874 2142 4944 scriptis,

542 4949 792 5018 quaedam
821 4960 1002 5006 autem
1031 4954 1214 5008 verbis
1245 4954 1602 5024 injunximus,
1644 4959 1738 5031 qui
1761 4961 1914 5030 juxta
1941 4977 2142 5018 censu-

538 5051 657 5090 ram
688 5039 859 5094 nostri
889 5041 1226 5110 apostolatus
1247 5043 1499 5102 instructi
1527 5047 1595 5102 de
1624 5049 1896 5118 omnibus,
1925 5059 2140 5120 cuncta,

540 5123 656 5180 Deo
675 5141 788 5194 pra}
822 5127 996 5183 oculis
1025 5129 1226 5206 habito,
1265 5135 1712 5206 contemplantes,
1737 5143 1791 5191 et
1809 5137 2144 5194 admittenda

545 5323 554 5334 .
607 5288 633 5316 ι
654 5259 752 5334 Ista
768 5261 830 5311 de
857 5261 1150 5334 consulenda
1173 5267 1288 5318 sede
1321 5269 1585 5330 apostolica
1606 5270 1807 5322 Photius
1830 5271 2140 5325 detruncavit

542 5328 592 5375 in
612 5337 701 5376 sua
729 5328 1067 5380 translatione.

610 5390 774 5467 b‘ilaac
789 5395 855 5467 _d_e
880 5395 1212 5467 misericordia
1235 5401 1496 5467 querenda
1519 5413 1685 5454 coram
1709 5404 1895 5467 synodo
1937 5405 2144 5458 abstulit

539 5457 760 5522 Photius,
787 5461 870 5512 hic
893 5466 944 5512 et
964 5461 1082 5514 alias
1113 5457 1336 5517 inferius.

542 5549 635 5640 me3
684 5527 800 5577 Hac
881 5531 1088 5590 quatuor
1167 5531 1316 5582 verba
1387 5534 1555 5585 itidem
1636 5537 1912 5588 decurtavit
1996 5541 2131 5590 Pho-

2180 3156 2229 3220 C

2169 4507 2222 4567 D

2245 544 2516 614 aequitatis
2545 543 2837 599 libramine
2867 544 3163 616 corrigunt.

2318 633 2584 688 Praeterea
2631 632 2768 688 sicut
2812 641 2993 687 vestra
3035 620 3183 703 pars.
3213 649 3370 688 suum
3432 633 3577 688 velle
3619 642 3850 689 conatur

2249 720 2391 776 vires
2421 721 2689 791 accipere,
2709 721 2782 776 ita
2803 730 2856 776 et
2875 721 3154 776 dioecesim
3184 730 3427 776 nostram
3458 721 3768 794 Bulgariam
3798 721 3844 788 ἀ,

2249 825 2412 880 quam
2435 809 2750 879 apostolicae
2769 809 3166 866 recordationis
3186 809 3623 882 sanctissimique
3643 810 3852 865 domini

2247 913 2406 970 papas
2433 898 2642 952 Nicolai
2673 898 2964 953 certamine
2997 899 3158 952 sedes
3187 899 3482 969 apostolica
3515 899 3752 970 recepit,
3783 914 3850 954 ac

2249 985 2476 1042 Adriani
2515 1003 2670 1058 aeque
2699 987 2994 1042 beatissimi
3018 987 3272 1058 praesulis
3303 995 3549 1058 tempore
3577 987 3850 1058 possede-

2249 1083 2348 1142 rat,
2382 1091 2596 1130 summa
2621 1075 2780 1130 nobis
2811 1076 3086 1131 celeritate
3130 1075 3340 1131 restitui
3386 1077 3667 1142 volumus,
3701 1084 3754 1130 et
3781 1077 3852 1132 de

2249 1172 2445 1220 caetero
2466 1179 2685 1220 omnem
2705 1164 3106 1220 ordinationem
3127 1164 3552 1221 ecclesiasticam
3573 1165 3643 1220 ab
3657 1164 3851 1222 Eccle-

2248 1253 2344 1308 siae
2359 1252 2968 1324 ConstantinOpolitanaa
2986 1253 3310 1324 praesulibus
3329 1253 3384 1308 in
3405 1254 3594 1309 eadem
3623 1253 3851 1309 dioecesi

2251 1341 2536 1414 Bulgarica
2576 1343 2895 1398 auctoritate
2942 1341 3237 1413 apostolica
3285 1349 3653 1412 amputamus;
3697 1342 3849 1413 ipsos

2252 1437 2435 1484 autem
2465 1429 2748 1485 ordinatos
2778 1431 2978 1486 ibidem
3011 1431 3326 1502 episcopos,
3381 1439 3432 1486 et
3475 1447 3666 1486 omnes
3711 1431 3849 1486 alios

2252 1518 2524 1574 inferioris
2555 1519 2761 1574 ordinis
2791 1519 3021 1591 clericos
3043 1561 3055 1583 ,
3089 1527 3146 1574 ut
3174 1518 3302 1574 inde
3351 1535 3410 1574 se
3451 1519 3770 1574 subtrahunt
3797 1528 3852 1575 et

2252 1607 2324 1662 ab
2353 1607 2633 1662 invasione
2663 1607 2964 1677 Bulgaricae
2993 1615 3198 1662 nostrae
3225 1607 3479 1664 dioecesis
3528 1625 3588 1663 se
3629 1607 3848 1663 omnino

2253 1702 2635 1766 compescant,
2668 1695 2954 1750 decertare
2983 1711 3264 1767 procures.
3313 1695 3522 1764 Quibus
3573 1694 3621 1750 si
3665 1703 3721 1750 tu
3761 1704 3850 1750 aut

2179 1811 2232 1870 B
2251 1783 2475 1853 pallium
2499 1783 2752 1853 dederis,
2786 1791 2876 1838 aut
2905 1799 3284 1855 quamcunque
3315 1783 3426 1840 illic
3454 1783 3844 1839 ordinationem

2252 1870 2480 1937 feceris,
2513 1871 2600 1926 vel
2632 1871 2808 1926 donec
2838 1871 2996 1926 nobis
3024 1871 3314 1940 obediant,
3347 1887 3472 1927 cum
3501 1871 3584 1927 eis
3609 1887 3844 1927 commu-

2253 1959 2540 2027 nicaveris,
2573 1961 2694 2031 pari
2723 1959 3284 2017 excommunicatione
3313 1975 3439 2016 cum
3474 1961 3553 2016 eis
3605 1959 3845 2016 tenebris

2255 2063 2514 2104 annexus.

2714 2161 3030 2202 ΑΒΝΟΤΑΤῙΟ
3073 2163 3198 2203 SEV.
3231 2162 3386 2203 BIN".

2289 2237 2366 2290 De
2399 2235 2820 2293 adulteratione
2855 2236 3107 2309 epistola:
3147 2236 3520 2308 praeedenti:
3548 2251 3584 2290 α,
3615 2237 3810 2294 Photio

2871 2327 3218 2397 perpetrata.

2325 2413 2454 2466 Haec
2503 2418 2582 2466 est
2625 2413 2795 2467 altera
2841 2412 3070 2484 epistola
3104 2428 3262 2484 quam
3290 2429 3322 2466 a
3357 2409 3613 2484 pontiﬁce
3639 2411 3845 2484 Joanne

2254 2483 2380 2552 Vill
2394 2491 2677 2552 acceptam
2697 2483 2920 2537 Photius
2938 2499 2974 2536 a
2993 2498 3054 2536 se
3093 2482 3287 2538 Graece
3321 2482 3662 2544 translatam,
3699 2489 3750 2536 et
3777 2482 3846 2536 ad

2252 2551 2545 2622 perﬁdiam
2566 2569 2722 2608 suam
2767 2553 3150 2609 occultandam
3194 2552 3445 2608 addendo
3465 2596 3477 2617 ,
3527 2551 3844 2619 mutilando,

2255 2621 2626 2696 subtrahendo
2674 2631 2729 2678 et
2771 2623 3134 2696 expungendo
3161 2623 3233 2696 _in
3281 2621 3702 2693 pseudosynodo
3749 2637 3846 2677 sua

2254 2700 2444 2774 ociava
2473 2693 2583 2774 legi
2613 2709 2677 2748 ac
2705 2692 3042 2774 promulgari
3069 2692 3216 2773 fecit.
3538 2769 3547 2774 Δ
3589 2762 3623 2774 ῃ
3663 2762 3674 2772 ⁸
3755 2761 3790 2774 ῃ

2324 2764 2488 2818 Porro
2516 2761 2608 2835 ille
2641 2761 2820 2835 sciens
2850 2761 3053 2835 quanta
3081 2764 3283 2818 inesset
3311 2762 3366 2816 in
3395 2762 3707 2835 apostolicis
3755 2761 3846 2835 lit-

2256 2835 2381 2888 teris
2409 2834 2730 2902 auctoritas,
2763 2833 3002 2889 lecturus
3031 2850 3156 2888 cum
3203 2841 3350 2888 esset
3394 2848 3490 2888 eas
3536 2833 3594 2887 in
3637 2833 3846 2902 synodo

2253 2903 2330 2984 ad.
2358 2891 2896 2984 persuadendaqua}
2923 2905 3085 2984 vellet
3109 2947 3121 2969 ,
3155 2903 3361 2984 addidit
3402 2912 3456 2957 et
3501 2891 3720 2984 abstulit
3745 2917 3846 2984 pro

2255 2973 2479 3045 arbitrio
2532 2991 2652 3045 quae
2707 2973 2826 3045 sibi
2859 2973 3159 3045 sunt_visa.
3212 2973 3474 3045 Quaenam
3519 2981 3698 3028 autem
3743 2973 3849 3045 ista

2253 3043 2469 3112 fuerint,
2513 3043 2579 3099 ex
2624 3044 2940 3100 recitatione
2990 3043 3161 3114 ipsius
3207 3044 3450 3114 epistola:
3495 3061 3560 3098 ex
3609 3043 3849 3098 secunda

2254 3114 2798 3195 ejusdemdactioneh
2831 3115 3206 3195 depromptae,
3235 3115 3567 3195 “latinaque
3613 3115 3683 3194 ab
3749 3128 3848 3169 co-

2249 3185 2586 3310 iiergttMetio
2633 3185 2856 3241 redditae
2885 3227 2899 3254 ,
2945 3185 3077 3240 satis
3122 3185 3394 3257 intelliges
3458 3185 3536 3239 sic
3600 3185 3746 3240 enim
3785 3199 3849 3240 se

2267 3271 2320 3310 1a
2363 3271 2434 3310 e.

2267 3263 2434 3310 labet.

2325 3347 2348 3376 α
2383 3327 2635 3398 JoxngEs
2656 3327 2973 3398 episcopus,
2998 3343 3184 3398 servus
3215 3342 3500 3398 servorum
3520 3325 3638 3391 Dei,
3660 3325 3848 3398 Photio

2253 3396 2597 3469 sanctissimo
2638 3396 2792 3452 fratri
2840 3396 2890 3452 et
2937 3397 3308 3469 comministro
3356 3397 3678 3469 patriarchae
3707 3397 3851 3452 Con-

2252 3467 2742 3547 stantinopoliianaa
2770 3468 3055 3547 Ecclesiae.

2327 3559 2350 3588 α
2385 3538 2717 3609 Sapientiam
2760 3547 2813 3594 et
2853 3539 3196 3609 prudentiam
3237 3538 3592 3595 fraternitatis
3638 3547 3746 3595 tute
3789 3539 3848 3595 in

2251 3608 2446 3680 litteris
2485 3625 2604 3664 cum
2633 3608 3104 3680 perspexerimus,
3164 3609 3331 3664 instar
3373 3610 3594 3666 tonitrui
3637 3610 3848 3666 ccelitus

2251 3679 2405 3732 missi
2433 3696 2498 3733 ex
2529 3679 2645 3734 Deo
2673 3689 3017 3736 resonantem
3060 3689 3113 3735 et
3165 3696 3355 3736 omnes
3403 3681 3661 3736 terminos
3688 3689 3848 3736 terra;

2255 3750 2926 3832 “suo_strepitu.replente.m
2955 3759 2998 3818 ο,
3029 3751 3148 3832 pias
3177 3753 3292 3832 Deo
3317 3751 3519 3832 gratias
3539 3751 3848 3832 etlexcelsas

2253 3821 2444 3893 laudes
2466 3821 2768 3893 retulimus,
2791 3822 2881 3893 qui
2902 3821 3152 3877 omnibus
3168 3821 3475 3892 petentibus
3489 3824 3848 3893 juxtaﬁeorum

2253 3890 2568 3965 petitionem
2612 3890 2844 3965 largitur
2894 3890 3212 3965 sapientiam
3235 3933 3249 3962 ,
3297 3900 3350 3965 et
3396 3890 3503 3965 qui
3532 3892 3732 3965 habitat
3794 3892 3848 3946 in

2255 3961 2562 4035 concordiae
2593 3961 2772 4029 domo,
2807 3971 2856 4035 et
2889 3961 3033 4035 fovet
3060 3971 3112 4020 et
3137 3961 3375 4035 protegit
3414 3961 3612 4035 omnes
3640 3963 3736 4035 qui
3763 3978 3850 4018 ve-

2256 4031 2412 4086 ritate
2445 4049 2596 4105 spem
2627 4049 2778 4105 suam
2823 4034 2880 4086 in
2919 4033 3097 4105 ipsum
3138 4031 3413 4090 collocant
3447 4052 3459 4087 :
3493 4034 3620 4105 quia
3649 4031 3846 4105 quique

2256 4117 2356 4176 nec
2385 4102 2556 4176 malos
2584 4103 2639 4157 in
2669 4102 2830 4176 ﬁnem
2856 4102 3050 4176 rejicit,
3082 4121 3260 4176 neque
3283 4105 3454 4176 bonos
3482 4102 3542 4158 ut
3577 4104 3632 4158 in
3660 4102 3844 4176 tyran-

2256 4173 2439 4246 nidem
2470 4173 2704 4246 aliquam
2726 4175 2986 4246 incidant,
3011 4173 3383 4246 supra'eorum
3401 4175 3548 4231 vires
3566 4173 3840 4246 permittit,

2259 4243 2356 4317 sed
2385 4243 2577 4314 potius
2587 4245 2810 4313 justitiaa
2838 4243 3142 4317 aequalitate
3182 4261 3245 4317 ac
3281 4243 3610 4317 judiciorum
3637 4246 3843 4317 aquili-

2258 4313 2600 4389 brio’omnes
2631 4331 2716 4389 res
2745 4313 3009 4389 humanas
3030 4316 3223 4389 dirigit
3252 4313 3304 4372 et
3330 4315 3557 4389 feliciter
3581 4313 3746 4372 ducit.
3778 4316 3846 4370 Et

2259 4384 2450 4458 beatus
2477 4384 2567 4458 ille
2611 4386 2704 4458 qui
2749 4387 2909 4442 alacri
2946 4384 3435 4458 animo'praasenti
3477 4395 3722 4458 tempore
3749 4402 3846 4458 per

2259 4454 2644 4530 paenitentiam
2667 4457 2849 4530 lapsos
2879 4457 3059 4530 erigit,
3082 4459 3138 4512 in
3159 4454 3311 4530 caelis
3332 4457 3476 4530 enim
3497 4454 3608 4530 iste
3618 4454 3842 4530 thesau-

2245 4541 2334 4580 ros
2383 4526 2486 4580 sibi
2531 4526 2900 4594 thesaurizat;
2951 4526 3041 4584 liic
3091 4528 3292 4584 etenim
3334 4528 3390 4583 in
3437 4529 3543 4584 hac
3589 4527 3843 4584 felicitate

2245 4597 3223 4670 permanens,Afrueturrsempiternis
3270 4597 3464 4654 futuris
3510 4599 3688 4670 bonis,
3721 4613 3843 4656 cum

2247 4665 2573 4742 revelabitur
2603 4665 2780 4742 iutura
2809 4665 3014 4742 gloria:
3039 4671 3183 4742 Tuas
3208 4669 3392 4741 itaque
3421 4669 3706 4742 praedictas
3746 4671 3845 4742 hu-

2245 4737 2584 4811 manissimas
2614 4737 2839 4794 litteras'
2851 4755 2972 4796 cum
3003 4737 3440 4811 accepissemus,
3475 4748 3527 4796 et
3555 4740 3743 4795 laudes
3771 4739 3846 4794 ni-

2245 4807 2384 4862 mias
2416 4808 2613 4884 quibus
2643 4827 2760 4880 nos
2779 4827 3010 4884 exornas
3033 4820 3088 4866 et
3105 4807 3212 4883 qua
3231 4811 3400 4884 animi
3419 4811 3688 4884 alacritate
3711 4825 3846 4884 erga

2245 4887 2421 4954 cos_te
2450 4880 2660 4954 habes,
2711 4883 3036 4954 agnovimus
3079 4880 3369 4954 quomodo,
3401 4882 3490 4954 pie
3535 4890 3586 4937 et
3631 4880 3845 4954 sane_'t_e

2245 4949 2390 5026 geris
2410 4991 2424 5019 ,
2455 4951 2582 5006 licet
2620 4949 2810 5026 laudas
2847 4969 2983 5024 quas
3022 4949 3180 5026 nobis
3211 4949 3420 5026 tribuis:
3433 4954 3595 5026 longe
3626 4968 3660 5007 a
3689 4951 3846 5007 nobis

2245 5019 2424 5074 absint
2460 5039 2473 5075 :
2505 5037 2629 5076 cum
2659 5023 2801 5077 enim
2840 5019 3128 5078 mortalem
3159 5031 3212 5078 et
3241 5019 3558 5078 mutabilem
3603 5032 3846 5078 naturam

2244 5091 2386 5165 nacti
2433 5091 2631 5165 simus,
2665 5109 2772 5149 non
2822 5103 2947 5148 sunt
2975 5095 3169 5150 laudes
3202 5095 3336 5149 satis
3367 5103 3522 5160 tutae,
3558 5102 3610 5148 et
3633 5108 3844 5165 magno

2245 5160 2436 5216 timore
2467 5162 2733 5219 efﬁcimur
2777 5165 2923 5220 illius
2953 5165 3207 5221 videlicet
3235 5166 3327 5236 qui
3357 5165 3541 5221 omnia
3592 5160 3766 5220 videt'
3791 5170 3845 5219 et

2310 5311 2334 5349 d
2381 5295 2496 5346 Haac
2551 5295 2612 5348 de
2670 5297 2921 5360 Bulgarica
2989 5300 3190 5352 diceeesi
3261 5300 3572 5352 detruncavit
3640 5298 3845 5352 Photius

2244 5391 2439 5430 οωηιηο
2449 5416 2463 5430 .

2308 5504 2329 5530 e
2378 5481 2578 5534 Photius
2613 5485 2885 5550 versipellis
2935 5487 3087 5540 ﬂectit
3151 5489 3202 5540 in
3275 5488 3468 5542 laudem
3505 5501 3642 5541 suam
3707 5483 3832 5554 quod

2242 5565 2293 5616 in
2313 5565 2398 5616 Dei
2424 5566 2615 5618 laudem
2641 5569 2852 5624 Joannes
2877 5571 3073 5624 dixerat
3107 5573 3170 5626 de
3194 5573 3481 5628 altitonante
3507 5575 3624 5627 Deo.
