4160 6316
259 293 362 345 873

1463 292 1817 351 EPISTOLJS
1864 292 1954 349 ET
2009 290 2351 351 DECRETA.
3453 303 3553 360 87-.

258 415 446 508 omnia
475 415 758 508 prospicit,
796 417 1140 508 tumocculta
1176 426 1290 508 tum‘
1314 427 1524 508 aperta,
1561 436 1629 499 ne
1676 419 1860 490 aliquo
1892 421 1945 479 Α
1969 428 2051 508 est
2083 427 2138 500 ut
2187 421 2442 508 omnibus
2490 422 2581 494 qui
2629 423 2834 504 injuste.
2871 425 3354 508 patiuntur"opem
3401 425 3535 483 ferat

255 495 417 556 pacto
446 485 697 540 aliterab
728 486 1042 540 hominibus
1074 504 1174 541 nos
1205 485 1390 554 habiti,
1426 489 1588 544 aliter
1617 489 1672 543 in
1717 485 1854 544 con-

257 564 446 630 spectu
479 557 578 610 Dei
609 556 966 630 reperiemur,
1016 566 1067 612 et
1094 575 1210 630 pro
1258 559 1528 613 landimus
1573 568 1624 615 et
1674 568 1858 630 optata

259 626 440 708 gloria
467 636 790 708 perpetuum
815 629 1067 708 _dedecus.
1091 626 1394 708 lucremur.
1438 631 1543 708 Sed
1578 632 1692 686 hinc
1711 626 1858 701 'per-

261 698 541 772 mittamus
571 698 780 772 interea
815 700 947 772 Deo,
981 700 1070 772 qui
1120 701 1268 755 novit
1323 701 1525 772 omnia,
1581 711 1634 755 et
1695 698 1856 772 quem

259 769 395 842 nihil
422 777 669 842 nostrum
699 769 848 842 latet.
882 769 1164 842 Novimus
1213 771 1357 825 enim
1396 771 1573 842 ipsum
1621 769 1804 828 dicere
1845 790 1858 826 :

263 840 367 906 Qui
389 857 444 894 se
467 841 708 904 exultat,
733 840 1129 897 humiliabitur
1176 843 1396 908 (Matth.
1418 840 1605 910 'xxn).

333 932 354 960 α
393 910 667 982 Scripsisti
698 912 856 982 nobis
892 912 1032 982 quod
1067 913 1410 967 sanctissima
1429 913 1529 968 Dei
1546 913 1858 968 Constanti—

257 981 567 1052 nopolitana
600 981 847 1036 Ecclesia
878 981 931 1036 in
961 991 1012 1036 te
1043 984 1358 1052 recipiendo
1389 1000 1623 1039 concors
1653 993 1703 1038 et
1735 1001 1861 1038 una-

256 1051 421 1106 nimis
455 1051 592 1107 facta
621 1060 703 1125 est
733 1061 778 1117 ³,
812 1061 863 1107 et
893 1054 1038 1122 quod
1070 1051 1258 1108 sedem
1307 1055 1559 1125 recepisti
1605 1073 1726 1124 quae
1766 1064 1858 1110 tua

257 1132 372 1178 erat
404 1132 454 1178 et
487 1140 589 1193 qua
619 1123 800 1177 fueras
832 1125 1050 1178 orbatus
1086 1143 1098 1178 :
1132 1125 1214 1179 his
1237 1127 1305 1180 de
1323 1123 1503 1190 rebus,
1524 1127 1591 1180 de
1609 1123 1860 1181 Ecclesia

257 1193 513 1268 videlicet
544 1203 603 1268 et
624 1195 692 1248 de
723 1195 1206 1268 tuagrestitutione,
1241 1213 1342 1268 qua
1373 1213 1434 1251 es
1463 1198 1529 1250 ad
1579 1197 1858 1267 propriam

258 1265 444 1340 sedem
478 1265 774 1340 restitutus,
813 1266 926 1340 Deo
957 1283 1022 1320 ex
1054 1268 1220 1340 corde
1252 1265 1304 1322 et
1332 1284 1433 1336 pro
1463 1268 1604 1340 virili
1648 1265 1859 1340 gratias

193 1401 204 1407 ε
259 1337 492 1410 agimus.
531 1337 812 1410 Habebam
841 1337 1004 1391 etiam
1054 1337 1248 1393 litterze
1297 1338 1518 1410 pietatis
1556 1337 1675 1394 tuze'
1711 1339 1857 1410 quod

257 1407 428 1462 nestri
459 1407 622 1479 legati
657 1407 946 1479 noluerunt
973 1425 1135 1479 quam
1165 1410 1399 1479 primum
1431 1409 1525 1463 tibi
1564 1407 1858 1464 commini-

259 1485 456 1551 strare.
494 1477 558 1532 Et
587 1479 690 1533 hoc
722 1477 919 1551 factum
978 1477 1207 1534 dicimus
1266 1480 1395 1551 quia
1454 1481 1692 1534 nondum
1751 1480 1859 1535 illis

257 1549 680 1621 permiseramus
710 1557 766 1603 ut
797 1565 862 1603 ea
891 1549 1129 1604 facerent
1159 1549 1770 1621 quae‘praeceperamus.
1802 1551 1860 1606 Si

259 1620 403 1692 enim
447 1620 756 1692 mandatum
815 1629 1062 1674 nostrum
1122 1620 1458 1684 habuissent,
1499 1620 1667 1676 inulla
1723 1621 1858 1692 ipsis

261 1689 452 1745 fuisset
480 1691 759 1763 dubitatio,
795 1707 896 1745 nec
925 1691 1151 1759 alicujus
1181 1692 1450 1747 muastitia:
1477 1707 1700 1747 causam
1742 1689 1859 1763 pie-

1966 489 2051 569 ita:
2072 491 2188 558 ejus
2218 491 2416 546 auxilio
2449 489 2645 569 utnon
2684 489 3100 569 caruisti,__sed_
3126 489 3307 569 divina
3354 513 3460 569 ope
3507 514 3558 553 et

1961 561 2118 642 hujus
2149 571 2352 642 sanctae
2384 563 2530 617 sedis
2562 563 2748 619 labore
2771 573 2820 620 et
2843 566 3022 621 studio
3038 567 3105 621 ad
3129 567 3316 623 sedem
3334 561 3477 623 tuem
3498 584 3560 624 es

1960 639 2260 686 restitutus.

2035 725 2056 749 α
2093 701 2442 778 Quapropter
2489 704 2686 760 rationi
2740 721 3038 778 congruum
3089 707 3234 778 duco
3289 717 3348 764 nt
3403 709 3560 778 hujus

1959 773 2206 851 consueti
2249 774 2453 851 auxilii,
2513 791 2726 851 necnon
2785 773 3371 851 benignitatis,_g_qu_am
3426 773 3560 850 ipsis

1959 843 2218 913 operibus
2249 845 2478 916 singulis
2507 845 2700 918 diebus
2731 843 3020 918 experiris,
3051 848 3121 903 de
3149 843 3242 904 illa
3271 849 3325 904 in
3341 843 3561 905 omuem

1959 921 2164 986 terram
2193 930 2386 969 sonum
2415 916 2664 972 emittere
2692 916 2818 972 non
2841 917 3200 986 obliviscaris,
3249 921 3348 975 sed
3397 921 3560 976 etiam

1959 983 2137 1057 ipsam
2151 1001 2410 1057 sequere,
2444 993 2496 1041 et
2525 987 2696 1042 instar
2728 987 2874 1042 illius
2901 989 3036 1044 nulli
3065 983 3322 1046 damnum
3335 990 3560 1057 inferas,

1959 1070 2062 1132 nec
2091 1055 2330 1132 aliquem
2363 1073 2396 1111 a
2426 1057 2730 1132 visceribus
2759 1059 3274 1117 misericordissima
3291 1055 3552 1132 repellas,

1963 1125 2019 1202 Si
2051 1126 2143 1202 qui
2175 1125 2351 1202 usque
2381 1129 2559 1184 adhuc
2591 1130 2846 1185 unionem
2889 1147 3014 1186 cum
3059 1139 3153 1186 tua
3195 1125 3395 1202 pietate
3437 1125 3564 1188 am:

1958 1196 2121 1278 plecti
2149 1196 2665 1278 noluerunt,_n_eque
2697 1209 2875 1256 tecum
2925 1196 3242 1273 convenire,
3282 1219 3366 1278 _ne
3403 1203 3578 1278 desii

1959 1275 2094 1332 stas,
2127 1268 2221 1322 sed
2252 1269 2433 1338 potius
2463 1268 2708 1325 laborem
2738 1279 2791 1326 et
2834 1281 3112 1328 certamen
3161 1268 3390 1333 sustine.
3439 1290 3564 1331 cum

1958 1338 2230 1416 docendo,
2280 1347 2398 1394 tum
2449 1341 2608 1395 etiam
2657 1343 3098 1416 sermocinando,
3151 1353 3210 1416 et,
3263 1345 3564 1416 longanimi

1959 1409 2350 1475 admonitione,
2385 1427 2486 1466 nec
2515 1428 2626 1466 non
2667 1413 2838 1468 alacri
2887 1423 2940 1468 et
2987 1415 3252 1470 benevolo
3305 1409 3456 1471 vultu
3507 1425 3565 1471 ut

1951 1479 2103 1556 juxta
2135 1482 2475 1556 Apostoluin,
2511 1483 2838 1556 veluomnes
2885 1483 2975 1539 vel
3020 1485 3317 1556 plerosque
3363 1485 3562 1542 lucrari

1958 1551 2286 1626 studeashet
2317 1551 2421 1626 tibi
2443 1553 2753 1620 conciliare,
2786 1571 2850 1610 ac
2878 1571 2980 1626 per
3007 1551 3060 1610 te
3089 1555 3194 1626 ipsi
3223 1551 3339 1611 Deo
3399 1572 3564 1614 acce-

1957 1620 2328 1697 dentes,_illos
2356 1623 2426 1697 ad
2455 1631 2525 1697 te,
2561 1633 2615 1678 et
2631 1632 2822 1697 _perrte
2851 1620 2921 1679 ad
2949 1620 3124 1680 Deuru
3153 1627 3434 1697 suscipere
3477 1627 3565 1682 di-.

1957 1707 2148 1773 gnere.
2170 1693 2554 1773 Sacerdotales
2573 1693 2736 1750 etiam
2750 1696 2988 1752 honores
3001 1704 3056 1752 et
3068 1713 3259 1752 eorum
3275 1693 3564 1768 ecclesias,

260 1763 353 1836 tati
383 1771 486 1836 tua}
515 1761 894 1831 praebuissent.
929 1763 1043 1836 Nec
1074 1779 1178 1836 _nos
1209 1763 1344 1816 satis
1375 1763 1510 1836 certi
1540 1761 1758 1818 eramus
1786 1763 1856 1819 de
1888 1777 1942 1836 Β
1961 1761 2069 1817 illis
2100 1763 2345 1836 restitue.

257 1831 584 1886 fraternitate
643 1841 763 1904 tua,
818 1834 963 1904 quod
1021 1834 1090 1888 ad
1139 1842 1282 1888 tuam
1341 1835 1529 1888 sedem
1586 1843 1639 1890 te
1713 1835 1860 1890 Deus

255 1904 637 1966 restituisseut,
673 1912 724 1958 et
749 1903 860 1972 jam
891 1905 1067 1974 ipsam
1099 1905 1434 1959 obtinuisses
1464 1923 1476 1958 :
1511 1905 1556 1959 si
1579 1905 1724 1960 enim
1759 1907 1862 1961 hoc

259 1975 691 2041 rescivissemus,
731 1975 1092 2046 rmisissemus
1161 1976 1351 2046 procul
1408 1976 1592 2042 dubio,
1652 1987 1707 2031 ut
1767 1993 1864 2046 par

257 2053 387 2117 erat,
423 2045 741 2117 gratulaturi
772 2046 866 2117 tibi
900 2063 1002 2117 pro
1029 2055 1135 2101 tuae
1162 2045 1310 2101 sedis
1342 2047 1650 2117 receptione
1682 2049 1731 2101 b.
1769 2045 1862 2102 ’Ne

255 2116 422 2189 igitur
482 2116 719 2190 _interea
766 2116 954 2190 iniquo
1009 2117 1152 2172 feras
1188 2189 1195 2190 ί
1226 2119 1442 2190 animo;
1470 2116 1641 2189 iquod
1696 2118 1861 2190 enim

259 2187 418 2243 antea
465 2187 654 2253 defuit,
701 2187 816 2256 jam
864 2187 937 2244 ex
981 2189 1480 2260 superabundantia
1515 2187 1861 2259 completum

260 2266 359 2314 est.

335 2351 367 2400 «ν
401 2329 698 2385 Didicimus
728 2337 988 2400 prieterea
1015 2331 1157 2400 quod
1179 2331 1454 2386 suntinter
1476 2348 1571 2387 vos
1618 2331 1861 2386 nonnulli

262 2399 587 2456 schismatici
619 2401 708 2472 qui
733 2399 865 2454 non
911 2401 1216 2523 quiescunt,
1249 2403 1346 2457 sed
1389 2404 1442 2456 in
1479 2419 1676 2457 vanum
1719 2403 1862 2457 labo-

262 2480 402 2523 rant.
437 2480 487 2523 et
517 2480 814 2523 certantem
844 2471 929 2523 dia
953 2473 1167 2523 )olicam
1198 2482 1424 2523 certant-
1458 2475 1601 2523 iuxta
1625 2475 1860 2523 nronhe-

261 2480 402 2536 rant,
437 2480 487 2526 et
517 2471 814 2527 certantem
844 2471 1167 2527 diabolicam
1198 2482 1424 2538 certant,
1451 2475 1601 2541 juxta
1625 2475 1860 2543 prophe-

263 2550 374 2597 tam
403 2543 672 2598 dicentem
707 2561 720 2597 :
757 2543 924 2596 Divisi
959 2553 1079 2597 sunt
1127 2545 1362 2608 contriti,
1421 2555 1475 2598 ut
1525 2545 1762 2599 evellant
1809 2545 1858 2599 ei

263 2622 508 2686 evertant
538 2615 608 2668 ad
637 2631 695 2668 se
728 2614 1017 2668 nonnullos
1049 2615 1426 2684 simpiiciores.
1475 2617 1542 2668 Et
1591 2616 1858 2686 quemad-

265 2685 482 2758 modum
513 2685 718 2758 gravisi
767 2701 955 2739 sumus
1005 2703 1104 2755 pro
1152 2685 1647 2758 tuairestitutione,
1697 2703 1856 2758 quam

268 2757 414 2811 Deus
441 2765 690 2826 operatus
723 2765 822 2818 est,
885 2765 935 2810 et
994 2757 1190 2811 unione
1252 2757 1391 2811 facta
1453 2758 1728 2818 Ecclesize,
1785 2757 1858 2811 ita

264 2827 451 2881 tristati
482 2844 669 2881 sumus
714 2843 813 2898 pro
862 2827 1330 2882 scliismaticorum
1351 2829 1562 2881 illorum
1615 2828 1852 2882 interitu.

333 2906 357 2931 ο
389 2919 411 2948 ι
447 2898 526 2952 Tu
558 2914 687 2952 vero
719 2898 808 2968 qui
839 2909 1061 2966 praestas
1095 2899 1361 2968 sapientia
1395 2907 1445 2952 et
1479 2899 1762 2967 prudentia
1805 2907 1858 2952 et

267 2968 638 3042 gratiaaDeo
670 2970 763 3042 tibi
796 2969 1172 3042 largitatqnid
1202 2969 1346 3042 enim
1387 2970 1552 3024 habes
1583 2970 1726 3042 quod
1749 2985 1856 3042 non

269 3039 572 3108 accepisti?
601 3048 652 3094 et
683 3039 727 3093 si
759 3039 1036 3109 accepisti,
1064 3039 1342 3094 ’novimus
1391 3049 1440 3094 te
1491 3039 1856 3111 non’gloriari

267 3111 422 3182 quasi
457 3126 564 3165 non
591 3111 913 3180 acceperis),
945 3127 1136 3164 omnes
1166 3111 1256 3164 tibi
1289 3111 1580 3166 devincere
1611 3111 1858 3164 humani-

266 3181 373 3236 tate
406 3182 701 3236 contendas
733 3199 828 3235 eos
857 3181 948 3251 qni
976 3198 1007 3236 a
1038 3189 1090 3236 te
1121 3182 1308 3252 procul
1339 3191 1463 3235 sunt
1494 3183 1770 3252 segregati
1811 3189 1862 3234 et

270 3252 516 3322 dispersi,
571 3250 959 3307 misericordiae
1017 3250 1225 3306 viscera
1283 3253 1388 3306 illis
1438 3250 1750 3321 aperiendo,
1809 3260 1862 3306 et

267 3321 540 3393 begnitate
568 3323 690 3376 illos
721 3324 1151 3392 complectendo,
1187 3324 1349 3394 simul
1393 3339 1736 3394 congregare
1792 3339 1860 3376 ne

307 3394 512 3448 raveris
544 3411 556 3446 :
590 3403 665 3454 ut,
699 3395 1156 3465 quemadmodum
1189 3393 1559 3450 sanctissimus
1591 3410 1725 3464 papa
1753 3394 1862 3448 Leo

266 3410 512 3518 ﬁravens
544 3411 556 3446 :
590 3410 665 3454 ut,
699 3410 1156 3465 quemaumouum
1189 3410 1559 3450 sanctissimus
1591 3410 1725 3464 papa
1753 3410 1860 3448 L00

319 3481 490 3536 agnus
521 3465 724 3530 scribit,
757 3482 852 3518 eos
883 3466 970 3536 qui
995 3473 1243 3536 qinerunt
1262 3465 1523 3518 humiliari
1547 3465 1598 3518 in
1624 3480 1860 3533 conspe-

268 3535 367 3590 ctu
389 3536 487 3590 Dei
521 3544 572 3589 et
602 3536 857 3589 unionem
889 3535 1166 3590 vobiscum
1186 3553 1450 3606 quaerere,
1477 3535 1862 3605 suscipiamus,

268 3606 415 3678 _Sicut
449 3615 668 3678 econtra
699 3607 964 3660 adversus
997 3623 1091 3660 eos
1150 3607 1241 3678 qui
1295 3608 1451 3678 duro
1493 3615 1617 3678 sunt
1671 3607 1858 3669 corde,

263 3675 582 3731 fortitudine
615 3685 667 3732 et
699 3678 997 3731 constantia
1031 3686 1083 3732 et
1116 3675 1374 3747 patientia
1405 3677 1526 3731 illos
1557 3677 1858 3742 vincamus,

268 3747 479 3802 duritite
507 3748 672 3802 etiam
703 3749 883 3802 cordis
915 3749 1130 3802 illorum
1186 3749 1536 3803 obsistamus.
1603 3747 1862 3802 Similiter

263 3818 370 3872 illis
401 3819 490 3890 qui
521 3819 893 3890 pcenitentiam
927 3827 1192 3890 quaerunt,
1228 3837 1350 3890 quae
1379 3819 1559 3888 lapsos
1592 3819 1858 3890 sublevat,

265 3905 454 3944 manus
470 3889 764 3956 adjutrices
779 3889 1136 3960 praebeamus.
1157 3889 1279 3945 Non
1293 3891 1440 3946 enim
1455 3898 1535 3946 est
1551 3889 1862 3960 desperatio

263 3960 668 4032 panitentibus,
698 3970 751 4016 et
783 3962 1090 4032 petentibus
1140 3961 1570 4017 misericordiam
1621 3977 1729 4015 non
1782 3968 1865 4015 est

269 4030 532 4087 confusio.

341 4123 387 4174 «γ
422 4102 764 4172 Quapropter
819 4102 1208 4159 fraternitatem
1267 4111 1413 4157 tuam
1469 4119 1726 4174 rogamus
1777 4109 1864 4174 _ut

266 4172 464 4228 Christi
492 4190 678 4228 mores
708 4174 986 4239 imitando,
1019 4175 1288 4244 praecipue
1321 4190 1446 4229 vero
1475 4172 1593 4242 ejus
1642 4172 1862 4244 humili-

263 4250 426 4316 tatem
455 4261 616 4316 quam
647 4245 894 4300 sustinuit
924 4262 1023 4314 pro
1051 4243 1227 4299 salute
1249 4243 1469 4316 generis
1500 4243 1721 4316 nostris,
1755 4259 1862 4316 non

265 4322 318 4369 te
348 4313 530 4386 pigeat
558 4315 614 4369 in
644 4317 852 4386 synodo
883 4313 1178 4386 praedicare
1212 4313 1308 4370 Dei
1360 4331 1519 4386 erga
1542 4323 1594 4369 te
1643 4313 1862 4368 miseri-

265 4359 504 4441 cor'di'zim
533 4394 585 4440 et
615 4359 967 4448 au'xilliumrd,
1005 4403 1106 4441 nec
1138 4403 1244 4440 non
1279 4359 1633 4440 sanctissimae
1664 4387 1862 4440 Roma-

2040 1855 2062 1884 α
2098 1835 2174 1915 Et
2221 1836 2679 1915 quemadmodum
2711 1837 2970 1915 spiritalis
2985 1835 3143 1915 _fi_liu_s
3170 1839 3546 1915 noster_i_r_npe

1961 1912 2110 1978 rator
2137 1905 2366 1978 Basilius
2396 1922 2498 1976 pro
2527 1915 2578 1962 te
2607 1924 2709 1963 nos
2741 1905 2859 1977 ejus
2886 1909 3133 1978 petitioni
3163 1905 3566 1966 rationabili-et

1955 1975 2119 2055 justas,
2147 1983 2200 2030 et
2226 1977 2342 2032 Deo
2360 1975 2545 2055 grate
2574 1975 2962 2055 obsequentes,
3017 1979 3244 2055 fecimus
3288 1995 3410 2037 cum
3471 1988 3566 2036 tua

1959 2048 2178 2116 pietate,
2231 2048 2378 2120 quod
2425 2048 3026 2122 imperator'petierat.
3067 2050 3262 2122 eodem
3308 2059 3470 2122 pacto
3513 2059 3565 2108 te

1961 2132 2221 2188 rogamus
2268 2127 2326 2173 ut
2381 2126 2438 2174 tu
2497 2121 2660 2174 etiam
2718 2120 3061 2176 obliviscaris
3116 2120 3384 2178 malorum
3442 2139 3566 2188 qua

1961 2188 2318 2262 adv_ersus_te
2341 2191 2728 2247 commiserunt
2761 2233 2775 2256 ,
2807 2191 2900 2262 qui
2929 2208 2959 2245 a
2988 2199 3042 2247 te
3092 2190 3309 2248 fuerant
3355 2188 3566 2248 abalie-

1960 2259 2074 2334 nati
2117 2268 2156 2313 ⁸.
2209 2259 2322 2334 _Qui
2382 2262 2428 2334 si
2487 2259 2945 2334 revertantur—hex
3001 2263 3191 2334 corde,
3247 2271 3342 2334 tua
3389 2263 3564 2334 pietas

1965 2330 2177 2385 honore
2207 2331 2410 2406 insigni
2441 2333 2642 2402 apertis
2673 2332 2814 2406 ulnis
2843 2332 2968 2388 illos
2995 2330 3236 2406 recipere
3281 2330 3558 2406 dignetur,

1961 2409 2018 2454 ut
2045 2417 2235 2456 omnes
2268 2401 2493 2456 feliciter
2521 2403 2924 2458 consentientes
2954 2404 3022 2458 ad
3053 2401 3465 2459 conversiouem
3508 2413 3564 2459 et

1961 2472 2488 2545 restitutionemtum
2518 2474 2665 2527 sedis
2693 2490 2983 2529 commune
3012 2473 3274 2545 gaudium
3314 2483 3368 2529 et
3415 2475 3560 2530 diem

1961 2541 2157 2596 festum
2187 2551 2239 2596 et
2267 2543 2462 2598 laetitiae
2495 2560 2841 2614 peragamus.

2035 2635 2055 2662 α
2091 2615 2201 2667 lloc
2233 2614 2394 2668 etiam
2442 2613 2699 2683 rogamus
2743 2613 3134 2670 fraternitatem
3171 2623 3317 2670 tuam
3357 2623 3414 2670 ut
3460 2632 3560 2672 no-

1960 2683 2168 2737 biscum
2198 2684 2465 2738 decernas
2498 2693 2552 2756 ut
2582 2685 2637 2756 in
2664 2687 2959 2756 posterium
2991 2685 3173 2740 nullus
3203 2686 3478 2742 szecularis
3493 2702 3558 2740 ex

1959 2762 2204 2823 tempore
2233 2756 2301 2808 ad
2333 2753 2696 2824 pontiﬁcalem
2729 2757 2916 2811 sedem
2946 2765 3276 2821 assumatur,
3328 2757 3426 2812 sed
3469 2773 3561 2812 se-

1959 2825 2192 2900 cundum
2225 2827 2452 2900 gradum
2487 2835 2540 2881 et
2569 2827 2817 2900 ordinem
2847 2826 3172 2896 procedens,
3196 2837 3251 2900 et
3283 2827 3565 2900 proprium

1959 2896 2331 2969 unusquisque
2359 2897 2414 2969 in
2446 2913 2542 2969 suo
2573 2898 2747 2969 gradu
2776 2913 3126 2968 progressum
3155 2896 3366 2969 virtutis
3380 2896 3565 2954 osten-

1957 2967 2096 3038 dens
2121 2965 2194 3020 ita
2222 2965 2542 3036 pontificalis
2572 2965 2717 3022 sedis
2747 2965 2976 3038 gradum
2997 2969 3254 3024 obtineat.
3280 2968 3386 3036 Qui
3417 2969 3562 3024 enim

1957 3037 2114 3090 aliter
2139 3039 2403 3103 ascendit,
2437 3039 2826 3094 ecclesiasticis
2856 3039 3056 3100 nostris
3097 3039 3401 3094 eanonibus
3430 3055 3562 3096 con-

1890 3134 1939 3196 c
1960 3107 2300 3196 satiatae"-
2336 3111 2400 3196 Et
2428 3109 2680 3196 γρὲμῐημε
2713 3125 2924 3196 meum
2962 3111 3124 3196 belva
3167 3109 3269 3192 ,ιιιιί
3308 3125 3425 3196 ίιξοη
3481 3119 3566 3191 es

1963 3179 2294 3248 probandus,
2327 3179 2394 3232 ab
2426 3178 2576 3233 initio
2609 3179 2660 3232 in
2693 3188 2872 3234 vestra
2904 3179 3135 3235 ecclesia
3164 3178 3460 3247 inventum,
3504 3180 3561 3236 in

1961 3257 2242 3318 posterum
2274 3249 2484 3303 irritum
2517 3249 2740 3304 abolere
2771 3250 2808 3302 τ.
2835 3250 2948 3304 Hoc
2969 3257 3148 3304 autem
3170 3250 3402 3306 dicimus
3410 3251 3562 3319 juxta

1963 3334 2224 3390 canonem
2253 3320 2456 3374 editum
2487 3319 2540 3373 in
2571 3321 2780 3390 synodo
2809 3327 3054 3390 tempore
3083 3320 3305 3376 Adriani
3337 3321 3566 3376 sanctis-

1963 3389 2084 3462 simi
2113 3406 2267 3462 papae
2296 3399 2346 3446 et
2395 3389 2613 3462 i'gl‘araﬁsii
2671 3391 2841 3446 beatae
2900 3389 3181 3447 memorite
3232 3392 3559 3462 patriarchae

1963 3460 2565 3528 Constantinopolitani.

2034 3539 2118 3602 tu
2154 3531 2431 3602 Synodum
2463 3547 2594 3587 vero
2627 3540 2809 3586 contra
2867 3533 3123 3602 pietatem
3169 3540 3314 3587 tuam
3362 3533 3562 3588 ibidem

1963 3601 2207 3655 habitam
2230 3603 2559 3658 irritavimus
2589 3612 2642 3657 et
2671 3601 3093 3668 annullavimus,
3125 3603 3236 3658 imo
3287 3612 3341 3658 et
3417 3603 3561 3672 abji-

1962 3671 2154 3736 cimus,
2189 3681 2301 3745 tum
2333 3673 2718 3745 propterialia,
2781 3682 2893 3728 tum
2951 3674 3112 3730 etiam
3169 3675 3318 3745 quod
3372 3671 3562 3729 beatus

1962 3759 2104 3812 papa
2137 3743 2411 3799 Adrianus
2441 3744 2819 3814 prmdecessor
2846 3753 3030 3800 noster
3059 3745 3136 3799 illi
3166 3743 3278 3800 non
3315 3745 3560 3802 subscri-

1963 3815 2086 3884 psit.
2122 3815 2350 3888 Reliqua
2381 3831 2510 3888 vero
2535 3815 2716 3888 omnia
2749 3825 2800 3870 et
2831 3815 3220 3888 ecclesiasticis
3241 3816 3409 3888 rebus
3431 3833 3554 3888 quae
3621 3843 3629 3848 -

1962 3892 2056 3940 tua
2104 3885 2335 3956 epistula
2382 3887 2541 3942 nobis
2589 3886 2906 3956 insinuavit,
2951 3887 3196 3943 scribere
3240 3885 3556 3953 omittimus,

1963 3956 2220 4028 quoniam
2250 3959 2320 4012 de
2349 3957 2457 4012 illis
2487 3957 2539 4011 in
2601 3957 3017 4013 commonitorio
3071 3957 3406 4028 scripsimus,
3471 3958 3560 4014 cui

1965 4027 2126 4100 etiam
2154 4028 2551 4100 subcripsimus
2581 4044 2774 4100 omnes
2820 4044 2922 4098 pro
2971 4037 3060 4100 tua
3105 4027 3479 4100 res‘titutione,
3504 4036 3558 4084 et

1963 4096 2097 4170 illud
2152 4099 2314 4152 Petro
2343 4096 2782 4170 “religiosissimo
2823 4096 3163 4170 presbytero
3219 4097 3486 4170 cardinali
3503 4106 3560 4154 et

1964 4167 2365 4239 legatognostro
2421 4167 2673 4222 dedimus
2723 4184 2885 4238 quem
2916 4167 3184 4239 misimus,
3218 4167 3284 4239 [f.
3343 4177 3401 4222 ut
3429 4185 3556 4234 una,

1964 4237 2168 4310 Hine]
2199 4247 2250 4294 et
2281 4255 2386 4293 una
2416 4255 2536 4310 cum
2568 4237 2816 4310 Eugenio
2838 4246 2901 4310 et
2929 4238 3097 4310 Paulo
3126 4237 3560 4310 religiosissimis

1964 4309 2237 4381 episcopis
2266 4309 2464 4381 legatis
2495 4309 2698 4363 nostris
2725 4309 2848 4381 Dei
2903 4309 3154 4381 timorem
3207 4309 3328 4381 prae
3385 4311 3560 4366 oculis

1965 4378 2250 4446 habentes,
2287 4378 2344 4434 et
2368 4396 2518 4434 suam
2549 4378 2940 4436 conscientiam
2969 4378 3366 4435 immaculatum
3423 4396 3560 4436 con-

265 4473 456 4511 norum
490 4457 1173 4544 Ecclesize‘protectionem
1203 4466 1255 4538 et
1285 4457 1526 4544 tutelam,
1588 4456 1854 4544 laborem,
1887 4485 1939 4544 Β
1963 4459 2250 4544 Iservantes
2309 4451 2530 4544 omnino
2587 4452 2882 4544 vobiscum
2926 4449 3131 4544 faciant
3194 4467 3314 4523 quae
3349 4459 3564 4544 ‘vestre

267 4543 430 4652 auem
463 4544 561 4598 pro
591 4537 674 4582 tua
704 4526 994 4584 dilectione
1021 4529 1289 4609 sustinuit,
1324 4535 1380 4582 ut
1410 4529 1513 4582 hoc
1544 4535 1700 4607 pacto
1728 4526 1858 4580 aedi-

305 4614 398 4652 ces
422 4615 612 4652 omnes
640 4615 736 4652 nro
777 4615 1156 4652 communione
1209 4607 1396 4652 nostra
1448 4607 1501 4652 et
1555 4613 1858 4652 animorum

305 4614 398 4653 ces
422 4615 612 4654 omnes
640 4615 736 4670 pro
777 4601 1156 4655 communione
1209 4607 1396 4653 nostra
1448 4607 1501 4653 et
1555 4599 1859 4670 animorum

263 4678 579 4742 nostrorum
601 4668 916 4742 concordia.
950 4669 1400 4742 Quandoquidem
1419 4685 1763 4742 quacunque
1793 4668 1859 4722 ab

267 4739 358 4794 illa
416 4740 632 4810 petiisti,
691 4741 968 4796 obtinuisti
1026 4739 1219 4796 etiamf
1263 4743 1329 4794 Et
1387 4739 1525 4796 sicut
1591 4739 1692 4794 illi’
1741 4754 1857 4794 mos

334 4904 361 4932 ι
378 4894 531 4944 Tacet
554 4894 636 4944 hic
653 4895 854 4947 Photius
877 4893 1002 4956 quod
1026 4895 1086 4945 de
1111 4895 1300 4957 privata
1322 4895 1458 4957 sede,
1491 4906 1667 4956 nempe
1715 4905 1856 4955 quam

267 4959 320 5011 in
343 4961 605 5024 Maguaura
627 4965 854 5012 erexerat
874 4962 1067 5011 vivente
1117 4961 1322 5024 Iguatio.

336 5045 536 5106 bAliqua
559 5046 711 5108 addit,
739 5050 789 5096 et
807 5046 1064 5096 detruncat
1085 5046 1266 5107 aliqua,
1293 5059 1398 5108 quae
1423 5046 1616 5109 suprius
1666 5043 1857 5094 notavi-

273 5123 381 5162 mus
404 5112 465 5163 de
489 5113 779 5163 consulenda
806 5113 1068 5162 a'iostolica
1095 5112 1206 5162 sede
1230 5113 1356 5162 aliis.

339 5199 361 5226 ο
387 5197 483 5246 Ista
505 5197 565 5247 de
589 5197 812 5248 laudibus
858 5199 959 5246 suis
1005 5198 1202 5248 Photius
1227 5197 1424 5248 addidit.

337 5295 362 5334 d
388 5281 598 5332 Joannes
622 5293 718 5332 non
745 5283 836 5332 ista
874 5283 1042 5342 habet,
1069 5283 1152 5331 sed
1174 5286 1228 5332 ut
1249 5283 1352 5344 ipse
1373 5281 1760 5332 misericordiam
1777 5293 1860 5330 co-

269 5361 378 5400 ram
401 5350 583 5409 synodo
607 5350 820 5412 postulet
848 5363 862 5411 ;
889 5362 994 5411 quae
1021 5349 1218 5400 Photius
1240 5349 1434 5399 sustulit
1459 5349 1538 5399 hic
1564 5353 1612 5398 et
1657 5347 1861 5397 inferius

267 5416 757 5488 callidegadmodllmz
814 5483 842 5488 __
1150 5484 1168 5488 _
1375 5484 1389 5488 _
1443 5483 1454 5488 _
1512 5482 1560 5488 ,.
1797 5477 1806 5488 .

337 5489 361 5516 ο
380 5484 686 5534 Detruncavit
711 5484 789 5534 hic
813 5483 990 5534 iterum
1015 5496 1120 5546 qua:
1144 5484 1352 5534 Joannes
1375 5483 1525 5533 habet
1548 5482 1596 5532 in
1621 5495 1706 5532 sua
1732 5482 1860 5546 epis-

273 5549 372 5600 tola
396 5549 457 5599 de
482 5551 742 5611 querendo
767 5551 1143 5602 misericordiam
1171 5561 1331 5600 coram
1357 5549 1563 5612 synodo.

498 5657 731 5712 ΡΑτιιοι.
765 5657 1007 5712 CXXVI.

1961 4522 2222 4594 Ecclesia:
2251 4522 2501 4578 conferre
2531 4523 2804 4594 noverint,
2837 4523 2987 4594 Deus
3004 4530 3056 4594 te
3079 4522 3368 4578 conservet
3388 4537 3561 4594 usque

1961 4593 2030 4646 ad
2059 4591 2244 4658 tinem,
2277 4593 2473 4648 dilecte
2520 4593 2707 4660 frater,
2734 4593 3187 4650 reverendissime
3229 4600 3281 4648 et
3326 4591 3558 4649 commi-

1959 4663 2130 4718 nister
2157 4673 2362 4719 noster.
2400 4685 2422 4714 υ

2029 4735 2173 4790 Ecce
2204 4743 2260 4790 tu
2285 4736 2400 4804 jam
2431 4735 2631 4800 vidisti,
2675 4743 2727 4790 et
2757 4734 3013 4791 eonfrens
3043 4742 3272 4806 utraque
3303 4735 3554 4806 exempla

2015 4885 2138 4934 {Hic
2179 4886 2403 4936 falsarios
2452 4890 2500 4936 et
2545 4887 2782 4947 impostor
2831 4885 3130 4935 astutissime
3196 4883 3442 4934 convertit
3480 4884 3543 4935 ad

1959 4951 2230 5003 Adrianum
2254 4953 2468 5016 primum
2492 4952 2615 5015 quod
2639 4952 2763 5002 dixit
2786 4951 2997 5002 Joannes
3019 4950 3079 5002 de
3102 4949 3336 5008 Adriano,
3350 4949 3390 5000 ll
3429 4951 3554 5002 satis

1959 5030 2215 5080 expresse.
2250 5022 2312 5070 At
2335 5019 2383 5070 id
2408 5032 2464 5070 ea
2488 5019 2549 5070 de
2574 5031 2717 5068 causa
2743 5019 2805 5068 ab
2829 5029 2888 5068 eo
2931 5019 3134 5079 factum,
3176 5016 3304 5080 quod
3339 5028 3429 5080 per
3469 5017 3553 5070 illa

1958 5085 2108 5135 verba
2132 5087 2344 5136 Joannes
2371 5086 2576 5148 probare
2618 5097 2672 5136 se
2701 5084 3000 5146 signiﬁcaret
3042 5083 3278 5146 synodum
3321 5087 3548 5135 octavam

1959 5151 2047 5202 sub
2073 5152 2283 5203 Adriano
2308 5152 2524 5202 habitam
2541 5150 2748 5212 iuniori.

2027 5223 2056 5258 ε
2076 5221 2142 5270 De
2165 5219 2481 5281 abrogatione
2504 5217 2673 5280 synodi
2698 5221 2868 5268 contra
2892 5217 3116 5268 Photium
3142 5217 3272 5267 facta
3315 5217 3440 5268 nihil
3475 5230 3559 5281 pe-

1960 5287 2090 5338 nitus
2114 5286 2162 5335 in
2186 5285 2362 5336 litteris
2387 5285 2605 5336 Joannis.
2635 5285 2874 5348 Apposuit
2906 5286 3012 5335 haec
3056 5283 3293 5346 impostor
3314 5287 3369 5334 ut
3417 5283 3554 5345 quasi

1959 5353 2235 5416 apostolicae
2260 5351 2388 5402 sedis
2409 5355 2699 5402 auctoritate
2725 5351 3002 5412 damnaret,
3045 5350 3174 5412 quod
3216 5356 3385 5414 postea
3427 5350 3552 5401 idem

1960 5421 2077 5472 fecit
2102 5423 2324 5470 octavam
2341 5419 2576 5480 synodum
2599 5418 2690 5468 sub
2716 5419 2930 5469 Adriano
2953 5417 3194 5470 habitam.
3248 5419 3397 5468 Porro
3441 5428 3552 5467 cum

1962 5489 2064 5538 haec
2089 5487 2326 5549 impostor
2351 5485 2596 5548 apposuit,
2620 5485 2899 5536 decurravit
2917 5497 3022 5548 quae
3044 5486 3091 5535 in
3113 5484 3390 5537 conditione
3410 5495 3552 5546 appo-

1957 5554 2052 5604 sita
2078 5553 2288 5602 Joannes
2317 5552 2464 5602 habet
2487 5551 2545 5602 de
2565 5552 2862 5604 restituenda
2889 5552 3085 5603 dimcesi
3113 5552 3456 5614 Bulgarornm.

3130 5664 3198 5712 28
