4160 6316
254 290 355 341 877

257 498 351 553 riis
374 501 571 567 causis,
603 512 841 558 vestram
873 506 1286 578 adimplebimus
1316 514 1648 568 voluntatem
1684 534 1696 569 :
1732 518 1858 587 quia

259 596 442 644 vestro
473 592 652 661 sagaci
704 594 931 649 consilio
976 599 1359 670 communique
1408 618 1699 669 consensu,
1735 622 1855 676 quae

258 694 358 747 pro
388 695 525 749 pace
555 679 795 737 fraterna
823 692 874 737 et
904 702 1004 753 pro
1037 694 1194 741 terra
1222 697 1419 745 nostrae
1439 707 1502 746 ac
1531 700 1727 748 vestrae
1759 696 1853 749 de-

260 765 521 833 fensione,
556 769 668 825 sive
690 771 1087 827 Saracenorum
1110 777 1432 845 perditione,
1458 781 1851 837 consideranda

258 863 311 910 et
336 855 669 926 perficienda
702 870 846 925 sunt,
879 879 1150 935 peragere
1181 866 1447 935 cupimus.
1483 869 1846 941 QuaprOpter,

257 944 395 1000 sicut
424 962 527 1001 nos
571 956 808 1003 vestrum
854 952 1103 1006 volumus
1147 955 1478 1011 desiderium
1508 968 1559 1012 et
1590 960 1850 1014 honorem

259 1034 425 1090 alacri
481 1044 660 1091 mente
714 1038 955 1109 implere,
1009 1041 1083 1095 ita
1123 1060 1336 1115 quoque
1380 1054 1432 1100 et
1482 1062 1578 1102 vos
1607 1049 1696 1101 illa
1729 1066 1849 1119 quae

256 1132 441 1178 nostro
496 1126 793 1195 apostolico
852 1129 1073 1183 culmini
1129 1141 1253 1186 sunt
1308 1134 1591 1201 decentia,
1653 1138 1850 1192 devota

257 1221 433 1268 mente
462 1214 673 1268 debetis
704 1232 994 1287 peragere;
1047 1221 1295 1288 quamvis
1323 1222 1374 1275 in
1408 1224 1511 1279 hoc
1544 1226 1847 1294 reprehen-

258 1300 407 1356 sione
455 1318 564 1356 non
608 1304 818 1359 modica
862 1306 1013 1373 digni
1063 1308 1387 1376 videamini,
1430 1314 1576 1382 quod
1620 1315 1848 1384 sumptis

256 1390 417 1445 armis
448 1400 636 1446 contra
664 1393 971 1464 Capuanos,
1026 1396 1167 1451 inter
1210 1400 1461 1455 assiduas
1510 1417 1845 1473 paganorum

260 1481 629 1549 persecutione
687 1483 1074 1550 consistentes,
1136 1490 1389 1558 persequi
1432 1498 1483 1543 et
1527 1491 1846 1563 impugnare

260 1570 728 1639 prmsumpseritis,
763 1580 1046 1643 antequam
1080 1591 1270 1629 eorum
1300 1578 1487 1647 culpas
1511 1580 1667 1633 nobis
1699 1597 1847 1635 vera-

260 1657 393 1713 citer
434 1658 680 1730 cognitas
732 1659 1019 1715 fecissetis.
1074 1664 1239 1718 Porro
1284 1666 1352 1719 de
1401 1668 1675 1722 mancosis
1708 1686 1845 1739 quos

257 1763 353 1816 pro
382 1747 697 1805 defensione
727 1758 884 1804 terrae
932 1753 986 1805 S.
1044 1753 1181 1806 Petri
1211 1755 1460 1809 dedimus
1494 1765 1544 1810 te
1577 1767 1845 1827 praesente

258 1836 611 1903 Amalﬁtanis,
645 1839 893 1893 volumus
914 1848 966 1893 ut
989 1842 1211 1896 eosdem
1227 1859 1515 1899 mancosos
1537 1846 1640 1915 ipsi
1666 1847 1846 1901 Amal-

258 1923 399 1979 fitani
430 1925 673 1981 deferant
701 1943 887 1984 secum
919 1930 1138 1999 navigio
1168 1948 1341 2002 usque
1372 1932 1427 1986 in
1456 1941 1667 2004 portum
1697 1936 1847 1990 urbis

258 2013 530 2079 Romana,
566 2016 818 2086 quoniam
850 2018 984 2072 salvi
1034 2026 1085 2075 et
1131 2020 1311 2075 securi
1341 2021 1416 2074 ibi
1444 2025 1763 2089 manebunt;
1796 2033 1849 2079 et

259 2111 381 2158 tunc
411 2112 635 2174 accepta
682 2121 715 2159 a
758 2106 916 2160 nobis
974 2108 1127 2177 prius
1185 2110 1491 2165 securitatis
1531 2114 1843 2183 sponsione,

258 2191 403 2262 ipsos
432 2192 589 2247 nobis
616 2206 913 2249 mancosos’
958 2197 1192 2252 reddere
1230 2208 1542 2269 procurent,
1579 2210 1847 2271 quatenus

258 2288 440 2336 nostra
467 2281 855 2352 recipientibus
883 2285 1060 2349 nobis,
1098 2286 1298 2341 nullam
1318 2304 1419 2357 pro
1440 2288 1521 2342 bis
1552 2290 1619 2343 de
1651 2300 1847 2346 cretero

258 2369 521 2438 patiantur
549 2370 890 2427 calumniam.

968 2563 1117 2617 CCL]
1127 2606 1137 2617 .

703 2687 775 2725 AD
804 2687 1029 2727 LEONEM
1060 2688 1366 2730 EPISCOPUM
1379 2716 1388 2726 .

855 2800 1033 2865 (Anno
1065 2802 1213 2867 879.)

263 2924 645 2998 Dolet_Capua:
697 2924 1168 2998 diiscordéasriesse
1214 2928 1534 2993 excitatas,-
1566 2931 1848 2998 signiﬁcat

325 3010 381 3048 se
407 2994 722 3065 Trajectum
740 2997 980 3073 ituram,
1008 2997 1186 3073 ibique
1209 2998 1272 3051 de
1297 3000 1576 3070 Landulfo
1598 2994 1848 3073 epis-copo

324 3065 516 3130 electo,
551 3068 712 3136 cujus
740 3065 1231 3134 conﬁrmatio—nam
1262 3065 1527 3141 petierat,
1559 3065 1842 3127 acturum.

322 3179 797 3235 Reverendissimo
829 3190 881 3235 et
913 3183 1254 3237 sanctissimo
1288 3185 1459 3239 LEONI
1491 3186 1767 3256 episcopo.

323 3268 719 3324 Sacerdotalem
751 3286 936 3331 curam
987 3279 1037 3324 et
1083 3272 1519 3339 sollicitudinem,
1554 3292 1711 3344 quam
1746 3291 1848 3345 pro

250 3357 513 3413 Ecclesia
541 3357 639 3413 Dei
671 3358 895 3413 utilitate
945 3360 1240 3432 pepulique
1288 3363 1581 3416 concordia
1631 3371 1681 3416 et
1710 3379 1848 3435 pace

253 3462 517 3519 peragere
555 3448 745 3517 procul
788 3448 954 3502 dubio
1002 3450 1199 3503 debent
1242 3450 1459 3505 Domini
1505 3454 1842 3518 sacerdotes,

248 3534 435 3590 litteris
465 3535 568 3589 tuis
597 3536 831 3605 relectis,
869 3544 918 3591 te
952 3538 1164 3592 lueillue
1191 3539 1395 3593 habere
1426 3542 1842 3612 cognoscimus;

249 3623 379 3678 dum
408 3624 505 3679 Dei
535 3624 876 3696 proximique
910 3625 1199 3681 dilectione
1230 3628 1515 3693 sollicitus,
1550 3629 1703 3683 doles
1736 3630 1844 3685 Ca-

247 3729 475 3783 puanos,
509 3713 720 3769 nobiles
764 3708 967 3769 scilicet
1011 3716 1179 3782 viros,
1224 3716 1464 3772 fraterno
1508 3717 1714 3773 ftL‘dCI'C
1744 3735 1845 3790 per

246 3802 617 3871 jusjurandum
648 3802 788 3857 inter
837 3820 930 3857 eos
978 3804 1163 3858 habito
1212 3806 1460 3876 nequiter
1488 3816 1740 3878 corrupto
1772 3808 1842 3863 ad

250 3907 430 3945 veram
459 3891 781 3947 discordiam
822 3900 875 3946 et
918 3892 1257 3949 inimicitiam
1297 3896 1636 3964 pervenisse,
1670 3906 1722 3951 et
1746 3898 1842 3951 ad-

249 3981 352 4035 huc
395 3979 447 4034 in
493 3997 554 4035 ea
596 3980 897 4051 improvida
944 3992 1121 4037 mente
1168 3984 1487 4047 consistere,
1537 3994 1697 4055 atque
1740 4003 1840 4055 pro

248 4069 510 4124 Landulfo
541 4070 837 4125 venerabili
868 4072 1208 4141 presbytero,
1262 4081 1313 4126 et
1344 4074 1515 4127 electo
1543 4090 1572 4126 a
1603 4075 1756 4127 vobis
1789 4082 1840 4130 et

246 4157 393 4212 omni
425 4158 745 4213 sacerdotali
775 4168 916 4214 ccetu
946 4159 1313 4231 nobiliumque
1345 4170 1583 4227 caterva,
1620 4172 1838 4217 cuncto-

246 4262 352 4318 que
378 4247 577 4317 populo
608 4247 877 4318 Capuanae
905 4249 1154 4313 civitatis,
1188 4249 1464 4319 pontificio
1494 4259 1678 4304 nostro
1710 4267 1837 4321 sup-

1462 302 1812 356 EPlSTOL.E
1850 305 1940 358 ET
1978 308 2322 365 DECRETA.

258 419 310 465 et
342 420 469 468 tunc
502 413 615 468 sive
647 415 714 469 de
745 417 969 485 prmfalo
1002 420 1193 484 electo,
1221 423 1332 478 sive
1354 424 1421 478 de
1454 425 1573 479 aliis
1604 441 1860 483 necessa-
1889 430 1942 491 A

1874 3148 1923 3210 C

3451 331 3552 383 8'18

2655 441 2849 497 CCLlI.

2308 548 2378 586 Alt
2421 549 2751 593 LANDULFUM
2787 555 3203 601 PRESBYTER“.

2576 610 2755 675 (Anno
2788 612 2936 681 879.)

1958 698 2177 779 Laudat
2197 717 2325 779 cum
2349 704 2488 779 quod
2509 705 2581 759 ad
2600 711 3046 779 propinquorum
3063 730 3294 771 suorum
3310 718 3533 775 insidia;

2028 770 2317 849 evitandas
2351 770 2534 849 Capua
2557 770 2736 845 fuerit
2768 770 3038 849 egressus,
3080 788 3135 838 et
3170 787 3231 839 in

2024 842 2288 924 sedandis
2311 842 2894 924 εζαιὺονᾳῐίδὶῃηὶῥῖξᾳῤ
2919 842 3234 924 Trajectum
3253 875 3309 912 se

2027 911 2205 981 ibique
2227 914 2292 967 de
2312 916 2434 983 ejus
2457 911 2729 973 electione
2751 911 3227 981 deliberaturum.

2024 1007 2323 1062 LANDULFO
2352 1012 2645 1066 venerabili
2672 1016 2997 1087 presbytero
3029 1030 3079 1074 et
3105 1023 3297 1079 electo.

2025 1093 2159 1161 Quia
2192 1097 2614 1154 discordantium
2639 1113 2922 1171 parentum
2953 1115 3164 1163 tuorum
3194 1112 3419 1168 insidias
3447 1117 3547 1171 de-

1951 1183 2221 1248 clinando,
2257 1196 2308 1239 et
2338 1203 2402 1240 ex
2433 1180 2566 1243 urbe
2613 1192 2863 1261 Capuana
2912 1198 3266 1267 egrediendo,
3320 1202 3374 1256 in
3404 1205 3550 1259 anti-

1952 1287 2059 1340 qua
2089 1283 2288 1327 sanctae
2320 1276 2566 1333 ecclesiae
2583 1278 2854 1349 Capuanas
2876 1284 3025 1353 sede,
3047 1288 3267 1343 nomine
3296 1292 3551 1349 videlicet

1949 1360 2004 1413 S.
2032 1362 2285 1430 Stephani
2320 1368 2725 1437 protomartyris
2772 1370 3095 1444 refulgente,
3129 1393 3269 1433 nunc
3300 1379 3546 1438 habitare

1950 1456 1999 1502 te
2030 1451 2251 1515 asset-is,
2285 1461 2449 1522 atque
2480 1470 2603 1510 cum
2652 1457 2843 1512 vicinis
2886 1461 3156 1533 episcopis
3202 1467 3421 1523 assidue
3450 1471 3547 1525 de-

1949 1546 2147 1606 certas,
2178 1548 2235 1592 ut
2265 1541 2405 1595 male
2429 1543 2632 1599 divisos
2678 1547 2917 1604 adunare
2962 1558 3124 1622 atque
3167 1554 3546 1613 discordantes

1946 1624 2254 1696 pacilicare,
2292 1630 2407 1683 Deo
2440 1629 2675 1701 favente,
2712 1637 2910 1706 possis,
2956 1647 3170 1707 gratum
3214 1645 3547 1714 recepimus.

1948 1712 2087 1782 Quia
2111 1724 2163 1769 et
2192 1726 2314 1772 ante
2359 1730 2673 1791 susceptum
2722 1724 2955 1780 officium
2995 1744 3059 1783 ea
3101 1747 3223 1800 quae
3259 1712 3384 1787 sunt
3413 1734 3543 1790 boni

1876 1787 1928 1846 Β
1946 1805 2179 1872 pastoris
2209 1808 2446 1879 peragis,
2472 1787 2537 1863 in
2558 1828 2665 1882 quo
2697 1813 2901 1869 scilicet
2932 1825 2988 1870 ut
3018 1787 3338 1887 perseveres
3369 1824 3547 1881 horta-

1948 1908 2067 1947 mur
2097 1910 2268 1963 usque
2315 1898 2381 1949 ad
2425 1907 2671 1954 nostrum
2720 1904 3008 1971 specialem
3057 1908 3368 1978 adventum,
3403 1928 3546 1983 quo-

1948 1980 2112 2047 niam,
2161 1984 2275 2037 Deo
2322 1987 2576 2056 propitio,
2629 2006 2727 2058 pro
2770 2001 3011 2047 vestrum
3057 1997 3298 2053 omnium
3347 1980 3541 2070 salute,

1948 2071 2235 2124 concordia
2292 2082 2344 2127 et
2401 2091 2556 2145 pace,
2615 2078 2872 2135 Kalendis
2931 2081 3260 2141 Octobribus
3294 2080 3542 2145 volumus

1947 2158 2249 2227 Trajectum
2308 2162 2510 2230 venire,
2572 2165 2755 2237 ibique
2811 2186 2937 2224 cum
2984 2173 3259 2230 Guaiferio
3297 2176 3541 2247 glorioso

1946 2247 2211 2317 principe,
2246 2259 2297 2304 et
2329 2268 2453 2306 cum
2481 2254 2602 2308 aliis
2651 2256 2863 2312 eximiis
2892 2262 3209 2329 parentibus
3238 2264 3343 2319 tuis
3372 2266 3539 2339 loqui,

1946 2344 1996 2390 et
2027 2338 2278 2394 ordinare
2312 2340 2542 2410 primum
2576 2360 2638 2398 ea
2668 2362 2787 2415 quae
2828 2348 2987 2403 nobis
3017 2358 3067 2405 et
3095 2352 3251 2407 vobis
3282 2361 3406 2408 sunt
3435 2338 3541 2411 ne-

1946 2426 2187 2481 cessaria
2216 2436 2520 2501 vestraeque
2544 2434 2665 2502 paci
2697 2443 2747 2487 et
2776 2436 2987 2491 utilitati
3032 2439 3292 2509 proﬁcua,
3327 2451 3382 2499 et
3410 2451 3539 2517 tunc

1946 2515 2356 2583 provectionem
2388 2526 2530 2572 tuam
2560 2524 2860 2577 secundum
2904 2541 3092 2581 sacros
3135 2544 3392 2598 canones,
3424 2516 3516 2587 om

1947 2601 2105 2656 nibus
2132 2603 2451 2672 pacificatis,
2484 2624 2765 2681 peragere.
3473 2623 3478 2627 ’

2666 2709 2891 2767 CCLIII.

2348 2818 2421 2862 AD
2460 2824 2749 2865 PULCABEM
2787 2827 3148 2870 PRAEFECTUM.

2567 2883 2584 2939 (
2590 2884 2745 2943 Anno
2769 2885 2921 2953 879.)

1950 2971 2148 3041 Arguit
2176 2976 2320 3059 quod
2344 2992 2447 3030 nec
2474 2978 2653 3059 [cedas
2683 2985 3073 3059 gumpaganis
3095 2986 3273 3040 ictum
3298 2990 3542 3059 ruperit,

2018 3059 2120 3125 vim:
2143 3046 2423 3125 ditionem
2454 3052 2643 3125 sancti
2673 3046 2847 3120 Petri,
2872 3046 3022 3108 sicut
3060 3046 3415 3125 promiserat,
3448 3046 3548 3117 de;

2018 3114 2267 3195 [ὶτῃίίιτνίι
2290 3137 2307 3180 ;
2330 3120 2597 3195 praecipit
2633 3125 2696 3173 ut
2721 3114 3021 3191 pecuniam
3054 3114 3154 3195 pro
3176 3144 3239 3183 ea
3272 3146 3332 3183 re
3352 3114 3546 3186 datam

2021 3184 2093 3237 ad
2112 3202 2170 3238 se
2198 3184 2475 3241 remittat.

2023 3280 2231 3335 Dilecto
2266 3283 2381 3338 viro
2414 3285 2651 3339 PULcAm
2682 3288 2959 3356 praefecto.

2022 3369 2126 3423 Pro
2160 3370 2333 3426 salute
2378 3373 2575 3429 animae
2622 3384 2726 3431 tuae
2776 3393 2841 3432 ac
2888 3395 2985 3449 pro
3033 3381 3352 3439 defensione
3383 3388 3546 3443 totius

1950 3456 2381 3529 Christianitatis,
2435 3480 2582 3532 quae,
2640 3473 2690 3519 te
2734 3482 2856 3520 cum
2900 3470 3132 3541 paganis
3176 3481 3391 3542 pactum
3440 3477 3544 3530 hau

1948 3546 2132 3613 bente,
2167 3550 2404 3619 quotidie
2438 3553 2786 3620 deprzedatur
2832 3564 2993 3628 atque
3038 3560 3093 3612 in
3125 3560 3299 3616 diram
3329 3565 3547 3620 ducitur

1947 3636 2337 3707 captivitatem,
2391 3640 2557 3693 multa
2602 3642 2694 3695 tibi
2745 3652 2796 3697 et
2836 3646 3035 3715 populo
3066 3655 3175 3713 tuo,
3212 3668 3331 3722 quae
3359 3661 3546 3722 postu-

1946 3725 2090 3789 lasti,
2125 3726 2353 3781 fecimus
2386 3728 2546 3783 bona.
2582 3731 2810 3801 Insuper
2840 3733 3030 3790 decem
3061 3737 3230 3792 millia
3261 3756 3548 3797 mancoso-

1946 3830 2066 3868 rum
2124 3816 2333 3885 argenti
2391 3817 2642 3872 dedimus
2690 3819 2783 3873 tibi
2828 3830 2884 3875 ut
2935 3826 3133 3880 terram
3178 3829 3353 3884 sancti
3398 3831 3543 3903 Petri

1944 3911 2102 3972 rupto
2136 3903 2345 3959 foedere
2378 3922 2714 3977 paganorum
2745 3909 3097 3979 defenderes;
3133 3917 3278 3986 quod
3325 3926 3382 3972 tu
3419 3922 3551 3974 cum'

1943 3992 2045 4044 tuis
2076 3992 2574 4061 perjusjurandum
2626 3996 2802 4051 facere
2847 4001 3162 4069 promisisti,
3215 4006 3312 4059 sed
3343 4006 3540 4064 timore

1935 4078 2126 4145 judicii
2160 4081 2259 4134 Dei
2289 4082 2614 4150 postposito,
2678 4101 2858 4155 neque
2897 4097 3110 4156 pactum
3154 4091 3400 4162 iniquum
3440 4096 3547 4150 dis-

1940 4183 2194 4236 rumpere
2228 4169 2462 4232 voluisti,
2500 4187 2675 4241 neque
2704 4182 2927 4243 propter
2948 4177 3330 4244 jusjurandum
3358 4182 3538 4238 littora

1937 4262 2119 4312 nostra
2141 4255 2455 4322 defendere,
2478 4260 2574 4312 sed
2594 4260 2775 4328 potius
2806 4263 3111 4331 depraedari
3134 4267 3404 4324 diabolico
3426 4272 3542 4339 jam

245 4335 433 4406 plicas,
490 4344 750 4407 quatenus
810 4354 932 4391 eum
981 4354 1085 4392 non
1132 4336 1444 4392 differamus
1489 4354 1660 4394 sacrae
1691 4339 1834 4409 plebi
1928 4344 2038 4397 Juri
2070 4345 2366 4413 subjectus,
2402 4348 2686 4445 permittis,
2741 4358 2794 4404 et
2822 4351 2876 4404 in
2906 4354 3101 4408 animae
3133 4363 3237 4410 tua:
3264 4358 3532 4427 perditio-

245 4424 505 4445 ομηη--
1191 4426 1240 4445 ιτ
1286 4444 1297 4445 ,
1349 4442 1362 4445 -
1622 4444 1629 4445 ,
1680 4437 1718 4445 μ
2316 4435 2345 4445 ν.
2695 4438 2705 4445 .
2869 4442 2913 4445 __
2969 4441 2978 4445 _
3042 4442 3050 4445 _
3224 4442 3228 4445 Α

244 4424 511 4495 Capuanze
541 4424 829 4479 antistitem
872 4426 1145 4493 ordinare.
1191 4426 1303 4481 Nos
1342 4436 1540 4494 autem,
1572 4427 1833 4497 pastorali

1949 4449 2071 4487 nem
2104 4435 2378 4489 censentis
2410 4435 2539 4491 oves
2570 4438 2808 4507 pretioso
2858 4441 3054 4495 Christi
3082 4442 3277 4500 cruore
3306 4447 3543 4519 acquisi'

244 4513 607 4569 sollicitudine
653 4515 800 4581 moti,
852 4515 1132 4569 vobiscum
1183 4515 1431 4570 similiter
1477 4517 1830 4570 condolemus
1861 4507 1912 4566 D
1935 4530 2012 4574 tas
2043 4522 2166 4577 duci
2198 4523 2457 4593 captivas.
2490 4525 2557 4579 Et
2588 4526 2710 4581 ideo
2740 4528 2965 4599 dignum
3006 4539 3088 4585 est
3118 4542 3173 4587 ut
3202 4535 3349 4604 ipsos
3380 4526 3506 4592 man

243 4601 443 4656 fratres
473 4611 525 4657 et
554 4603 886 4673 propinquos
918 4620 1017 4673 pro
1041 4604 1223 4659 saeculi
1243 4605 1533 4675 cupiditate
1556 4605 1609 4659 in
1630 4613 1830 4660 tantam

241 4690 533 4746 discordiae
581 4700 633 4746 et
678 4691 970 4748 inimicitizr
1018 4693 1333 4763 voraginem
1381 4695 1691 4761 demersos,
1736 4710 1833 4765 pro

244 4778 442 4850 quibus
496 4796 645 4845 sane,
692 4782 808 4835 Deo
862 4780 1115 4851 propitio,
1168 4781 1535 4852 pacificandis,
1586 4783 1835 4837 volumus

243 4868 504 4923 Kalendis
554 4868 880 4923 Octobribus
926 4870 1230 4938 Trajectum
1262 4872 1466 4937 venire,
1524 4880 1573 4925 et
1604 4872 1679 4925 ibi
1710 4888 1836 4927 cum

241 4956 527 5012 Guaiferio
552 4957 814 5028 principe,
850 4966 1009 5029 atque
1049 4959 1347 5029 vobiscum,
1382 4968 1434 5013 et
1462 4976 1585 5014 cum
1618 4961 1836 5030 Capua-

242 5044 333 5099 nis
362 5046 678 5118 caeterisque
708 5047 1031 5102 vestratibus
1050 5048 1217 5118 loqui,
1239 5056 1291 5102 et
1321 5048 1574 5103 ordinare
1603 5050 1837 5118 primum

240 5149 308 5189 ea
339 5150 459 5205 quae
486 5135 644 5189 nobis
691 5144 743 5190 et
790 5136 941 5191 vobis
992 5145 1115 5191 sunt
1159 5136 1499 5203 necessaria;
1535 5146 1586 5191 et
1614 5145 1741 5191 tunc
1769 5138 1839 5193 de

236 5223 364 5293 ipso
390 5223 563 5280 electo
592 5232 828 5279 vestram
858 5216 1152 5281 secundum
1188 5240 1374 5280 sacros
1404 5241 1643 5281 canones
1674 5227 1842 5282 adim-

236 5312 513 5382 plebimus
542 5314 868 5369 voluntatem
902 5331 914 5367 :
948 5323 999 5368 et
1027 5314 1232 5369 idcirco
1262 5331 1427 5386 grave
1458 5330 1567 5369 non
1594 5314 1840 5370 videatur

241 5400 526 5457 dilectioni
555 5410 750 5459 vestra:
780 5411 1045 5471 nostrum,
1083 5412 1137 5457 ut
1165 5404 1368 5458 dictum
1399 5411 1499 5471 est,
1548 5404 1837 5474 specialem

237 5490 551 5560 praestolari
597 5492 907 5547 adventum.
963 5495 1138 5549 Unam
1184 5493 1358 5547 talem
1406 5492 1686 5547 Adelchisz’
1718 5495 1839 5563 epi-

241 5595 411 5650 scopo
433 5599 449 5634 :
473 5584 528 5635 et
548 5582 792 5637 alterum
812 5583 1036 5651 Lupeno
1067 5583 1336 5653 episcopo.

1933 4626 2110 4675 coscs,
2146 4628 2283 4683 quos
2315 4613 2410 4667 tibi
2457 4631 2555 4685 pro
2601 4615 2917 4673 defensione
2959 4628 3116 4675 terrae
3146 4631 3348 4678 nostra;
3377 4625 3529 4681 dedi-

1934 4716 2071 4766 mus,
2130 4700 2472 4772 recipiamus.
2535 4703 2880 4776 Quapropter
2918 4708 3167 4763 volumus
3214 4719 3272 4765 ut
3301 4715 3526 4769 eosdem

1934 4805 2222 4845 mancosos
2252 4807 2352 4861 per
2381 4800 2501 4846 tuos
2532 4792 2720 4848 fideles
2742 4795 3097 4852 Amalfitanos
3117 4816 3289 4870 usque
3319 4802 3374 4854 in
3401 4818 3528 4879 por-

1934 4884 2046 4931 tum
2077 4879 2228 4933 urbis
2257 4881 2517 4936 Romanae
2546 4883 2701 4936 nobis
2733 4883 2949 4956 navigio
2994 4887 3272 4943 venientes
3301 4906 3526 4947 reman-

1935 4966 2053 5031 des,
2088 4968 2339 5037 quoniam
2370 4969 2475 5038 ipsi
2506 4970 2812 5026 Amalﬁtani
2843 4973 2980 5028 salvi
3008 4982 3059 5028 et
3090 4976 3269 5031 securi
3300 4979 3374 5033 ibi
3402 4998 3524 5036 ma-

1936 5056 2156 5121 nebunt,
2218 5064 2269 5111 et
2328 5065 2453 5114 tunc
2509 5068 2731 5129 accepta
2772 5061 2919 5131 prius
2968 5078 3001 5117 a
3039 5064 3196 5118 nobis
3223 5069 3526 5127 securitatis

1938 5145 2250 5214 sponsione,
2283 5147 2536 5216 praefatos
2566 5165 2855 5203 mancosos
2887 5152 3047 5206 nobis
3077 5154 3308 5210 reddere
3329 5174 3531 5227 procu-

1936 5241 2076 5300 rent,
2125 5243 2388 5304 quatenus
2435 5244 2622 5290 nostra
2668 5238 3014 5308 recipientes,
3066 5242 3268 5299 nullam
3317 5247 3412 5301 tibi
3441 5248 3533 5305 vel

1938 5322 2136 5392 populo
2164 5330 2255 5377 tuo
2284 5323 2579 5378 inferamus
2628 5326 2974 5384 calumniam.
3029 5331 3165 5385 Nam
3213 5342 3265 5389 et
3307 5335 3536 5392 dromo~

1938 5411 2096 5465 nibus
2154 5411 2355 5466 nostris
2413 5415 2771 5485 prmcepimus
2820 5425 2877 5470 ut
2924 5419 3071 5473 nullo
3101 5422 3263 5477 modo
3294 5423 3533 5495 aliquam

1938 5500 2139 5569 populo
2186 5507 2277 5553 tuo
2324 5500 2521 5557 faciant
2569 5505 3025 5576 contrarietatem,
3071 5510 3118 5565 si
3165 5518 3344 5567 tamen
3376 5514 3534 5569 nobis

1942 5588 2088 5655 ipsos
2133 5604 2417 5645 mancosos
2449 5591 2631 5648 salvos
2662 5593 2985 5652 reddideris.
3093 5598 3111 5609 '
3434 5606 3439 5609 ’
