4160 6310
649 283 751 336 879

1329 399 1550 456 CCLIV.

861 514 934 555 AD
971 511 1272 556 IONACHOS
1309 509 1704 552 PULTABIENSIS
1740 510 2010 550 C(ENOBII.

1245 597 1426 666 (Anno
1459 595 1608 666 879.)

641 699 798 754 Dolet
829 697 894 752 de
919 712 1114 752 eorum
1143 693 1586 758 calamitatibus,
1611 695 1668 747 et
1696 691 1982 762 signiﬁcat
2004 707 2061 745 se
2092 691 2235 762 ipsae

711 785 840 850 rum
867 783 1041 851 causa
1073 764 1295 851 βοεοηὶ¹
1316 763 1564 851 principi
1607 761 1776 851 atque
1805 763 2018 851 Παρρηὶ
2049 761 2235 851 abbati

708 838 1005 910 scripsisse
1026 840 1090 892 ut
1115 851 1203 890 eos
1233 832 1516 899 utentur,‘
1533 832 1831 904 exemplar
1860 832 2036 887 etiam
2058 835 2234 886 testa-

707 909 891 964 menti
912 907 1141 962 Gerardi
1169 904 1491 976 fundatoris
1521 903 1784 975 Ansegiso
1813 902 2232 974 archiepiscopo

710 983 766 1034 et
797 978 1048 1034 Conrado
1076 973 1270 1032 conliti
1299 973 1540 1030 misisse.

705 1076 918 1130 Sancte
947 1070 1355 1144 congregationi
1385 1069 1580 1125 summi
1613 1069 1982 1140 apostolorum
2031 1068 2232 1140 princi-

631 1162 716 1234 pis
751 1161 888 1218 Petri
919 1159 1150 1216 eoenobii
1180 1157 1352 1214 nostri
1381 1157 1754 1214 Pultariensis.

702 1251 1010 1324 Cognoscat
1037 1263 1138 1320 pro
1167 1255 1320 1304 certo
1347 1245 1660 1302 fraternitas
1689 1253 1875 1302 vestra
1901 1261 2024 1312 nos,
2056 1245 2229 1301 relec-

628 1340 698 1394 tis
727 1337 920 1394 litteris
949 1337 1166 1407 vestris,
1199 1351 1297 1407 pro
1334 1335 1500 1390 tantis
1549 1333 1969 1390 adversitatibus
1998 1349 2132 1406 quas
2159 1334 2228 1388 ab

625 1425 827 1498 iniquis
852 1425 1094 1498 quotidie
1141 1423 1420 1480 sustinetis
1462 1423 1795 1488 hominibus,
1840 1422 2000 1480 valde
2042 1421 2226 1477 tristes

623 1515 876 1582 existere,
909 1513 1167 1586 quoniam
1195 1513 1335 1570 sicut
1361 1513 1431 1568 de
1467 1519 1650 1568 vestra
1696 1511 2061 1583 prosperitate
2089 1526 2226 1584 gau-

625 1603 838 1670 demus,
869 1602 946 1658 ita
975 1616 1193 1675 quoque
1236 1609 1291 1658 et
1331 1601 1401 1656 de
1451 1609 1636 1656 vestra
1675 1599 2016 1656 tribulatione
2043 1599 2224 1654 trista-

623 1707 766 1749 mur.
813 1690 969 1748 Unde
1013 1691 1260 1747 volentes
1309 1698 1554 1746 sanctam
1593 1689 2074 1763 congregationem
2121 1704 2220 1744 ve-

627 1789 820 1847 stram,
851 1787 1038 1851 utpote
1065 1778 1410 1836 Dominicum
1451 1795 1684 1852 gregem
1711 1778 1766 1832 in
1797 1778 1916 1849 ipso
1944 1777 2223 1850 apostolo-

627 1885 748 1925 rum
779 1868 1022 1941 principe
1051 1867 1208 1924 nobis
1246 1867 1618 1933 commissum,
1667 1866 1875 1922 salvam
1903 1875 1957 1922 et
1985 1867 2224 1938 quietam

625 1957 848 2025 habere,
895 1957 1210 2022 direximus,
1260 1957 1555 2012 secundum
1599 1955 1917 2027 petitionem
1963 1963 2219 2021 vestram,

627 2054 847 2104 nostras
876 2044 1206 2116 apostolicus
1233 2043 1438 2100 litteras
1466 2043 1666 2099 Bosoni
1695 2043 1938 2116 glorioso
1967 2043 2218 2114 principi,

626 2144 682 2192 et
708 2133 926 2205 Hugoni
955 2132 1295 2188 nobilissimo
1323 2132 1523 2202 abbati,
1553 2139 1799 2204 petentes
1829 2139 2094 2204 quatenus
2122 2147 2222 2204 pro

625 2223 730 2280 Dei
758 2229 1179 2293 sanctorumque
1223 2221 1598 2292 apostolorum
1645 2220 1950 2292 principum
1981 2219 2124 2276 Petri
2157 2236 2222 2278 ac

623 2309 778 2366 Pauli
807 2325 1017 2376 amore,
1049 2316 1347 2382 nostraque
1394 2308 1702 2378 dilectione,
1747 2325 1860 2365 suae
1891 2308 2222 2365 defensionis

623 2399 881 2456 auxilium
935 2397 1094 2454 vobis
1151 2397 1486 2470 impendant,
1548 2406 1600 2453 et
1657 2405 1844 2454 contra
1899 2397 2000 2454 Dei
2058 2407 2221 2470 atque

621 2501 814 2544 omnes
841 2494 1052 2543 vestros
1079 2487 1422 2542 adversarios
1448 2501 1670 2541 manum
1698 2503 1809 2542 suae
1836 2485 2092 2557 potentiae
2121 2503 2220 2542 ex-

619 2575 864 2644 tendant,
895 2583 955 2632 ut
983 2574 1163 2647 quiete
1193 2591 1256 2630 ac
1285 2575 1553 2631 securiter
1572 2574 1861 2648 degentes,
1887 2575 2097 2630 debitas
2117 2576 2220 2632 Do-

616 2663 767 2719 mino
795 2663 990 2721 laudes
1016 2663 1328 2734 persolvere
1358 2678 1424 2720 ac
1443 2679 1546 2734 pro
1575 2663 1733 2718 nobis
1762 2671 1814 2718 et
1843 2664 1990 2719 omni
2017 2663 2220 2735 populo

618 2749 928 2808 Christiano
948 2751 1184 2827 velatis
1213 2751 1638 2822 omnipotentem
1691 2751 1982 2806 Dominum
2025 2753 2218 2824 depre-

614 2837 745 2905 cari,
779 2846 834 2896 et
862 2853 955 2896 res
975 2839 1146 2896 sancti
1173 2839 1346 2894 nostri
1377 2838 1694 2894 monasterii
1723 2839 2010 2912 tranquilla
2038 2849 2218 2896 mente

615 2925 930 3001 dimouere,
963 2942 1157 3000 regere
1177 2941 1242 2984 ac
1258 2927 1559 2984 secundum
1579 2926 1870 2982 Dominum
1899 2927 2218 2999 dispensare

613 3015 856 3087 possitis.
887 3016 1054 3072 Porro
1082 3014 1357 3087 exemplar
1383 3014 1554 3088 ipsius
1583 3015 1909 3083 testamenti,
1941 3031 2042 3088 per
2070 3017 2217 3088 quod

1935 275 2231 330 JOANNIS
2272 275 2462 330 PAPgE
2501 275 2644 331 Vill.

2267 399 2316 460 Α
2339 398 2554 453 Christo
2584 399 2942 466 credentium,
2993 400 3062 452 ab
3107 398 3338 454 inimicis
3385 398 3576 454 vicinis
3606 399 3940 468 perturban-

3849 278 3946 328 880

2337 494 2440 554 tur,
2474 487 2759 558 omnisque
2788 487 3026 552 illorum,
3060 488 3169 542 imo
3200 494 3384 542 nostra
3413 487 3614 541 familia
3643 486 3944 542 crudeliter

2336 575 2554 630 assidue
2602 584 2828 630 vexatur
2869 584 2922 630 et
2967 575 3319 646 opprimitur;
3369 576 3443 630 ita
3489 590 3624 630 sane
3673 583 3732 628 ut
3762 591 3940 648 neque

2335 679 2495 717 arare
2523 680 2701 734 neque
2749 671 2945 720 caetera
2993 681 3115 736 qua:
3161 665 3229 718 ad
3278 673 3436 719 terrm
3473 665 3738 719 culturam
3769 665 3940 734 pertio

2335 760 2483 821 nent,
2515 752 2688 822 possit
2719 768 2996 808 exercere.
3047 752 3389 823 Quapropter
3418 761 3470 807 et
3503 761 3752 808 vestrum
3780 753 3938 807 auxi-

2333 839 2462 894 lium
2509 840 2686 894 eidem
2729 849 2914 896 sancto
2963 841 3084 896 loco
3134 841 3478 912 impendatis,
3525 849 3578 896 et
3623 850 3813 896 contra
3838 840 3940 896 Dei

2333 935 2496 1000 atque
2527 929 2644 997 ejus
2673 929 3018 984 adversarios
3049 945 3267 984 manum
3299 937 3492 985 vestrae
3522 930 3800 1000 potentiae,
3833 946 3935 1001 pro

2333 1031 2521 1072 amore
2551 1017 2652 1072 Dei
2681 1025 2734 1073 et
2763 1027 3079 1074 sanctorum
3107 1019 3475 1089 apostolorum
3510 1019 3654 1074 Petri
3686 1035 3754 1074 ac
3782 1019 3934 1073 Pauli

2330 1113 2621 1177 nostraque
2675 1106 2966 1162 dilectione
3023 1107 3363 1172 extendatis,
3435 1115 3699 1178 quatenus
3751 1115 3936 1163 vestro

2329 1194 2535 1264 potenti
2592 1194 2812 1251 brachio
2869 1194 3009 1264 freti,
3073 1195 3208 1251 salvi
3262 1195 3316 1249 in
3363 1196 3616 1251 omnibus
3662 1204 3712 1251 et
3747 1197 3934 1252 securi

2329 1283 2647 1348 consistant,
2679 1291 2738 1338 ut
2767 1292 2820 1338 et
2848 1284 2903 1338 in
2934 1285 3188 1355 praesenti
3215 1285 3412 1358 dignas
3443 1302 3473 1339 a
3501 1285 3658 1340 nobis
3689 1286 3932 1340 retribu-

2327 1370 2504 1426 tiones
2537 1380 2590 1427 et
2616 1371 2687 1449 in.
2715 1371 2898 1428 futuro
2945 1373 3297 1444 multiplicem
3339 1389 3372 1428 a
3418 1373 3648 1429 Domino
3697 1373 3932 1429 valeatis

2326 1460 2638 1516 mercedem
2667 1476 2794 1518 cum
2823 1461 3027 1518 sanctis
3057 1462 3326 1532 recipere.

3040 1561 3261 1616 CCLV].

2700 1672 2773 1710 AD
2810 1673 3082 1712 HUGONEM
3121 1673 3191 1711 ET
3229 1672 3545 1712 RADULFUM.

2927 1730 3107 1797 (Anno
3137 1729 3287 1800 879.)

2333 1814 2486 1882 Quod
2524 1817 2863 1872 Vendoaram
2895 1818 3094 1872 villam
3121 1819 3310 1873 sancti
3357 1818 3514 1873 Petri
3540 1819 3926 1876 Pultariensis

2402 1887 2555 1942 nulli
2583 1888 2942 1957 concesserit,
2993 1891 3052 1943 et
3083 1890 3492 1954 Arembcrtum,
3526 1890 3621 1960 qui
3650 1906 3688 1943 a
3716 1890 3924 1946 Bosone

2403 1961 2792 2084 ειὲηέμσείξρίι,
2827 1961 3318 2016 excommunicari
3335 1961 3596 2032 jusserit,
3627 1960 3742 2016 nisi
3771 1961 3838 2015 ab
3858 1977 3926 2016 ea

2401 2044 2434 2083 α
2471 2045 2496 2084 s
2527 2046 2657 2086 mea
2692 2073 2705 2084 .

2401 2126 2620 2181 Hucom
2650 2135 2701 2182 et
2733 2129 3038 2184 RADULPHO
3057 2127 3270 2184 dilectis
3299 2127 3550 2184 fidelibus
3577 2129 3801 2183 nostris.

2399 2215 2705 2286 Cognoscat
2734 2233 2834 2288 pro
2865 2225 3010 2274 certo
3027 2216 3261 2273 ﬁdelitas
3287 2225 3465 2274 vestra
3487 2217 3614 2290 quia
3633 2233 3736 2272 nos
3751 2217 3922 2288 ipsam

2327 2303 2510 2360 villam
2536 2313 2777 2360 nostram
2809 2294 3170 2374 Vendoaram,
3216 2323 3379 2380 quam
3408 2307 3586 2363 dicitis
3614 2323 3738 2362 esse
3766 2306 3920 2361 inva-

2326 2407 2442 2448 sam
2471 2409 2504 2449 a
2525 2394 2734 2450 Bosone
2765 2395 2978 2465 comite,
3013 2397 3165 2468 quasi
3197 2411 3297 2452 nos
3327 2411 3450 2452 eam
3475 2412 3598 2452 cum
3641 2395 3736 2451 illo
3765 2411 3920 2452 com-

2324 2490 2686 2538 mutassemus
2715 2484 3044 2555 accipientes
3075 2485 3299 2541 alteram
3327 2485 3394 2539 ab
3425 2500 3508 2549 eo,
3544 2501 3721 2557 neque
3751 2486 3920 2541 bene-

2323 2568 2483 2625 ficiali
2513 2588 2685 2642 more,
2731 2589 2908 2644 neque
2957 2573 3188 2643 alicujus
3233 2573 3668 2628 commutationis
3707 2583 3916 2643 tenore,

2321 2675 2499 2731 neque
2528 2661 2635 2716 alio
2663 2677 2989 2733 quocunque
3020 2663 3203 2729 modo,
3229 2679 3352 2718 cum
3373 2663 3566 2718 eodem
3591 2664 3806 2718 Bosone
3834 2661 3919 2718 vel

2321 2747 2428 2804 alio
2457 2765 2784 2822 quocunque
2829 2750 3069 2816 homine,
3115 2752 3364 2806 dedimus
3402 2769 3580 2824 neque
3611 2761 3920 2808 commuta-

2319 2836 2514 2892 vimus.
2548 2839 2676 2893 Ideo
2707 2839 2761 2892 in
2791 2837 3048 2894 fidelitate
3084 2849 3137 2895 et
3182 2841 3404 2896 servitio
3437 2849 3752 2896 sanctorum
3781 2856 3920 2912 apo-

2319 2925 2585 2981 stolorum
2615 2927 2759 2982 Petri
2788 2943 2851 2984 ac
2881 2927 3034 2982 Pauli
3079 2928 3273 2984 devota
3302 2937 3484 2984 mente
3510 2939 3918 3002 permanentes,

2317 3013 2491 3085 ipsam
2519 3015 2705 3070 villam
2736 3016 2836 3071 sub
2869 3025 3057 3073 nostro
3097 3018 3219 3087 jure
3265 3026 3529 3085 tenentes,
3563 3017 3842 3074 defendite
3871 3027 3924 3075 et

614 3102 892 3161 Gerardus
943 3105 1102 3161 boum
1156 3103 1435 3160 memoriae
1485 3119 1690 3171 comes,
1739 3119 1850 3160 una
1897 3119 2021 3160 cum
2052 3105 2214 3161 Berta
2241 3109 2438 3173 chm
2487 3103 2701 3159 Domini
2749 3105 2949 3160 auxilio
2993 3105 3322 3178 gubernate,
3367 3123 3474 3162 nec
3513 3107 3681 3178 aliqui
3713 3107 3922 3164 homini

611 3191 890 3265 quondam
918 3193 1150 3264 conjuge
1181 3208 1276 3248 sua
1304 3193 1452 3264 ipsas
1475 3209 1563 3248 res
1583 3193 1920 3264 principibus
1941 3194 2206 3264 apostolo-

610 3296 736 3336 rum
761 3280 923 3338 Petro
972 3287 1026 3336 et
1075 3279 1242 3336 Paulo
1286 3281 1524 3347 tmdidit,
1577 3281 1720 3336 bulla
1763 3281 1998 3336 nominis
2037 3283 2212 3338 nostri

608 3368 898 3435 munitum,
919 3368 1188 3442 Ansegiso
1216 3369 1624 3440 archiepiscopo
1645 3377 1698 3425 et
1717 3370 1966 3425 Conrado
1999 3370 2206 3437 comiti,

611 3456 668 3513 in
697 3456 854 3526 cujus
879 3457 1138 3519 comitatu
1167 3457 1301 3528 ipsa;
1328 3473 1420 3513 res
1448 3457 1810 3527 continentur,
1836 3474 1936 3530 per
1963 3474 2208 3529 praesen-

607 3550 721 3602 tem
749 3545 994 3602 nuntium
1045 3553 1286 3602 vestrum
1327 3545 1642 3602 direximus.
1682 3547 1787 3602 Vos
1817 3547 2000 3618 itaque
2031 3547 2209 3603 videte

607 3633 656 3689 si
687 3634 757 3690 de
782 3633 869 3690 his
897 3633 1150 3690 omnibus
1197 3635 1366 3704 adjuti
1415 3633 1646 3700 fueritis,
1699 3651 1766 3690 an
1809 3651 1939 3700 non,
1973 3645 2023 3690 et
2053 3635 2211 3692 nobis

609 3723 932 3800 renuntiate,
957 3731 1015 3778 ut
1043 3723 1198 3794 quasi
1227 3723 1458 3780 concilio
1489 3723 1701 3779 meliori
1733 3725 2086 3794 potuerimus,
2113 3740 2210 3781 vos

606 3810 968 3868 libentissime
1015 3811 1276 3880 adjuvare
1320 3827 1592 3866 curemus.
1651 3813 2055 3868 Frater-nitatem
2111 3829 2210 3869 ve-

608 3907 778 3956 stram
809 3907 1052 3956 orantem
1081 3915 1184 3972 pro
1213 3899 1371 3954 nobis
1405 3900 1664 3956 Dominus
1707 3900 1961 3972 dignetur
1989 3917 2211 3957 conser-

609 4001 744 4046 vare
773 3987 1117 4044 incolumem.

1309 4058 1504 4116 CCLV.

1061 4145 1134 4188 Αι)
1173 4146 1444 4188 annona.
1480 4136 1754 4188 Lernan.

1224 4215 1408 4285 (Anno
1447 4217 1598 4284 879.)

819 4317 888 4372 Ut
913 4315 1327 4370 monasterium
1357 4313 1720 4394 Pultariense
1752 4318 2002 4370 tueatur.

679 4409 888 4466 Dilecto
913 4407 1026 4464 ﬁlio
1053 4408 1275 4464 Hucom
1306 4407 1646 4462 nobilissimo
1675 4408 1875 4464 abbati.

677 4497 889 4568 Quanta
917 4511 1018 4552 vos
1045 4495 1335 4551 dilectione
1382 4502 1693 4566 quantoque
1735 4503 1936 4552 nostra
1962 4498 2209 4568 paterni-

605 4585 734 4645 tatis
763 4583 920 4658 quasi
947 4583 1169 4640 unicum
1197 4581 1368 4638 ﬁlium
1389 4581 1734 4638 dilexerimus
1755 4583 1972 4653 affectu,
2005 4603 2069 4641 ex
2101 4603 2208 4659 quo

607 4683 850 4732 vestram
879 4671 1168 4728 sublimem
1213 4669 1569 4744 cognovimus
1615 4673 1967 4744 sagacitatem
1998 4682 2052 4728 et
2082 4674 2206 4746 glo-

609 4763 764 4829 riam,
796 4761 902 4834 ipsi
931 4759 1273 4816 abundanter
1315 4757 1574 4824 recolitis,
1625 4762 1884 4832 quoniam
1933 4769 1985 4816 et
2026 4771 2206 4818 vestra

605 4864 708 4905 nos
736 4847 1054 4906 excellentia
1082 4847 1245 4904 veluti
1291 4855 1502 4919 patrem
1541 4849 1838 4920 spiritalem
1868 4849 1922 4903 in
1953 4851 2205 4907 omnibus

608 4936 792 4994 colere
840 4946 894 4993 et
941 4937 1212 4992 honorare
1258 4935 1438 4992 animo
1487 4937 1778 5010 tranquillo
1825 4939 2050 4995 curavit.
2085 4939 2204 5010 Quo

607 5023 862 5082 videlicet
899 5031 1100 5080 mutuae
1145 5023 1454 5082 dilectionis
1499 5023 1710 5082 foedere
1755 5026 1962 5083 illibato
1991 5028 2200 5096 confisi,

607 5113 999 5170 monasterium
1045 5112 1221 5169 sancti
1269 5114 1432 5179 Petri,
1483 5115 1630 5186 quod
1678 5115 1984 5186 appellatur
2014 5117 2202 5173 Pulta-

605 5201 791 5258 riense
821 5210 877 5258 et
903 5201 1181 5258 Gerardus
1225 5202 1500 5274 quondam
1550 5218 1734 5258 comes
1777 5205 1846 5260 de
1893 5205 2060 5261 rebus
2091 5207 2202 5261 suis

603 5288 834 5365 perfecit
862 5297 1023 5361 atque
1051 5290 1256 5350 domvit
1283 5299 1337 5346 et
1365 5298 1554 5346 sancto
1584 5292 1742 5347 Petro
1785 5293 2026 5361 tradidit,
2058 5293 2201 5364 peti-

603 5393 729 5435 mus
757 5387 816 5433 ut
842 5386 1024 5434 vestra
1064 5378 1120 5432 in
1163 5379 1417 5434 omnibus
1465 5378 1689 5436 tuitione
1733 5381 2039 5449 adjuvetur,
2073 5382 2201 5454 quia

603 5466 800 5524 fratres
831 5467 923 5539 qui
952 5483 1094 5524 nunc
1139 5467 1192 5522 in
1243 5485 1308 5525 eo
1358 5467 1680 5535 consistunt,
1733 5479 1784 5524 et
1837 5470 2055 5526 sedulas
2085 5472 2199 5526 Deo

603 5557 788 5612 laudes
837 5558 1168 5627 persolvunt.
1230 5567 1448 5612 orantes
1509 5574 1607 5627 pro
1656 5559 1827 5612 saluto
1877 5560 2112 5613 omnium
2147 5561 2195 5613 in

2311 3191 2546 3247 credatis
2603 3208 2702 3248 nos
2753 3193 3044 3266 aliquando
3102 3195 3384 3265 prazfatam
3439 3195 3626 3250 villam
3677 3195 3923 3268 quolibet

2313 3281 2476 3336 modo
2503 3281 2748 3336 daturos.
2783 3282 3094 3336 Direximus
3126 3301 3276 3347 vero,
3300 3300 3400 3355 pro
3428 3293 3616 3340 nostro
3649 3285 3920 3354 adjutorio

2311 3383 2380 3424 ac
2419 3368 2756 3424 defensionis
2813 3371 3032 3436 auxilio,
3063 3371 3278 3427 litteras
3333 3381 3552 3428 nostras
3603 3373 3719 3442 jam
3769 3373 3917 3430 dicto

2312 3457 2508 3514 Bosoni
2567 3457 2768 3521 comiti,
2819 3467 2878 3512 ut
2931 3475 3033 3530 pro
3077 3475 3265 3516 amore
3310 3461 3428 3528 Dei,
3481 3469 3532 3516 et
3565 3462 3622 3517 S.
3655 3461 3819 3530 Petri,
3853 3477 3920 3518 ac

2310 3555 2520 3611 nostro,
2572 3554 2626 3601 et
2675 3563 2804 3602 suos
2854 3548 3102 3603 homines
3151 3549 3278 3604 inde
3327 3559 3623 3620 removeat,
3655 3559 3708 3606 et
3738 3550 3914 3622 ipsam

2311 3634 2496 3690 villam
2551 3635 2854 3690 nullatenus
2911 3636 3170 3692 invadere
3230 3655 3328 3694 nec
3383 3639 3628 3694 invasam
3685 3640 3914 3696 retinere

2307 3732 2604 3794 prmsumat
2643 3741 2656 3778 :
2686 3723 2815 3796 quin
2846 3725 3027 3796 potius
3077 3742 3176 3780 suo
3209 3743 3305 3781 vos
3334 3727 3558 3783 brachio
3590 3736 3822 3794 tueatur,
3853 3737 3909 3783 et

2310 3811 2378 3866 ab
2407 3812 2662 3866 omnibus
2692 3829 2827 3886 erga
2857 3830 2956 3869 vos
2975 3814 3117 3870 male
3138 3815 3426 3888 agentibus
3445 3817 3704 3888 dignetur
3723 3817 3912 3872 defen-

2311 3901 2461 3967 dere,
2495 3901 2541 3956 si
2566 3901 2796 3975 gratiam
2827 3903 2928 3958 Dei
2959 3912 3009 3958 et
3040 3903 3303 3976 principis
3350 3905 3724 3976 apostolorum
3765 3905 3913 3977 cupit

2311 3990 2530 4046 habere.
2587 3991 2966 4048 Arembertum
3027 4001 3226 4059 autem,
3285 3994 3577 4049 vassallum
3632 3995 3770 4064 ejus,
3821 3995 3909 4052 cui

2311 4078 2484 4150 ipsam
2515 4077 2693 4134 villam
2742 4078 3010 4137 beneficio
3056 4081 3305 4148 dederat,
3353 4083 3500 4138 omni
3538 4083 3906 4140 ecclesiastica

2310 4168 2691 4224 communione
2719 4185 2820 4240 per
2849 4171 3000 4226 Isaac
3028 4171 3398 4226 venerabilem
3444 4172 3760 4243 episcopum
3783 4174 3905 4242 jus-

2311 4255 2480 4311 simus
2511 4273 2632 4312 esse
2661 4257 2952 4328 privatum,
2984 4259 3029 4313 si
3069 4259 3124 4313 in
3173 4261 3367 4314 eadem
3415 4259 3543 4314 villa
3571 4261 3797 4316 ulterius
3827 4269 3908 4315 te-

2310 4361 2459 4401 mere
2487 4345 2690 4400 intrare
2723 4354 2813 4400 aut
2852 4347 3090 4419 aliquam
3133 4347 3205 4402 ibi
3252 4349 3693 4404 contrarietatem
3723 4349 3903 4405 facere

2240 4464 2290 4525 D
2310 4435 2739 4506 praesumpserit.

2985 4532 3227 4590 CCLVII.

2768 4618 2840 4656 AD
2881 4619 3136 4660 BOSONEM
3175 4621 3439 4661 COMITEM.

2310 4685 2378 4741 Ut
2404 4687 2794 4743 Arembertum
2831 4691 2888 4742 et
2935 4689 3151 4760 quosvis
3209 4690 3352 4745 alios
3380 4707 3414 4745 α
3443 4689 3735 4746 Vendoara
3765 4693 3900 4747 villa

2375 4761 2677 4822 removeat,
2739 4774 2970 4829 eamque
3017 4761 3472 4816 Pultariensibus
3531 4763 3804 4817 restituat
3847 4766 3900 4817 et

2375 4831 2791 4884 monasterium
2821 4829 3006 4900 ipsum
3043 4833 3294 4886 tueatur.

2375 4923 2604 4980 Dilectio
2636 4924 2747 4980 filio
2778 4927 2984 4981 Bosom
3017 4926 3261 4999 glorioso
3290 4928 3537 5000 principi.

2374 5011 2589 5080 Quanta
2621 5030 2719 5069 vos
2748 5014 3039 5070 dilectione
3069 5024 3382 5088 quantoque
3421 5026 3622 5072 nostra
3650 5017 3892 5088 paterni-

2301 5099 2428 5154 tatis
2457 5101 2804 5158 dilexerimus
2853 5103 3050 5159 atl‘ectu
3098 5121 3164 5159 ex
3207 5121 3274 5160 eo
3316 5121 3423 5177 quo
3458 5115 3696 5160 vestram
3729 5106 3898 5160 subli-

2301 5203 2446 5243 mem
2474 5191 2891 5263 cognoverimus
2918 5192 3171 5266 gloriam,
3205 5193 3308 5264 ipsi
3337 5193 3678 5249 abundanter
3706 5195 3900 5250 recoli-

2301 5276 2387 5344 tis,
2421 5279 2678 5348 quoniam
2708 5289 2759 5334 et
2786 5289 2969 5336 vestra
2997 5297 3098 5336 nos
3146 5282 3463 5336 excellentia
3493 5283 3660 5338 veluti
3689 5292 3897 5353 patrem

2301 5365 2598 5436 spiritalem
2656 5368 2708 5422 in
2768 5370 3021 5424 omnibus
3077 5370 3256 5426 colere
3315 5380 3368 5425 et
3411 5372 3676 5426 honorare
3715 5372 3894 5426 animo

2301 5456 2591 5527 tranquillo
2621 5459 2841 5512 curavit.
2893 5458 3012 5527 Quo
3057 5459 3308 5516 videlicet
3358 5467 3560 5535 mutuae
3587 5459 3887 5520 dilectionis

2301 5542 2500 5597 fmrlere
2533 5545 2740 5609 confisi,
2765 5565 2822 5602 ea
2858 5565 2978 5618 quae
3002 5548 3100 5600 sub
3126 5548 3247 5614 jure
3279 5556 3590 5602 sanctorum
3622 5548 3889 5618 apostolo-
