4160 6314
243 283 334 334 881

1441 276 1790 331 EPISTOLE
1828 275 1918 330 ET
1957 275 2303 334 DECRETA.

3435 282 3539 334 882

245 438 364 478 rum
394 419 700 493 principum
732 419 876 475 Petri
907 434 971 474 ac
1003 418 1154 474 Pauli
1184 432 1283 490 per
1311 419 1472 474 totius
1505 419 1692 474 Gallias
1714 373 1926 490 pro-lA
1946 401 2198 493 ΡΑΓωῖθιοε
2225 402 2519 493 λοὲρυεηοθ
2547 402 2628 458 ire
2655 416 2833 476 ιιθςιιε
2879 403 3115 476 αιίιιιιαηι
3163 403 3270 459 illis
3314 413 3540 461 οοηιηο

242 509 450 567 vincias
496 509 793 564 immobilia
840 509 958 564 loca
1001 507 1338 577 consistunt,
1371 524 1494 563 cum
1534 506 1844 562 hominibus

244 595 606 665 omnibusque
649 593 754 648 sibi
801 593 1230 664 pertinentibus,
1278 600 1339 647 ut
1385 599 1570 648 vestro
1637 590 1846 662 potenti

244 683 466 738 brachio
514 681 737 738 defensa
798 689 1081 736 manerent
1141 681 1459 752 rogavimus
1485 723 1497 746 ,
1548 687 1844 750 vestroque

243 772 443 828 auxilio
473 787 664 828 secura
693 771 1069 835 consisterent,
1097 771 1243 841 quod
1275 786 1370 825 vos
1401 785 1500 840 pro
1535 783 1726 824 amore
1745 766 1846 822 Dei

242 871 294 918 et
325 861 382 916 S.
417 861 554 916 Petri
584 869 878 932 nostroque
927 860 1134 914 honore
1176 859 1338 914 nobis
1379 859 1615 912 libentur
1663 855 1844 912 facere

245 949 590 1022 promisistis.
623 950 782 1006 Nunc
836 956 1016 1004 autem
1044 991 1056 1018 ,
1109 947 1246 1003 sicut
1276 945 1578 1002 audivimus
1605 990 1616 1010 ,
1663 945 1846 1000 villam

247 1047 494 1095 nostram
515 1037 853 1094 Vendoaram
893 1037 1100 1108 absque
1135 1044 1322 1090 nostro
1353 1050 1626 1090 consensu
1659 1041 1712 1088 et
1743 1049 1844 1088 vo-

246 1128 453 1184 luntate
483 1127 781 1198 occupatis,
831 1134 887 1181 et
934 1125 1026 1180 uni
1073 1133 1255 1180 vestro
1299 1123 1578 1189 vassallo—,
1627 1121 1846 1178 nomine

247 1218 586 1282 Aremberto,
611 1216 666 1270 in
696 1213 1021 1271 beneficium
1051 1213 1299 1281 dedistis,
1334 1221 1406 1279 et,
1441 1211 1486 1266 si
1522 1227 1709 1267 verum
1740 1217 1843 1277 est,

253 1322 363 1362 non
389 1307 548 1374 bene,
583 1305 717 1360 sicut
749 1319 846 1358 vos
875 1303 1132 1368 decebat,
1165 1301 1374 1374 egistis.
1409 1301 1536 1356 Ideo
1565 1314 1843 1369 rogamus,

251 1395 328 1450 fili
349 1395 690 1458 charissime,
717 1393 1093 1449 celsitudinem
1109 1399 1256 1446 tuam
1277 1399 1332 1445 ut
1352 1397 1577 1460 prOpter
1603 1403 1849 1443 amorem

253 1485 468 1540 Domini
489 1493 541 1539 et
580 1484 634 1538 S.
662 1481 824 1546 Petri,
871 1479 1110 1536 ccelestis
1157 1479 1316 1552 regni
1358 1476 1638 1550 clavigeri,
1672 1477 1850 1547 ipsam

253 1573 432 1630 villam
462 1572 677 1637 nostris,
711 1570 802 1643 qui
832 1569 1034 1624 ibidem
1063 1568 1332 1633 resident,
1386 1565 1699 1621 hominibus
1748 1563 1850 1618 sub

254 1671 440 1717 nostro
463 1661 605 1731 jure,
639 1661 775 1715 sicut
803 1675 904 1713 nos
933 1673 1054 1713 eam
1085 1656 1458 1711 ordinavimus
1477 1696 1490 1721 ,
1539 1654 1700 1710 liceat
1749 1655 1851 1707 ha-

1945 489 2192 546 rietatem
2219 489 2433 546 inferre
2453 507 2628 562 usque
2655 491 2726 546 ad
2753 499 2998 548 nostrum
3019 491 3309 562 specialem
3337 493 3542 548 adven-

1945 587 2078 634 tum.
2117 577 2381 648 Quoniam
2408 621 2422 646 ,
2455 579 2572 634 Deo
2619 579 2947 646 auxiliante,
2997 593 3120 636 cum
3167 580 3325 649 hujus
3368 579 3544 637 aestivi

1945 668 2206 738 temporis
2270 667 2454 723 fervor
2507 667 2784 722 transierit
2803 711 2816 730 ,
2864 684 2964 738 pro
3010 668 3253 723 omnium
3299 675 3544 725 vestrum

1945 756 2116 812 salute
2140 798 2154 826 ,
2205 755 2502 812 concordia
2558 763 2611 810 et
2657 755 3011 810 unanimitate
3035 799 3048 822 ,
3093 757 3194 811 has
3236 764 3442 812 vestras
3489 755 3548 810 in

1945 852 2130 914 partes
2159 844 2460 920 veniemus,
2493 851 2778 915 quatenus.
2811 845 2969 900 nobis
2997 844 3354 915 praasentibus
3373 887 3388 913 ,
3420 860 3549 900 σπι-ι

1947 933 2030 986 nis
2061 932 2141 987 vis
2183 932 2424 1003 sopiatur
2469 947 2739 1004 omneque
2787 932 3134 997 scandalum,
3187 933 3335 1004 quod
3364 948 3427 988 ex
3459 932 3546 988 vi-

1946 1038 2110 1093 pereo
2141 1020 2348 1076 semine
2377 1020 2515 1076 inter
2550 1036 2650 1075 vos
2696 1029 2746 1075 et
2792 1019 2913 1076 illos
2960 1021 3234 1086 accrevit,
3267 1020 3336 1076 de
3364 1019 3546 1075 medio

1947 1109 2110 1168 vestri
2141 1109 2434 1165 auferatur.
2468 1110 2582 1164 Nos
2610 1125 2848 1180 namque
2879 1109 3112 1164 salutem
3155 1116 3389 1164 vestram
3414 1148 3428 1175 ,
3478 1123 3550 1164 ne

1947 1181 2002 1249 in
2029 1202 2290 1273 aeternum
2335 1193 2574 1264 pereatis
2599 1235 2613 1259 ,
2661 1193 2907 1263 cupimus
2931 1235 2945 1259 ,
2977 1200 3030 1248 et
3057 1192 3184 1248 ideo
3211 1191 3464 1248 volumus
3493 1199 3552 1247 ut
3646 1252 3656 1259 _

1949 1299 2014 1338 ea
2044 1299 2166 1354 quae
2195 1283 2343 1353 pacis
2373 1289 2497 1336 sunt
2541 1280 2820 1336 sectamini
2862 1296 3096 1352 semper.
3145 1279 3288 1336 Nam
3315 1295 3417 1353 pro
3449 1295 3550 1336 ve-

1949 1380 2066 1428 stro
2095 1387 2218 1427 cum
2247 1370 2560 1426 venerimus
2589 1383 2800 1435 amore,
2831 1369 3012 1438 ipsum
3039 1383 3201 1441 quem
3241 1367 3404 1423 vultis
3447 1367 3551 1424 Ca-

1949 1475 2142 1532 puanae
2167 1459 2334 1529 plebi,
2365 1456 2598 1514 Domino
2630 1456 2875 1525 favente,
2925 1455 3218 1512 antistitem
3263 1453 3551 1510 ordinabi-

1951 1564 2071 1604 mus
2094 1589 2109 1617 ,
2143 1555 2201 1602 ut
2230 1555 2410 1601 vester
2435 1544 2756 1624 principalis
2801 1545 2976 1600 honor
3016 1542 3370 1600 indiminutus
3414 1556 3548 1612 per-

1951 1645 2183 1692 maneat.
2215 1633 2374 1703 Quod
2403 1633 2450 1689 si
2479 1631 2615 1689 forte
2646 1633 2804 1688 aliter
2851 1647 2950 1688 vos
2993 1631 3170 1688 facere
3215 1629 3546 1702 cognoveri-

254 1751 385 1806 bere
412 1749 696 1814 securiter,
730 1763 1031 1818 omnesque
1063 1753 1277 1801 vestros
1311 1743 1394 1798 vel
1427 1743 1636 1798 alienos
1666 1739 1848 1797 homi-
1869 1753 1922 1812 Β
1953 1741 2114 1818 mus;
2145 1723 2337 1818 εςίίοιθ
2367 1721 2494 1794 quia
2521 1729 2722 1776 ηοεῑνε
2749 1735 2848 1776 V03
2891 1735 3003 1776 non
3041 1717 3362 1774 bibemus
3391 1731 3547 1773 com-

255 1856 354 1894 nes
383 1840 453 1894 ab
481 1839 725 1908 ejusdem
756 1836 898 1892 villae
929 1834 1264 1890 habitatione
1311 1833 1396 1888 vel
1446 1831 1728 1886 dominatu
1757 1844 1851 1884 re-

258 1927 553 1994 moveatis,
586 1942 688 1982 nec
717 1925 915 1980 vestris
937 1923 1129 1978 diebus
1159 1921 1397 1994 aliquam
1446 1935 1478 1975 a
1528 1933 1853 1992 quocunque

259 2019 475 2073 homine
509 2015 940 2072 contrarietatem
978 2013 1262 2084 patiamur.
1289 2009 1460 2065 Simili
1499 2007 1659 2064 etiam
1689 2005 1854 2063 modo

253 2105 488 2178 petimus
517 2113 573 2159 ut
603 2102 988 2159 monasterium
1019 2101 1074 2155 S.
1128 2099 1304 2167 Petri,
1355 2097 1502 2170 quod
1547 2095 1854 2166 appellatur

257 2195 592 2250 Pultariense
617 2236 630 2262 ,
663 2201 715 2248 et
745 2191 1022 2248 Gerardus
1061 2189 1334 2261 quondam
1382 2202 1570 2243 comes
1597 2185 1668 2240 de
1691 2183 1854 2239 rebus

255 2285 368 2340 suis
399 2282 622 2354 perfecit
650 2290 810 2353 atque
839 2279 1065 2346 dotavit,
1099 2285 1151 2334 et
1181 2284 1372 2332 sancto
1403 2277 1563 2330 Petro
1611 2271 1850 2338 tradidit,

255 2382 437 2429 vestra
473 2373 528 2426 in
565 2371 816 2426 omnibus
861 2369 1084 2424 tuitione
1132 2367 1432 2434 adjuvetur,
1479 2363 1606 2436 quia
1654 2361 1854 2416 fratres

258 2462 351 2534 qui
378 2462 434 2516 in
461 2477 526 2516 eo
570 2459 903 2524 consistunt,
954 2466 1006 2512 et
1053 2455 1272 2511 sedulas
1321 2455 1436 2509 Deo
1481 2451 1674 2506 laudes
1720 2464 1852 2520 per-

259 2551 490 2613 solvunt,
523 2557 740 2604 orantes
774 2561 872 2618 pro
904 2545 1078 2600 salute
1107 2542 1346 2600 omnium
1377 2541 1432 2594 in
1463 2539 1677 2595 Christo
1733 2552 1854 2594 cre-

260 2639 518 2703 dentium,
551 2638 618 2692 ab
650 2635 882 2702 inimicis
911 2633 1101 2689 vicinis
1129 2631 1531 2704 perturbantur,
1565 2626 1854 2696 omnisque

257 2729 473 2783 illorum
491 2771 504 2792 ,
535 2726 643 2780 imo
671 2732 856 2780 nostra
886 2721 1085 2778 familia
1115 2719 1411 2776 crudeliter
1439 2716 1659 2772 assidue
1687 2729 1854 2769 vexa-

257 2825 348 2872 tur
376 2824 428 2872 et
457 2813 794 2886 opprimitur,
827 2811 902 2866 ita
931 2825 1061 2865 sane
1103 2817 1161 2863 ut
1207 2823 1385 2879 neque
1430 2821 1625 2870 arare,
1676 2816 1855 2873 neque

261 2913 453 2962 catera
497 2920 617 2976 qua:
663 2902 734 2956 ad
776 2909 934 2955 terra:
983 2897 1253 2954 culturam
1309 2892 1622 2964 pertinent,
1684 2889 1858 2962 possit

261 2974 541 3050 exerceret.
591 2990 933 3060 Quapropter
979 2995 1033 3042 et
1084 2993 1322 3040 vestrum
1366 2981 1622 3036 auxilium
1679 2974 1857 3034 eidem

260 3089 448 3140 sancto
477 3081 598 3136 loco
628 3077 954 3150 impendatis
983 3082 1034 3130 et
1066 3081 1258 3130 contra
1289 3070 1388 3126 Dei
1419 3077 1582 3141 atque
1615 3068 1734 3136 ejus
1765 3066 1857 3120 ad-

263 3170 534 3226 versarios
560 3183 773 3222 manum
808 3172 1004 3220 vestrae
1031 3161 1306 3234 potentias,
1331 3174 1432 3230 pro
1453 3171 1640 3213 amore
1662 3154 1780 3220 Dei,
1805 3162 1859 3208 et

268 3267 577 3316 sanctorum
608 3254 976 3328 apostolorum
1017 3251 1160 3306 Petri
1207 3265 1270 3306 ac
1320 3247 1509 3312 Pauli,
1563 3251 1858 3314 nostraque

262 3347 554 3404 dilectione
575 3343 896 3406 extendatis,
922 3349 1186 3414 quatenus
1208 3345 1391 3392 vestro
1412 3333 1617 3406 potenti
1636 3329 1859 3386 brachio

265 3437 420 3500 freti,
453 3434 588 3490 salvi
634 3434 687 3488 in
737 3431 990 3487 omnibus
1035 3438 1085 3484 et
1137 3425 1315 3482 securi
1359 3423 1689 3486 consistant,
1724 3427 1781 3474 ut
1809 3425 1862 3474 et

265 3525 320 3579 in
352 3522 608 3596 praesenti
636 3521 835 3594 dignas
853 3535 884 3574 a
917 3517 1075 3574 nobis
1103 3513 1488 3571 retributiones
1514 3519 1567 3566 et
1595 3509 1652 3564 in
1679 3507 1860 3562 futuro

266 3611 618 3684 multiplicem
649 3625 682 3664 a
716 3607 946 3664 Domino
973 3605 1196 3661 valeatis
1236 3601 1549 3657 mercedem
1589 3596 1857 3667 recipere.

935 3739 1204 3795 CCLVIII.

429 3860 499 3898 AD
539 3850 1220 3908 GUAIFERIUM__PRINCIPEM
1258 3843 1705 3887 SALBBNITANUM.

278 3945 457 4000 Monet
483 3945 548 3996 ut
579 3957 612 3994 α
642 3937 915 3994 molestiis
955 3935 1195 3990 desistat
1225 3946 1361 4004 quas
1382 3927 1681 4004 Capuam:
1717 3925 1866 4004 infe-3

344 3997 534 4078 febat;
565 4010 850 4081 signi/icat
893 4023 950 4062 se
997 4007 1060 4060 in
1107 3997 1247 4076 ejus.
1274 3997 1526 4072 regiones
1561 4000 1778 4052 iturum
1809 3997 1866 4048 et

344 4080 650 4140 discordias
681 4080 1028 4136 sedaturum.

344 4170 696 4228 Nobilissimo
727 4168 841 4223 viro
871 4165 1180 4221 GUAIFERIO
1207 4159 1448 4234 glorioso
1476 4153 1733 4228 principi.

345 4261 533 4317 Balatu
555 4256 910 4330 quorumdam
940 4253 1225 4307 didicimus
1256 4247 1402 4320 quod
1423 4289 1435 4312 ,
1472 4244 1734 4300 suadente
1761 4243 1866 4296 hu-

273 4351 422 4406 mani
453 4348 672 4422 generis
720 4345 936 4399 inimico
963 4386 975 4408 ,
1009 4339 1101 4412 qui
1133 4339 1292 4394 totius
1322 4333 1613 4390 inimicitiae
1643 4339 1695 4386 et
1723 4344 1867 4384 mor-

273 4441 346 4495 tis
374 4419 697 4504 est—auctor,
729 4431 957 4505 cupiatis
988 4425 1300 4498 multiplicia
1328 4423 1527 4478 damna
1558 4429 1610 4475 et
1639 4419 1870 4474 adversa
1899 4456 1949 4519 Ο

275 4527 477 4583 inferre
509 4522 794 4596 Capuanis,
828 4529 879 4575 et
909 4526 1128 4591 propter
1157 4512 1447 4570 discordiae
1475 4509 1681 4566 malum
1727 4505 1872 4578 quod

276 4615 463 4672 saeculi
495 4612 734 4686 quotidie
763 4610 933 4664 livore
954 4612 1265 4678 generatur,
1294 4610 1345 4657 et
1375 4601 1518 4654 inter
1536 4595 1873 4669 propinquos

278 4714 440 4776 atque
469 4683 675 4758 amicos
705 4697 988 4758 accrescit,
1022 4691 1271 4766 cogitetis
1301 4687 1558 4762 generale
1578 4683 1875 4740 discrimen

280 4770 523 4866 praebere
549 4833 562 4858 ,
611 4789 754 4844 unde
795 4785 999 4842 scilicet
1045 4799 1155 4838 non
1215 4779 1428 4834 modica
1490 4773 1728 4830 turbatio
1791 4770 1876 4825 his

281 4863 474 4938 vestris
499 4881 554 4933 in
582 4877 824 4950 partibus
871 4873 1078 4928 oriatur
1123 4879 1178 4926 et
1215 4867 1364 4939 longi
1403 4863 1666 4935 temporis
1713 4875 1876 4916 scan-

284 4971 463 5028 dalum
494 4974 729 5022 maneat.
761 4965 828 5020 Et
855 4963 984 5016 dum
1014 4976 1124 5016 non
1151 4956 1328 5012 desint
1374 4951 1620 5009 extranei
1667 4950 1875 5013 hostes,

281 5075 406 5115 cum
436 5057 632 5130 quibus
661 5053 881 5109 assidue
913 5051 1186 5105 luctamen
1242 5041 1486 5098 habeatis
1505 5085 1518 5106 ,
1553 5037 1713 5095 vultis
1743 5053 1878 5092 con-

283 5145 570 5202 trarietatis
619 5140 932 5197 discrimina
978 5137 1222 5208 przebere
1264 5128 1588 5204 propinquis
1611 5168 1624 5195 ,
1660 5141 1796 5198 quos
1826 5124 1883 5178 in

287 5235 507 5292 axilium
556 5232 708 5288 vobis
755 5235 1116 5300 opportunum
1165 5220 1420 5294 poteratis
1466 5216 1668 5272 habere
1714 5213 1882 5268 fauto-

293 5341 398 5380 res.
430 5324 543 5376 Nos
572 5321 815 5382 idcirco,
849 5331 998 5372 more
1024 5322 1270 5384 paterno,
1306 5324 1404 5363 vos
1433 5303 1584 5378 quasi
1627 5303 1882 5358 dilectum

291 5411 456 5466 filium
487 5411 844 5464 admonemus
864 5449 876 5470 ,
909 5413 961 5459 et
989 5419 1052 5458 ex
1087 5399 1186 5454 Dei
1215 5393 1598 5467 omnipotentis
1645 5389 1885 5447 auctori-

291 5508 402 5558 tate
430 5500 820 5568 beatorumque
847 5490 1212 5564 apostolorum
1259 5487 1404 5541 Petri
1447 5491 1498 5539 et
1543 5479 1696 5538 Pauli
1731 5485 1888 5552 pote-

1951 1811 2226 1869 munionis
2254 1819 2556 1867 consortes.

2627 1905 2854 1960 CCLIX.

2297 1993 2370 2034 AD
2408 1990 2818 2032 PANDENULFUM
2855 1988 3200 2030 αΑετΑιυυιι.

2563 2049 2746 2118 (Anno
2783 2047 2934 2114 8’79.)

1953 2122 2250 2196 Signiﬁcat
2285 2137 2355 2196 se
2379 2113 2668 2196 Guaiferiq
2703 2113 2995 2196 scripsisse
3029 2119 3102 2196 at
3134 2116 3204 2196 ab
3249 2113 3551 2186 inferendo

2319 2186 2605 2262 Capuariis
2631 2186 2838 2244 damno
2867 2186 3182 2244 desisteret.

2023 2289 2204 2346 Nobili
2231 2288 2351 2344 viro
2383 2288 2761 2341 PANDBNULFO
2790 2281 3032 2356 glorioso
3059 2281 3328 2339 castaldo.

2019 2377 2255 2436 Relectis
2300 2373 2578 2431 industriae
2621 2380 2729 2428 tuae
2779 2371 2974 2426 litteris
2999 2413 3012 2437 ,
3063 2385 3197 2442 quas
3243 2384 3342 2440 per
3386 2367 3549 2424 talem

1953 2465 2171 2523 ﬁdelem
2199 2463 2474 2520 hominem
2505 2469 2655 2516 tuum
2686 2458 2844 2516 nobis
2869 2457 3167 2524 mandasti,
3201 2471 3267 2512 ea
3293 2472 3418 2529 quae
3444 2470 3550 2512 no-

1955 2563 2067 2611 stro
2097 2551 2374 2626 pontificio
2403 2549 2714 2622 supplicare
2752 2547 3034 2612 studuisti,
3067 2543 3368 2617 apostolica
3411 2543 3554 2598 duu-

1953 2651 2101 2699 taxat
2130 2639 2464 2714 benignitate
2494 2637 2822 2702 audivimus,
2856 2650 2938 2701 ac,
2969 2640 3130 2704 prout
3175 2631 3315 2688 ratio
3360 2631 3554 2704 exige-

1957 2733 2067 2798 bat,
2099 2729 2298 2802 partim
2332 2725 2745 2798 complevimus.
2793 2721 3104 2778 Direximus
3149 2735 3386 2792 namque
3413 2718 3558 2774 nosti

1956 2817 2294 2892 apostolatus
2322 2815 2532 2870 litteras
2565 2810 2870 2878 Guaiferio,
2903 2817 2958 2866 et
2985 2805 3331 2865 admonendo
3371 2807 3558 2862 incre-

1956 2907 2139 2980 pando
2170 2913 2334 2977 atque
2364 2899 2887 2960 excommunicando
2921 2913 3046 2954 eum
3092 2911 3204 2952 non
3251 2894 3456 2951 habere
3486 2893 3559 2950 li-

1957 2995 2188 3053 centiam
2221 3010 2287 3048 ex
2315 2994 2433 3048 Deo
2461 2998 2516 3046 et
2543 2997 2854 3046 sanctorum
2885 2985 3256 3058 apostolorum
3304 2983 3450 3038 Petri
3491 2997 3560 3038 ae

1888 3105 1940 3169 ο
1959 3084 2110 3141 Pauli
2139 3091 2434 3153 nostraque
2462 3077 2780 3134 auctoritate
2827 3074 3152 3148 permissum
3195 3071 3381 3128 venire
3427 3085 3560 3126 con-

1961 3182 2037 3228 tra
2066 3172 2261 3226 urbem
2287 3170 2606 3243 Capuanam
2629 3210 2643 3230 ,
2692 3179 2870 3236 neque
2915 3161 3152 3234 aliquam
3203 3158 3259 3214 in
3303 3157 3558 3214 omnibus

1959 3259 2290 3316 suburbanis
2333 3265 2388 3314 et
2429 3254 2630 3310 ﬁnibus
2673 3251 2788 3322 ejus
2831 3249 3272 3320 contrarietatem
3329 3245 3554 3312 inferre,

1961 3349 2207 3406 nullasve
2235 3343 2415 3402 moliri
2447 3341 2672 3398 insidias
2695 3383 2708 3408 ,
2757 3337 3042 3412 usquequo
3080 3337 3212 3392 istas
3253 3334 3311 3390 in
3353 3341 3552 3405 partes,

1961 3436 2253 3493 auxiliante
2282 3431 2516 3490 Domino
2541 3473 2554 3496 ,
2604 3436 2732 3502 post
2759 3427 2917 3498 hujus
2945 3424 3120 3483 aestivi
3149 3422 3412 3495 temporis
3446 3419 3562 3477 fer-

1963 3541 2147 3582 vorem
2177 3523 2518 3579 veniremus.

2653 3583 2855 3640 CCLX.

2452 3675 2526 3714 an
2563 3669 2820 3713 canonum
2858 3666 3064 3724 manu.

2581 3729 2762 3802 (Anno
2791 3724 2940 3794 879.)

1965 3836 2172 3893 Scribit
2197 3850 2256 3890 se
2289 3831 2500 3888 litteris
2521 3845 2671 3891 eum,
2691 3829 2760 3881 ut
2776 3822 2848 3878 ad
2867 3818 3172 3893 imperium
3190 3815 3558 3893 promoveret,

2037 3883 2694 3962 ai'biieh’z'adibc'me',
2733 3883 3060 3962 Ravemiant
3072 3959 3082 3962 _
3100 3883 3274 3962 usque
3315 3883 3388 3939 ad
3433 3897 3564 3962 eum

2036 3952 2394 4050 ἓῖοὲἐέείεεέξ
2405 3952 2788 4050 "sartagine.
2807 3952 3360 4050 «audienda
3375 3952 3565 4050 fdif';

2038 4030 2721 4103 Eas'Romanbe‘Eccleside
2769 4035 2953 4090 hostes
2999 4030 3365 4100 recepturum
3386 4042 3416 4103 _:
3442 4039 3566 4103 gius

2039 4094 2434 4190 ἓὲἓέὶὶῖἓὲὶῇι
2454 4094 2759 4190 Famis.
2777 4106 2863 4190 σεξ
2885 4141 2929 4190 »η
2942 4094 3349 4190 ﬁlii"???
3379 4094 3564 4190 ’ti’if‘i‘

2041 4164 2586 4292 ﬁga'iézfaﬁm}
2613 4177 2762 4251 petit
2790 4176 2858 4228 ut
2885 4164 3152 4250 Ecclesiag
3175 4164 3336 4292 Egens
3385 4164 3560 4233 ferat,

2044 4262 2098 4292 οι
2168 4273 2256 4292 τι...
2290 4256 2401 4292 ὅθοτ·
2428 4253 2608 4292 ,πη-ιιι
2651 4247 2858 4292 lanatos
2886 4240 2960 4292 ad
2984 4255 3043 4292 se
3071 4240 3182 4292 mit
3247 4238 3301 4292 t:
3329 4246 3560 4292 suosque

2041 4238 2264 4314 Etiam
2290 4238 2401 4310 iter
2424 4238 2634 4324 parat;
2651 4247 2858 4317 legatos
2886 4240 2960 4298 ad
2984 4255 3043 4295 se
3071 4238 3301 4302 mittat;
3329 4246 3564 4304 suosque

2045 4330 2252 4400 legatos
2281 4320 2656 4382 commendat.

2041 4390 2251 4472 Dilecto
2280 4428 2344 4468 ac
2373 4407 2599 4482 spiritali
2625 4405 2736 4460 ﬁlio
2765 4403 2990 4458 (ἰλλοιο
3019 4394 3275 4482 glorioso,

2041 4505 2200 4576 Quod
2230 4503 2370 4558 bene
2397 4479 2579 4554 vestra
2605 4492 2808 4568 regalis
2837 4486 3124 4562 cognoscit
3161 4479 3465 4576 sublimitas
3489 4519 3504 4543 ,
3536 4491 3568 4530 a

1973 4565 2138 4666 longo
2163 4593 2275 4662 jam
2307 4599 2549 4660 tempore
2583 4565 2695 4640 vos
2732 4595 2830 4653 pro
2875 4576 3102 4634 utilitate
3149 4579 3204 4627 et
3247 4565 3568 4666 exaltatione

1974 4654 2182 4740 san-sta.
2223 4679 2370 4735 sedis
2413 4654 2724 4748 apostolica
2770 4665 2961 4724 matris
3001 4669 3197 4718 vestrae
3239 4655 3311 4714 ad
3355 4654 3570 4748 culmen

1975 4770 2218 4844 imperii,
2253 4769 2369 4824 Deo
2397 4740 2662 4837 prapitio,
2689 4758 2936 4815 volentes
2963 4749 3263 4823 perducere
3283 4787 3298 4812 ,
3330 4740 3572 4844 auctori-

1978 4830 2102 4916 tatis
2133 4830 2336 4914 nostrae
2353 4830 2546 4908 litteris
2565 4847 2749 4904 missis
2768 4841 3100 4904 vocavimus,
3125 4851 3191 4892 ac
3227 4830 3573 4905 postmodum

1978 4965 2090 5022 prae
2113 4941 2486 5019 magnitudine
2515 4935 2718 4994 amoris
2756 4929 2950 4997 vestri,
3000 4925 3191 4982 relicta
3230 4927 3418 4978 nostra
3463 4919 3574 4974 Ec-

1979 5014 2149 5094 clesia
2177 5014 2320 5089 inter
2351 5045 2526 5086 saevas
2575 5023 2808 5080 hostium
2850 5033 2961 5073 non
3009 5014 3184 5070 solum
3215 5021 3574 5084 paganorum,

1983 5125 2080 5182 sed
2127 5123 2289 5180 etiam
2332 5117 2602 5174 malorum
2649 5107 3074 5168 Christianorum
3120 5114 3314 5155 manus
3337 5139 3352 5168 ,
3383 5096 3452 5152 ad
3481 5109 3581 5150 vos

1985 5217 2298 5270 Ravennam
2327 5203 2677 5280 pervenimus
2703 5243 2718 5266 ,
2764 5194 2908 5269 quod
2955 5190 3134 5248 nullus
3176 5193 3583 5280 antecessorum

1984 5310 2297 5358 nostrorum
2325 5270 2735 5370 gloriosissimis
2761 5279 3206 5358 progenitoribus
3235 5273 3430 5332 vestris
3477 5270 3582 5327 ali-

1987 5389 2204 5465 quando
2225 5361 2712 5443 fecisserecolitur,
2736 5379 3016 5446 sperantes
3029 5366 3236 5425 scilicet
3255 5377 3470 5465 omnim
3492 5361 3584 5465 ho-

1985 5447 2175 5538 dorem
2194 5473 2592 5549 pristinumque
2617 5467 2865 5538 vigorem
2887 5467 3090 5516 sancta
3106 5447 3584 5549 Romaw_Eccle-

292 5597 432 5644 state
461 5538 846 5659 prohibemus,
879 5538 936 5636 fit
967 5595 1078 5633 non
1122 5574 1364 5632 habeatis
1409 5570 1680 5628 licentiam
1726 5538 1891 5639 super
1989 5569 2087 5628 sic
2111 5538 2214 5638 per
2262 5577 2359 5618 vos
2407 5559 2476 5615 ad
2505 5538 2878 5630 augmentum
2916 5546 3213 5620 perfectum
3257 5538 3578 5612 perducere,
