4160 6308
602 273 704 323 883

1895 262 2187 319 JOANNIS
2229 261 2418 316 PAP:E
2443 261 2558 317 VIII

3813 268 3906 317 884

602 403 764 465 atque
796 391 1134 448 inimicorum
1166 398 1368 448 sancta:
1403 391 1498 446 Dei
1527 391 1788 448 Ecclesiae
1817 400 1868 447 et
1889 396 2198 448 nostrorum
2227 389 2284 454 Α
2305 387 2466 445 etiam
2495 405 2526 443 a
2557 389 2710 443 malis
2738 388 3078 443 -Christianis
3107 433 3118 454 ,
3153 389 3297 460 quod
3349 389 3448 459 ipsi
3499 388 3691 459 procul
3744 389 3907 444 dubio

601 482 843 538 ferocem
873 482 1218 537 severitatem
1265 480 1412 536 omni
1457 481 1620 536 modo
1669 481 2026 551 comprimere
2073 480 2203 536 faci-

600 571 760 643 leque
793 587 1051 642 superare
1099 571 1444 640 putabamus.
1490 570 1596 624 Sed
1645 570 1772 640 quia
1803 569 1870 624 de
1910 570 1994 623 his
2023 569 2203 624 omni-

604 659 707 714 bus
737 659 870 713 nihil
899 659 1041 730 apud
1071 658 1500 729 magnitudinem
1550 666 1789 712 vestram
1813 700 1826 726 ,
1871 665 1926 712 ut
1977 659 2204 712 voleba-

607 763 747 816 mus,
782 747 1119 819 peregimus,
1155 754 1486 802 revertentes
1518 745 1792 815 prioribus
1821 747 2002 817 pejora
2051 763 2206 816 repe-

607 837 798 890 rimus.
831 836 971 889 Nam
1000 835 1202 890 inimici
1236 835 1438 901 nostri,
1473 833 1667 903 majori
1716 835 1939 889 audacia
1987 835 2202 902 elcvati,

609 941 720 980 non
751 923 927 978 solum
966 940 1028 978 ea
1066 940 1187 994 quae
1230 923 1400 977 sancti
1449 922 1588 976 Petri
1633 931 1756 977 sunt
1803 923 2074 994 diripere,
2109 925 2204 978 sed

611 1013 774 1067 etiam
802 1011 1050 1067 homines
1079 1019 1296 1066 nostros
1326 1011 1378 1064 in
1431 1027 1526 1066 sua
1573 1017 1837 1082 potestate
1885 1013 2206 1084 recolligere

610 1109 663 1156 et
693 1099 926 1155 retinere
955 1117 1064 1156 non
1094 1100 1356 1154 dubitant.
1383 1099 1740 1170 QuaprOpter,
1767 1099 1840 1153 ﬁli
1862 1101 2201 1167 charissima,

609 1204 708 1260 pro
739 1195 888 1244 certo
927 1188 1115 1244 scitote
1143 1188 1269 1259 quia
1297 1203 1398 1242 nos
1429 1196 1668 1242 vestrum
1707 1189 1969 1244 honorem
2002 1198 2051 1242 et
2081 1190 2204 1260 glo-

609 1277 748 1332 riam
779 1284 886 1332 toto
914 1276 1197 1332 conamine
1228 1277 1606 1331 desideramus
1636 1277 1933 1347 perficere,
1988 1287 2039 1332 et
2082 1278 2205 1333 ideo

609 1381 708 1422 vos
739 1381 803 1420 ea
833 1381 954 1436 quae
982 1365 1195 1419 utilitati
1226 1373 1278 1420 et
1306 1365 1612 1419 exaltationi
1644 1375 1844 1420 sanctae
1875 1367 2021 1420 sedis
2068 1383 2204 1437 apo-

613 1453 813 1510 stolicae
843 1452 1086 1523 proﬁcua
1113 1461 1272 1520 sunt,
1327 1454 1418 1524 pio
1468 1455 1654 1508 intuitu
1692 1463 1982 1527 menteque
2013 1456 2205 1510 devota

611 1542 819 1599 debetis
847 1557 1134 1614 peragere.
1188 1542 1340 1596 Unde
1370 1542 1567 1597 obnixe
1609 1559 1899 1614 precamur
1946 1552 2001 1598 ut.
2049 1545 2206 1600 nobis

609 1629 856 1703 dirigatis
875 1630 1262 1686 Luithbardum
1297 1631 1662 1685 venerabilem
1713 1633 2026 1703 epiSCOpum
2053 1675 2066 1701 ,
2101 1635 2208 1687 Ma-

609 1718 893 1791 uigoldum
925 1717 1092 1772 ﬁlium
1125 1718 1428 1784 Adelberti,
1466 1728 1515 1772 et
1547 1720 1898 1774 Adelbertum
1926 1723 2207 1793 protopin-

613 1823 833 1863 cernam
862 1814 1124 1876 vestrum,
1162 1807 1272 1877 qui,
1307 1815 1596 1878 antequam
1641 1825 1737 1863 vos
1785 1810 1882 1864 has
1929 1811 1983 1864 in
2025 1823 2210 1881 partes

617 1896 868 1951 veniendi
899 1895 1000 1950 iter
1028 1895 1282 1961 sumatis,
1315 1913 1414 1951 nos
1463 1905 1516 1950 et
1563 1905 1806 1951 sanctam
1855 1907 2078 1953 matrem
2125 1917 2212 1954 ve-

611 1993 777 2039 stram
800 1985 1094 2039 Romanam
1116 1984 1416 2038 Ecclesium
1449 1985 1766 2052 certiﬁcent,
1793 1996 1844 2041 et
1863 1996 1929 2040 ad
1971 1997 2209 2043 vestrum

608 2074 876 2128 honorem
918 2079 971 2126 et
1013 2073 1243 2144 gloriam
1305 2073 1600 2143 placabiles
1658 2083 1709 2129 et
1756 2075 1908 2130 laetos
1955 2077 2206 2146 ell'iciant,

615 2169 880 2232 quatenus
910 2161 1024 2216 Deo
1053 2161 1371 2229 auxiliante,
1409 2163 1561 2216 vobis
1592 2163 1930 2218 venientibus
1960 2167 2206 2234 Romam,

616 2265 780 2304 unum
811 2249 880 2304 de
909 2249 1117 2319 pactis,
1153 2257 1204 2302 et
1232 2248 1516 2320 privilegia
1565 2260 1766 2307 sanctm
1799 2254 2057 2310 Romana:
2105 2257 2211 2312 Ec-

615 2333 818 2406 clesiae,
850 2353 1004 2392 more
1034 2345 1321 2407 parentum
1350 2347 1674 2408 vestrorum,
1701 2357 1960 2398 renovare
1989 2353 2041 2398 et
2071 2360 2207 2400 con-

613 2425 828 2480 ﬁrmare
861 2425 1118 2480 studentis
1153 2443 1164 2480 :
1199 2435 1248 2480 et
1279 2428 1512 2497 petimus
1543 2438 1599 2482 ut
1638 2431 1704 2484 de
1749 2432 1852 2486 hoc
1897 2433 2040 2504 quod
2089 2451 2210 2504 pro-

613 2517 822 2570 honore
847 2514 947 2569 Dei
979 2522 1030 2570 et
1060 2522 1259 2570 sancta:
1286 2516 1550 2572 Ecclesim
1574 2559 1587 2584 ,
1637 2534 1731 2573 seu
1777 2530 1958 2576 vestro
1996 2539 2093 2577 vos
2124 2523 2206 2578 fa-

618 2611 740 2660 cere
771 2617 1074 2672 monemus,
1107 2603 1308 2674 aliquid
1329 2604 1561 2660 inimicis
1596 2608 1796 2662 nostris
1817 2625 1924 2665 non
1947 2613 2204 2678 credatis,

615 2707 798 2762 neque
817 2691 902 2744 his
923 2691 1014 2762 qui
1034 2692 1212 2764 magis
1243 2709 1304 2746 ea
1339 2710 1458 2764 quae
1494 2710 1592 2748 sua
1627 2705 1750 2750 sunt
1787 2713 1949 2768 quam
1970 2709 2207 2755 vestram

617 2779 850 2850 gloriam
879 2775 1145 2851 quaerunt,
1179 2796 1247 2834 eo
1276 2781 1418 2851 quod
1448 2783 1620 2838 honor
1647 2793 1699 2838 et
1730 2787 1980 2842 exaltatio
2011 2799 2209 2846 sanctae

615 2861 876 2922 Romanae
906 2868 1168 2923 Ecclesiae
1194 2875 1378 2923 vestra
1425 2873 1686 2940 protectio
1733 2883 1814 2928 est
1856 2875 1911 2928 in
1958 2879 2208 2934 omnibus

615 2963 907 3027 vestraque
938 2965 1128 3012 contra
1156 2973 1346 3012 omnes
1374 2957 1621 3014 inimicos
1652 2961 1915 3020 defensio.
1968 2967 2078 3021 llos
2107 2983 2208 3022 au-

613 3052 723 3099 tem
751 3045 948 3100 missos
977 3053 1212 3110 nostros,
1249 3045 1516 3100 Marinum
1547 3049 1795 3106 videlicet
1845 3056 2208 3111 venerabilem

517 3171 524 3176 -
613 3133 927 3205 episcopum
963 3141 1015 3188 et
1047 3133 1311 3189 arcarium
1341 3136 1488 3190 sedis
1517 3146 1748 3209 nostrae,
1794 3150 1952 3213 atque
1995 3147 2210 3200 Petrum

611 3238 769 3293 aeque
799 3223 1116 3294 episcopum
1167 3223 1638 3295 Senogallieusem
1685 3229 1839 3284 vobis
1890 3232 2206 3304 direximus,

618 3325 757 3392 quos
783 3319 836 3364 ut
867 3311 1103 3384 benigne
1151 3311 1427 3382 recipiatis
1479 3331 1766 3387 rogamus,
1802 3327 1853 3374 et
1883 3336 1946 3376 ea
1976 3339 2095 3392 qua:
2125 3340 2214 3380 vo-

612 3400 698 3453 bis
729 3399 1052 3454 verbotenus
1103 3399 1371 3463 dixerint,
1427 3403 1581 3472 quasi
1630 3407 1786 3460 nobis
1834 3411 2056 3466 Credere
2103 3429 2210 3468 non

615 3487 890 3542 dubitetis.
925 3489 1061 3542 Data
1091 3491 1156 3544 ut
1184 3504 1383 3560 supra.

1253 3683 1267 3692 .
1293 3630 1516 3684 CCLXI.

1101 3740 1249 3790 ,Αο
1301 3742 1658 3781 EUMDEM.

1241 3826 1422 3896 (Anno
1447 3827 1594 3894 879.)

614 3910 774 3992 Dolet
803 3928 860 3967 se
891 3929 1005 3992 tum
1031 3932 1190 3987 posse
1219 3937 1350 3976 cum
1367 3938 1426 3978 co
1447 3923 1704 3992 colloqui.
1730 3920 2052 3992 Amat/uni
2070 3920 2208 3992 lcga-

689 3983 810 4064 tum
836 3984 908 4038 ad
930 3983 1069 4064 cur}:
1098 3993 1300 4064 mittit,
1325 3998 1520 4064 petens
1554 3983 1625 4046 ne
1675 3983 1982 4064 Romanam
2013 3983 2205 4064 Eccle-

682 4055 830 4136 siant
885 4055 952 4110 ab
1009 4059 1256 4136 hostibus
1290 4055 1442 4119 lardi
1497 4067 1775 4136 patiatur,
1811 4062 2036 4136 idcoth
2085 4062 2206 4130 ejus

686 4123 932 4194 legatum
963 4145 1092 4185 cum
1122 4132 1363 4205 Arnul/‘o
1393 4137 1464 4190 ad
1485 4123 1542 4190 sc
1569 4135 1728 4189 mitti
1749 4123 1928 4205 jubet.

679 4239 888 4298 Dilecto
919 4259 984 4300 ac
1014 4247 1237 4316 spiritali
1269 4248 1378 4304 ﬁlio
1410 4251 1632 4304 Canem
1662 4249 1900 4322 glorioso
1930 4247 2066 4320 regi.

683 4329 1002 4386 Audivimus
1049 4337 1194 4404 quod
1243 4337 1488 4392 debeatis
1528 4354 1669 4392 nunc
1717 4338 1881 4406 Alpes
1945 4335 2198 4399 transire,

608 4423 766 4486 atque
812 4435 935 4473 cum
982 4423 1300 4478 charissimo
1348 4423 1507 4480 fratre
1557 4435 1734 4480 vestro
1781 4423 2053 4478 communi
2082 4425 2202 4478 elo-

613 4505 738 4574 quio
767 4505 869 4561 frui
895 4527 910 4573 ;
940 4510 1082 4564 unde
1108 4511 1274 4568 valde
1303 4513 1495 4566 turbati
1527 4513 1803 4566 existimas
1844 4529 1910 4566 eo
1955 4513 2097 4583 quod
2130 4529 2210 4567 se-

607 4593 846 4648 cundum
876 4611 1162 4653 commune
1193 4599 1450 4668 placitum
1484 4602 1835 4670 sperabamus
1887 4616 1985 4656 nos
2027 4601 2213 4674 vobis-

608 4693 732 4735 cum
774 4683 934 4738 simul
986 4686 1299 4752 convenire,
1349 4695 1401 4742 et
1461 4705 1721 4758 magnum
1782 4704 1846 4742 ac
1905 4686 2209 4758 proﬁcuum

607 4783 745 4838 opus
797 4773 1135 4828 exaltationis
1183 4783 1385 4830 sancta:
1433 4777 1690 4831 Romanae
1733 4776 1994 4831 Ecclesia:
2027 4778 2209 4832 matris

608 4865 805 4914 vestrae
833 4861 1106 4932 vestrique
1137 4863 1359 4918 honoris
1391 4873 1442 4918 et
1473 4866 1634 4919 totius
1677 4873 1838 4919 terrae
1869 4865 2038 4920 sancti
2070 4866 2208 4920 Petri

605 4948 791 5002 salutis
823 4965 1107 5020 peragere.
1139 4951 1346 5006 Idcirco
1373 4953 1670 5008 direximus
1701 4953 1854 5008 vobis
1902 4955 2044 5008 hunc
2087 4956 2212 5009 cha'

603 5035 882 5090 rissimum
945 5047 1197 5108 nepotem
1244 5049 1490 5096 nostrum
1539 5041 1810 5096 Farulfum
1887 5043 2207 5098 deliciosum

603 5123 976 5179 consiliarium
1003 5135 1268 5193 nostrum,
1304 5146 1402 5199 per
1431 5147 1591 5201 quem
1622 5141 1817 5186 vestrm
1859 5132 2033 5203 regali
2071 5149 2205 5202 sug-

601 5211 846 5284 gerimus
877 5214 1293 5287 magniﬁcentiae
1323 5227 1377 5272 ut
1410 5220 1555 5273 nullo
1585 5222 1744 5275 modo
1780 5220 2205 5290 prretermittatis

599 5301 672 5355 ita
702 5300 957 5356 ordinare
989 5312 1148 5375 atque
1179 5307 1464 5378 disponere
1498 5317 1692 5363 terram
1745 5310 1799 5363 S.
1856 5309 1995 5362 Petri
2025 5328 2038 5373 ;
2070 5325 2203 5379 qua-

603 5397 760 5444 tenus
797 5390 942 5444 salva
986 5400 1037 5446 et
1081 5394 1304 5449 defensa
1353 5414 1458 5451 non
1509 5399 1680 5452 solum
1733 5415 1762 5451 a
1813 5397 2054 5467 paganis,
2104 5397 2200 5449 sed

729 5543 878 5593 Deest
902 5543 1101 5607 aliquid.

2307 479 2475 542 scitis,
2510 487 2844 549 permaneat,
2872 479 3064 544 donec,
3088 480 3203 532 Deo
3231 477 3542 542 auxiliante,
3565 485 3908 533 revertentes

2305 569 2374 623 ad
2403 568 2674 640 gremium
2705 576 2908 622 sanctae
2937 567 3125 620 matris
3145 574 3342 621 vestrae
3363 568 3623 623 Romanae
3644 567 3906 622 Ecclesiae

2305 657 2567 721 veniatis;
2604 657 2732 727 quia
2763 657 2806 709 si
2838 659 2942 711 hoc
2973 655 3452 726 praetermiseritis,
3489 663 3641 710 tanta
3670 656 3907 728 undique

2305 747 2536 800 adversa
2567 745 2654 802 vix
2684 745 2824 800 ferre
2855 745 3115 800 valemus.
3163 744 3506 815 Quapropter
3534 753 3717 800 vestra
3747 761 3908 816 rega-

2305 835 2372 888 lis
2403 834 2724 906 magnitudo
2769 835 3067 904 praavideat
3113 850 3182 889 ne
3230 834 3428 890 vestris
3475 834 3666 888 diebus
3714 833 3906 888 eadem

2307 923 2555 978 Ecclesia
2581 923 2819 994 aliquam
2848 923 3182 977 minuitatem
3222 922 3478 993 patiatur,
3525 922 3622 976 sed
3667 939 3767 993 per
3811 938 3910 978 vos

2306 1013 2480 1082 magis
2511 1020 2906 1083 augmentetur,
2943 1011 3196 1082 quoniam
3227 1011 3396 1081 ipsius
3434 1018 3792 1082 augmentum
3821 1029 3910 1066 ve-

2307 1108 2420 1155 ster
2451 1108 2530 1154 est
2565 1102 2757 1155 honor.
2795 1102 2920 1154 [deo
2950 1100 3180 1170 petimus
3231 1108 3286 1154 ut
3327 1116 3448 1156 cum
3495 1108 3770 1171 prasente
3794 1102 3906 1170 jam

2306 1190 2452 1244 dicto
2481 1196 2677 1259 nepote
2709 1197 2896 1244 nostro
2926 1189 3180 1244 idoneum
3229 1205 3259 1243 e
3309 1189 3474 1244 latere
3519 1196 3701 1244 vestro
3750 1189 3909 1244 nobis

2305 1277 2553 1348 dirigatis
2582 1278 2841 1348 legatum,
2878 1277 2968 1348 qui
2991 1278 3056 1331 ad
3091 1277 3316 1332 salutem
3365 1287 3416 1332 et
3457 1278 3720 1346 justitiam
3751 1287 3906 1333 terre

2305 1367 2590 1422 nobiscum
2622 1367 2838 1420 interim
2865 1366 3068 1436 pariter
3097 1374 3149 1420 et
3179 1366 3582 1436 promptissime
3629 1367 3684 1420 in
3719 1365 3904 1420 omni-

2307 1455 2426 1520 bus,
2461 1464 2620 1524 prout
2651 1471 2788 1525 Opus
2819 1455 3004 1520 fuerit,
3038 1455 3304 1521 desudet;
3338 1463 3394 1509 ut
3443 1462 3494 1510 et
3541 1471 3640 1510 nos
3685 1471 3903 1510 omnem

2306 1553 2547 1598 vestrum
2578 1545 2840 1599 honorem
2889 1543 3245 1597 libentissime
3291 1543 3570 1598 valeamus
3615 1541 3897 1614 perﬁcere,

2307 1633 2392 1687 cui
2423 1649 2485 1687 ea
2515 1649 2634 1702 quis
2667 1633 2819 1688 vobis
2849 1633 3076 1695 dixerit,
3127 1632 3281 1704 quasi
3331 1633 3732 1702 nobismetipsis
3773 1649 3899 1688 cre-

2239 1721 2441 1810 Bdere
2487 1737 2595 1775 non
2639 1721 3028 1793 dedignemini.
3079 1721 3446 1788 Quamobrem
3495 1737 3792 1791 rogamus,
3839 1732 3900 1776 ut

2309 1809 2494 1864 libenti
2526 1810 2707 1864 animo
2737 1811 2838 1864 hoc
2869 1809 3086 1879 facere,
3137 1817 3188 1863 et
3233 1809 3526 1864 secundum
3575 1810 3899 1880 promissum

2310 1908 2548 1952 vestrum
2581 1898 2882 1969 adimplere
2904 1898 3230 1953 omnimodis
3261 1899 3542 1970 satagatis,
3568 1914 3691 1952 nam
3719 1907 3897 1954 certos

2309 2002 2407 2042 vos
2436 2003 2558 2042 esse
2591 1988 2835 2042 volumus
2864 1988 2984 2058 quia
3017 1995 3251 2042 vestrum
3293 1988 3555 2042 honorem
3587 1996 3637 2042 et
3667 1987 3890 2058 gloriam

2311 2083 2420 2130 tota
2451 2085 2631 2130 mente
2663 2076 3038 2130 desideramus
3069 2075 3349 2147 perlicere.

2979 2219 3216 2277 CCLXII.

2649 2332 2716 2370 AD
2758 2332 3028 2373 ROMANUM
3068 2334 3210 2372 ARCI]
3219 2334 3542 2374 [EPISCOPUM
3551 2362 3562 2373 .

2913 2436 3091 2504 (Anno
3131 2434 3302 2503 (879.)

2311 2540 2545 2615 Miratur
2575 2541 2714 2612 quod
2742 2541 2976 2615 injuriis
3011 2542 3304 2596 lacessitus
3351 2541 3422 2615 ad
3465 2559 3522 2597 sc
3561 2559 3670 2598 non
3693 2541 3900 2615 ‘co-n/‘u-

2377 2613 2552 2681 gerit;
2585 2611 2856 2666 nuntium
2913 2614 3240 2686 Rauennam
3300 2614 3518 2686 mittit,
3568 2616 3662 2686 qui
3709 2611 3898 2670 omnia

2381 2686 2577 2758 contra
2619 2697 2746 2758 eum
2769 2686 2928 2758 gesta
2962 2683 3265 2758 diligenter
3294 2683 3658 2758 inquirat,'ct
3688 2701 3788 2758 eos,
3807 2687 3902 2758 qui

2381 2754 2658 2828 iniuriam
2687 2755 3030 2828 intulerant,
3069 2757 3294 2828 [tomum
3324 2754 3515 2828 venire
3557 2754 3900 2828 compellat;

2381 2825 2708 2898 quibuscum
2754 2825 2870 2895 ipse
2919 2825 2990 2879 ad
3037 2827 3308 2894 synodum
3355 2825 3772 2898 proﬁciscatur,
3808 2828 3902 2882 ubi

2382 2896 2510 2970 ejus
2534 2911 2703 2970 causa
2735 2899 2981 2970 agetur:
3013 2911 3247 2967 eumque
3276 2896 3464 2968 arguit
3511 2897 3652 2970 quod
3690 2901 3752 2954 in
3797 2899 3902 2953 suit

2380 2965 2628 3020 Ecclesia
2661 2981 2774 3020 non
2797 2967 3060 3020 resideat.

2239 3106 2289 3170 Ο
2383 3080 2860 3136 Reverendissimo
2890 3088 2944 3135 et
2974 3081 3317 3136 sanctissimo
3347 3083 3585 3137 ROMANO
3629 3083 3905 3154 archiepi-

2317 3185 2484 3254 scopo
2515 3177 2712 3224 sanctae
2743 3169 3004 3224 Ecclesiae
3034 3170 3380 3224 Ravennatis.

2384 3267 2677 3322 Audientes
2709 3267 2844 3322 tales
2875 3267 3028 3323 vobis
3058 3284 3090 3322 a
3121 3268 3442 3338 quibusdam
3488 3268 3714 3324 insidias
3745 3278 3797 3324 et
3826 3269 3908 3322 in-

2305 3356 2480 3426 jurias
2507 3356 2799 3420 accidisse,
2833 3357 3006 3411 mirati
3039 3372 3223 3410 sumus
3252 3358 3522 3428 quomodo
3549 3359 3615 3412 ad
3646 3359 3908 3414 Romana:

2311 3446 2574 3502 Ecclesiae
2623 3446 2892 3518 gremium
2921 3454 2976 3500 et
3004 3447 3073 3500 ad
3107 3455 3351 3502 nostram
3394 3447 3745 3518 apostolicam
3794 3463 3906 3502 non

2312 3535 2491 3589 statim
2519 3534 2774 3590 veneritis
2802 3534 3180 3606 praesentiam;
3215 3551 3342 3590 nam
3369 3535 3416 3590 si
3447 3535 3750 3604 venissetis,
3775 3552 3906 3606 pro-

2311 3632 2456 3678 certo
2515 3623 2655 3679 scire
2701 3623 2926 3693 potestis
2973 3625 3096 3694 quia
3139 3641 3274 3694 nos,
3321 3624 3612 3698 diligenter
3656 3624 3904 3696 inquistis

2311 3711 2580 3772 omnibus,
2630 3728 2846 3767 omnem
2896 3720 3039 3768 tuam
3072 3729 3288 3768 causam
3319 3714 3386 3770 ad
3418 3721 3658 3784 optatum
3689 3722 3739 3768 et
3766 3729 3901 3785 pro-

2310 3817 2529 3871 sperum
2557 3799 2720 3856 ﬁnem
2742 3845 2754 3867 ,
2788 3802 2903 3856 Deo
2936 3800 3146 3856 favente
3173 3847 3183 3864 ,
3218 3802 3530 3857 omnimodo
3576 3803 3903 3873 perducere-

2310 3905 2449 3944 mus.
2490 3890 2645 3944 Nunc
2673 3898 2853 3944 autem
2881 3907 2983 3960 pro
3013 3890 3172 3958 hujus
3202 3891 3278 3945 rei
3307 3906 3471 3946 causa
3522 3891 3746 3946 missum
3776 3907 3900 3962 pru-

2309 3978 2524 4032 dentem
2575 3978 2860 4047 dirigimus
2910 3979 3259 4041 Ravennam,
3311 3979 3396 4034 cui
3443 3995 3508 4034 ea
3567 3996 3689 4051 quae
3743 3979 3900 4034 nobis

2309 4067 2604 4120 mandastis
2633 4075 2820 4122 contra
2850 4075 2901 4121 te
2929 4077 3049 4122 acta
3080 4067 3264 4137 fuisse,
3299 4068 3587 4138 diligenter
3633 4068 3902 4140 inquirere

2300 4155 2574 4224 jubemus,
2611 4163 2666 4208 ut
2696 4171 2792 4210 eos
2823 4155 2914 4227 qui
2946 4155 3091 4221 talia,
3127 4164 3182 4210 ut
3211 4157 3452 4211 asseritis
3472 4201 3484 4222 ,
3519 4165 3768 4230 egerunt,
3800 4157 3900 4212 sub

2307 4243 2628 4311 ﬁdejussore
2658 4242 2859 4315 talique
2889 4245 3068 4316 legato
3107 4245 3340 4316 obliget,
3372 4252 3637 4316 quatenus
3681 4245 3783 4316 ipsi
3831 4247 3899 4300 de

2305 4333 2560 4403 praesenti
2590 4333 2817 4387 Romam
2847 4333 3240 4404 compellantur
3269 4334 3470 4388 venire.
3531 4333 3739 4402 Quibus
3769 4349 3898 4388 sane

2309 4421 2670 4487 venientibus,
2705 4422 2955 4476 volumus
2987 4431 3042 4476 ut
3072 4429 3123 4477 et
3147 4438 3243 4477 vos
3271 4423 3480 4492 pariter
3524 4422 3750 4478 veniatis
3795 4423 3898 4476 Ka-

2311 4510 2487 4564 lendis
2518 4509 2800 4579 Octobris,
2837 4511 2974 4566 sicut
3004 4511 3096 4564 tibi
3129 4527 3230 4580 pro
3259 4511 3578 4566 celebranda
3609 4512 3766 4566 etiam
3814 4529 3903 4582 sy-

2311 4599 2454 4652 nodo
2477 4599 2586 4666 jam
2620 4607 2949 4669 praeceptum
2982 4607 3080 4662 est,
3115 4600 3238 4670 quia
3285 4600 3339 4653 in
3387 4599 3672 4670 praesentia
3717 4609 3897 4655 nostra

2310 4701 2526 4741 causam
2552 4695 2693 4740 tuam
2724 4687 2972 4741 volumus
3004 4688 3340 4752 deliberare,
3373 4688 3625 4760 quoniam
3659 4705 3776 4756 nos,
3809 4704 3896 4742 se-

2311 4776 2545 4830 cundum
2590 4775 2772 4830 datam
2815 4776 2972 4831 nobis
3021 4776 3275 4831 divinitus
3334 4785 3650 4848 potestatem
3678 4821 3690 4843 ,
3749 4793 3898 4833 more

2308 4864 2774 4934 praedecessorum
2806 4874 3118 4920 nostrorum
3151 4882 3248 4920 vos
3279 4867 3538 4934 adjuvare
3565 4867 3900 4923 omninovcu-

2309 4953 2582 5016 rabimus;
2617 4969 2744 5006 nam
2775 4954 3024 5008 volumus
3054 4963 3108 5008 ut
3139 4955 3312 5010 honor
3342 4963 3542 5010 sanctze
3573 4957 3897 5011 Ravennatis

2306 5041 2571 5095 Ecclesiae
2601 5058 2816 5112 semper
2843 5042 3197 5096 iudiminutus
3227 5053 3560 5113 permaneat.
3597 5045 3656 5098 In
3684 5045 3785 5100 hoc
3811 5053 3895 5099 ta-

2307 5145 2429 5182 men
2475 5132 2891 5202 redargueudus
2935 5149 3031 5193 es,
3087 5133 3208 5202 quia
3259 5133 3481 5186 dimissa
3527 5133 3770 5190 Ecclesia
3801 5142 3886 5188 tua

2304 5219 2590 5278 Ravennae.
2627 5236 2723 5288 per
2753 5219 2960 5274 alienas
2994 5221 3267 5274 Ecclesias
3308 5229 3489 5275 contra
3529 5229 3673 5275 tuam
3721 5239 3888 5292 spon-

2304 5306 2511 5361 sionem
2541 5308 2797 5361 discurris
2829 5318 2876 5362 et
2909 5310 3116 5362 resides
3143 5329 3154 5371 ;
3206 5326 3326 5362 nam
3379 5326 3478 5380 pro
3517 5310 3600 5362 his
3633 5327 3754 5380 qua1
3798 5310 3892 5364 tibi

2305 5396 2550 5450 evenisse
2583 5396 2718 5450 dicis
2749 5405 2792 5448 ³.
2827 5398 2962 5450 Data
2996 5402 3060 5452 ut
3090 5415 3278 5469 supra.

3842 6271 3894 6278 -Α
3964 6263 4082 6278 -ι--ε
