4160 6312
282 276 384 327 885

936 394 1213 448 CCLXIII.

798 517 871 554 Αῐ)
897 515 1083 555 ΟΜΝΕΞ
1115 514 1364 553 FIDELES.

889 608 1068 678 (Anno
1116 608 1269 675 879.)

298 720 565 792 Pra’ripit
588 721 649 772 ut
671 715 952 771 Tioz'nensi
968 715 1240 786 episcopo,
1261 715 1353 767 cui
1368 715 1642 784 potestem
1657 705 1895 764 cxcerni

618 803 951 859 munimndi
976 803 1271 865 tribuerat,
1296 801 1574 855 ohedianf.

363 930 628 986 Omnibus
658 925 1126 983 reverendissimis
1165 933 1217 979 et
1262 922 1619 979 sanctissimis
1676 904 1885 991 episco1

300 1020 406 1091 pis,
429 1035 526 1074 seu
553 1016 762 1073 eximiis
794 1015 1197 1070 marchionibus
1227 1021 1279 1066 et
1309 1012 1621 1078 comitibus,
1646 1009 1885 1065 cunctis-

294 1123 400 1179 que
430 1114 633 1162 sanctae
653 1105 751 1160 Dei
780 1103 1042 1160 Ecclesiae
1073 1101 1343 1156 ﬁdelibus.

364 1197 641 1251 Habentes
696 1193 938 1248 omnium
991 1191 1363 1247 Ecclesiarum
1413 1190 1530 1255 Dei,
1588 1187 1887 1242 secundum

296 1285 616 1356 Apostolum
692 1283 769 1352 (II
799 1283 916 1338 Cor.
943 1282 1091 1350 xxx),
1134 1278 1577 1345 sollicitudinem,
1664 1275 1886 1347 dignum

296 1374 551 1431 duximus
578 1378 812 1427 vestram
855 1369 1179 1425 industriam
1222 1368 1302 1421 his
1348 1367 1681 1436 apostolatus
1721 1365 1891 1419 nostri

295 1461 489 1521 litteris
517 1461 815 1516 admonere
859 1466 1019 1529 atque
1066 1455 1359 1527 apostolica
1396 1454 1734 1525 benignitate
1766 1467 1888 1505 ma-

298 1566 543 1624 gnopere
572 1547 846 1603 exhortari
879 1555 1143 1618 quatenus
1173 1543 1428 1615 potentiae
1474 1558 1691 1607 munus,
1745 1540 1891 1611 quod

301 1640 484 1696 divina
517 1636 759 1706 largitate
790 1635 1021 1703 habetis,
1054 1633 1268 1687 utilitati
1314 1631 1573 1685 Ecclesiae
1605 1637 1655 1683 et
1699 1628 1891 1682 honori

1385 266 1733 321 lil’lS'l‘t,)l..lC
1794 264 1877 317 ΕΤ
1938 264 2279 344 [)Etlltli'l‘A.

3474 262 3573 311 886

1911 392 1963 448 Α
1990 406 2192 459 niendo
2226 422 2365 459 nunc
2402 405 2636 474 aliquam
2678 417 2888 457 moram
2920 403 3004 457 vel
3061 400 3450 471 negligentiam
3509 400 3579 453 ad

1985 495 2265 559 miseritis,
2308 494 2497 548 scitote
2528 492 2778 563 quoniam
2839 491 3100 545 canonica
3129 505 3228 545 vos
3282 489 3579 561 redargue-

1985 600 2105 637 mus
2137 598 2385 637 censura.
2421 582 2685 651 Optamus
2716 580 3057 635 sanctitatem
3104 586 3274 646 tuam,
3308 585 3410 632 etc.
3444 578 3581 632 Data

1986 687 2047 725 χι
2078 671 2353 726 Kalendas
2384 669 2654 736 Octobris,
2688 668 2978 723 indictione
2998 682 3119 721 xui.

2657 829 2837 884 CCLX
2848 830 2905 882 V.

2357 953 2428 990 an
2475 952 2689 991 omnem
2710 934 3215 1007 lMEDIOLANENSEM.

2608 1045 2789 1111 (Anno
2822 1042 2971 1109 879.)

1991 1152 2259 1222 Prrecipit
2293 1154 2353 1204 ut
2378 1152 2439 1203 in,
2472 1146 3371 1222 locum_A_nspertiarchiepiscopi
3401 1148 3461 1199 in
3492 1147 3590 1200 lto-

2060 1216 2232 1277 mana
2248 1222 2452 1291 synodo
2464 1219 2673 1289 privati
2684 1236 2714 1273 a
2725 1216 2862 1291 lium
2876 1236 2910 1272 (ι
2930 1233 2988 1271 se
3004 1216 3449 1291 consecrandum
3463 1218 3588 1291 suf-

2059 1287 2296 1361 ﬁciant}
2321 1287 2504 1344 mittit
2527 1291 2733 1357 legatos
2750 1289 2845 1360 qui
2874 1305 2990 1361 una
3010 1303 3148 1361 cum
3170 1287 3592 1361 ipsiselectioni

2061 1358 2359 1425 intersint,
2394 1362 2592 1434 quibus
2622 1361 2679 1414 in
2715 1358 2970 1413 omnibus
2999 1358 3209 1413 obediri
3229 1358 3408 1428 jubet.

2064 1487 2329 1541 Omnibus
2361 1484 2652 1555 cpisc0pis,
2686 1482 3040 1553 presbyteris,
3073 1481 3410 1541 diaconibus.
3459 1481 3587 1535 sub-

1992 1574 2328 1639 diaconibus,
2362 1581 2413 1627 et
2445 1573 2588 1627 omni
2621 1572 2766 1626 clere
2806 1577 3005 1625 sanctae
3024 1569 3289 1625 Ecclesiae
3318 1567 3592 1624 Mediola-

1994 1682 2098 1719 ΠΟΥ]
2109 1681 2202 1718 SIS.

300 1726 624 1785 sacerdomi
653 1724 917 1795 pmdcsse
945 1724 1138 1777 demat
1169 1736 1404 1812 50mg???
1440 1718 1785 1812 ΩΨΡῨῨΡιῘὲΓ
1805 1733 1893 1812 ,ω’
1919 1743 1971 1800 Β
2046 1718 2179 1807 ΫΒθο
2209 1752 2423 1805 dilectae
2450 1749 2789 1804 unanimitati
2821 1756 3017 1802 vestrae
3055 1746 3424 1812 fraternitatis,
3471 1748 3590 1801 cha-

298 1815 594 1872 verentiam
627 1822 679 1868 et
710 1814 970 1867 honorem
1033 1818 1231 1864 sanctae
1289 1806 1561 1862 Ticinensi
1607 1804 1889 1867 Ecclesia),

302 1921 419 1976 quir
450 1902 920 1973 specialiquodam
949 1899 1111 1953 modo
1130 1898 1245 1951 sedi
1279 1895 1592 1966 apostolicze
1624 1894 1895 1964 pertinere

301 1994 533 2057 videtur,
566 1991 788 2061 ejusque
819 1988 1063 2051 antistiti,
1095 1985 1289 2041 Joanni
1341 1984 1589 2038 videlicet
1640 1980 1896 2037 confratri

303 2089 511 2145 nostro,
543 2079 628 2135 cui
659 2078 774 2132 vice
798 2085 985 2131 nostra
1036 2084 1477 2146 transgressores
1527 2068 1899 2124 excommuni-

304 2169 507 2225 candos
535 2165 927 2230 commisimus,
962 2180 1026 2218 eo
1056 2163 1306 2218 videlicet
1328 2170 1512 2215 tenore
1542 2169 1591 2212 at
1625 2174 1762 2229 quos
1783 2158 1899 2227 ipse

306 2256 877 2319 excommunicaverit,
910 2253 1013 2323 ipsi
1040 2248 1487 2305 excommunicati
1544 2248 1799 2309 existant,
1844 2252 1901 2298 ut

307 2347 358 2402 ei
401 2345 657 2400 auxilium
687 2342 938 2397 alacriter
982 2340 1305 2409 impendatis
1343 2352 1648 2399 monemus,
1698 2334 1902 2388 nullam

308 2433 745 2493 contrarietatem
774 2431 860 2486 vel
891 2429 1223 2484 invasionem
1271 2428 1323 2481 in
1359 2426 1520 2480 rebus
1552 2424 1635 2478 vel
1666 2422 1902 2476 homini-

304 2525 407 2581 bus
444 2522 613 2593 ipsius
662 2519 923 2575 Ecclesiae
954 2516 1245 2588 quamlibet
1291 2514 1468 2568 facere
1540 2510 1854 2582 permittatis
1887 2529 1900 2574 ;

309 2612 440 2684 quin
467 2610 644 2682 potius
675 2616 855 2663 vestro
889 2623 984 2661 eos
1015 2605 1207 2659 solatio
1237 2603 1376 2658 tueri
1408 2618 1505 2672 pro
1537 2601 1635 2654 Dei
1688 2607 1906 2653 nostro-

310 2718 414 2772 que
443 2714 628 2753 amore
674 2694 1090 2767 diligentissime
1123 2691 1381 2746 studeatis
1411 2709 1424 2753 ;
1450 2690 1546 2744 sed
1577 2698 1629 2742 et
1677 2687 1907 2742 clericos

310 2789 454 2847 illius
484 2802 643 2841 nemo
664 2793 904 2840 vestrum
935 2783 989 2835 in
1018 2779 1507 2840 commendatione,
1541 2785 1627 2831 aut
1681 2776 1781 2829 sub
1812 2775 1911 2828 ali-

310 2878 464 2946 cujus
495 2873 825 2929 defensionis
880 2872 1119 2933 obtentu,
1152 2870 1357 2937 absque
1395 2865 1638 2936 praedicti
1668 2862 1911 2934 episcopi

312 2966 397 3023 sui
425 2964 635 3019 licentia
665 2961 909 3032 recipere
940 2966 1244 3029 praesumat.
1280 2955 1438 3023 Quod
1484 2954 1530 3007 si
1572 2961 1764 3009 contra
1808 2953 1912 3006 hoc

310 3062 554 3110 nostrum
581 3050 938 3121 apostolicum
961 3054 1215 3101 statutum
1248 3043 1454 3114 aliquid
1514 3057 1733 3096 suorum
1754 3038 1914 3094 cleri-

315 3158 502 3201 corum
529 3156 695 3212 agere
727 3136 1036 3201 tantaverit,
1089 3132 1458 3188 ecclesiastica
1513 3131 1600 3194 sit,
1662 3137 1768 3182 tam
1809 3143 1908 3181 ac-

312 3240 501 3302 ceptor
528 3244 689 3300 quam
731 3234 1008 3295 acceptus.
1058 3221 1439 3277 communione
1473 3218 1735 3288 privatus.
1774 3216 1912 3269 Data

314 3325 380 3376 ut
411 3335 602 3391 supra».

974 3409 1249 3464 CCLXIV.

460 3537 530 3575 AD
559 3533 827 3575 BOMANUM
857 3527 1330 3570 ARCHIEPISCOPUI
1367 3523 1761 3564 RAV'ENNATEM.

931 3625 1111 3693 (‘Auno
1151 3618 1300 3683 879.)

495 3732 759 3803 Prwcipit
788 3735 847 3784 ut
872 3733 1100 3785 Romam
1132 3726 1202 3780 ad
1230 3723 1501 3796 synodum
1539 3721 1744 3774 veniat.

398 3854 868 3914 Reverendissimo
896 3861 947 3906 et
974 3845 1318 3905 sanctissimo
1348 3844 1758 3913 archiepiscopo
1788 3857 1917 3894 san—

324 3957 426 4004 ctae
456 3944 717 4001 Ecclesiae
750 3941 1096 3997 Ravennatis.

396 4037 541 4091 Sicut
564 4035 676 4103 jam
699 4032 827 4086 olim
868 4038 1063 4084 vestrm
1092 4026 1452 4097 praecepimus
1496 4020 1832 4085 reverentiae,
1867 4026 1923 4071 ut

324 4141 426 4197 pro
484 4123 662 4177 multis
708 4119 1080 4175 Ecclesiarum
1122 4116 1219 4169 Dei
1284 4111 1699 4166 necessitatibus
1728 4114 1922 4179 quarto

330 4195 458 4269 Idus
515 4208 768 4266 Octobris
816 4209 1040 4261 Romam
1078 4203 1373 4265 venientes,
1412 4199 1679 4269 synodum
1724 4195 1924 4265 pariter

327 4302 749 4363 celebraremus,
783 4312 924 4350 nunc
957 4296 1142 4347 iterato
1174 4286 1256 4344 his
1287 4288 1618 4359 apostolatus
1642 4283 1809 4337 nostri
1841 4282 1924 4335 lit-

330 4390 463 4446 teris
484 4385 802 4468 fraternitati
832 4391 1027 4439 vestrm
1056 4381 1310 4447 jubemus
1341 4385 1413 4439 ut,
1465 4375 1611 4430 omni
1657 4387 1813 4427 mora
1841 4370 1927 4424 vel

332 4477 620 4536 occasione
672 4457 985 4545 postposita,
1046 4470 1113 4523 ad
1168 4465 1570 4521 denominatam
1632 4462 1918 4531 synodum,
1952 4445 2007 4505 D

334 4583 517 4640 quam,
552 4567 666 4619 Deo
696 4570 937 4625 auctore,
970 4559 1024 4612 in
1053 4556 1309 4627 praedicto
1341 4563 1584 4622 tempore
1606 4546 1924 4605 celebraturi

336 4637 536 4711 erimus
563 4653 618 4706 in
650 4650 884 4706 ecclesia
913 4647 1056 4702 beati
1079 4646 1221 4699 Petri
1252 4640 1510 4713 principis
1531 4637 1922 4709 apostolorum,

337 4762 463 4802 cum
490 4738 850 4810 suﬁraganeis
882 4736 984 4791 tuis
1016 4733 1287 4804 episcOpis
1316 4744 1606 4784 occurrere
1623 4725 1927 4780 nullatenus

338 4828 759 4906 prietermittatis
791 4845 805 4893 ;
838 4826 965 4897 quia
1007 4840 1107 4876 nos
1138 4820 1375 4875 omnium
1416 4816 1787 4872 Ecclesiarum
1830 4811 1931 4866 Dei

337 4905 549 4978 utilitati
579 4926 632 4973 et
676 4913 1002 4981 exaltationi,
1062 4911 1200 4964 sicut
1229 4915 1456 4978 oportet,
1488 4905 1610 4976 pari
1662 4917 1930 4957 consensu

341 5020 399 5067 et
423 5012 644 5064 decreto
678 5020 826 5058 more
887 5000 1349 5072 praedecessorum
1391 5002 1698 5048 nostrorum
1730 5006 1933 5044 consu-

343 5102 459 5155 lere
493 5096 761 5151 volumus.
792 5092 861 5145 Et
917 5090 1039 5144 ideo
1078 5096 1333 5152 vestram,
1394 5081 1690 5137 secundum
1749 5093 1934 5132 sacros

347 5201 583 5245 canones
636 5179 1038 5236 unanimitatem
1088 5176 1283 5230 adesse
1341 5172 1605 5229 volumus.
1668 5175 1936 5238 quatenus

349 5274 609 5333 Ecclesia:
638 5270 737 5325 Dei
766 5269 944 5340 vigor,
977 5264 1189 5319 Christo
1223 5262 1453 5319 favente,
1487 5274 1587 5328 per
1620 5255 1936 5326 synodalem

350 5377 639 5420 censuram
673 5358 913 5412 illibatus
942 5358 1280 5424 permaneat.
1308 5350 1654 5417 Quapropter
1695 5344 1737 5396 si
1769 5344 1821 5396 in
1847 5358 1941 5395 ve-

424 5547 447 5573 ·
474 5541 587 5590 Haec
612 5537 760 5588 verba
780 5534 1001 5599 superius
1025 5528 1361 5583 transferenda
1398 5526 1638 5575 videntur.

1996 1841 2217 1906 rissimi,
2268 1847 2455 1893 notum
2515 1854 2640 1892 esse
2698 1836 2950 1890 volumus
3005 1836 3136 1906 quia
3174 1852 3274 1890 nos
3322 1850 3427 1889 una
3465 1850 3589 1889 cum

1997 1938 2182 1984 saneta
2223 1927 2432 1998 synodo
2509 1926 2690 1980 Idibus
2756 1924 3010 1980 Octobris
3060 1925 3114 1978 in
3161 1923 3394 1979 ecclesia
3450 1923 3590 1977 beati

1998 2018 2139 2073 Petri
2197 2015 2427 2086 apostoli
2487 2023 2724 2085 peracta.
2786 2015 3113 2083 Anspertum
3156 2012 3359 2066 dudum
3408 2010 3591 2065 archi-

1999 2107 2315 2176 episcopum
2347 2111 2589 2157 vestrum
2637 2118 2734 2172 pro
2780 2100 2894 2154 suis
2919 2099 3267 2171 negligentiis
3321 2114 3385 2155 ac
3410 2098 3595 2152 multi-

1998 2195 2229 2266 plicibus
2286 2191 2800 2263 praesumptionibus
2863 2189 2976 2256 jam
3035 2189 3087 2242 in
3145 2187 3309 2258 priori
3365 2186 3594 2257 synodo.

2000 2291 2123 2354 post
2153 2282 2448 2337 secundam
2509 2289 2558 2334 et
2592 2279 2806 2333 tertiam
2854 2278 3214 2341 vacationem,
3275 2283 3438 2346 atque
3477 2283 3599 2344 post

2002 2370 2294 2425 canonieas
2340 2370 2441 2421 sibi
2474 2369 2632 2421 datas
2662 2367 2909 2421 inducias
2940 2381 3041 2436 pro
3102 2381 3161 2418 se
3219 2361 3595 2417 satisfaciendo

2004 2460 2276 2514 nolentem
2323 2472 2629 2517 occurrere,
2718 2456 2915 2509 virtute
2992 2452 3171 2507 sancti
3235 2449 3485 2521 Spiritus,
3545 2458 3597 2503 et

2004 2548 2324 2602 auctoritate
2383 2553 2695 2599 sanctorum
2771 2542 2913 2598 Petri
2965 2557 3028 2596 ac
3093 2539 3247 2595 Pauli
3328 2537 3599 2608 apostolo-

2006 2652 2126 2690 rum
2158 2634 2485 2704 principum,
2541 2640 2593 2685 et
2623 2630 2887 2687 canonica
2942 2638 3105 2700 atque
3152 2626 3412 2698 synodica
3469 2642 3597 2679 san-

2008 2724 2205 2791 ctione,
2243 2720 2541 2792 episcopali
2573 2721 2782 2774 honore
2811 2717 3163 2789 privavimus,
3197 2714 3323 2786 quia
3344 2722 3469 2769 ante
3497 2729 3598 2767 au-

2009 2811 2266 2867 dientiam
2299 2809 2700 2865 communicare
2732 2806 3079 2878 pertinaciter
3123 2801 3489 2874 prmsumpsit,
3548 2809 3602 2855 et

2011 2910 2135 2955 ante
2166 2899 2465 2968 legitimum
2500 2893 2971 2968 suazlpurgationis
3001 2908 3226 2948 examen
3248 2889 3601 2945 ministerium

2015 3004 2226 3043 sacrum
2248 2994 2438 3041 contra
2472 2993 2671 3039 statuta
2698 2984 2957 3052 majorum
3016 2990 3222 3035 temere
3269 2993 3438 3050 agere
3495 2992 3604 3032 non

1941 3093 1990 3155 α
2014 3076 2378 3132 dubitavit.Et
2402 3074 2523 3128 ideo
2553 3072 2810 3143 praesenti
2840 3070 2995 3125 vobis
3026 3076 3223 3122 statuto
3263 3067 3519 3135 jubemus
3549 3071 3607 3118 ut

2011 3181 2201 3219 omnes
2232 3179 2341 3217 uno
2372 3162 2552 3216 animo
2583 3176 2796 3231 unoque
2826 3166 2951 3213 voto
3008 3150 3393 3213 convenientes
3444 3160 3604 3223 atque

2011 3259 2377 3309 convocantes
2395 3257 2643 3321 pastores
2673 3248 2759 3302 vel
2789 3244 3047 3319 populum
3076 3242 3326 3310 civitatis,
3359 3241 3428 3295 de
3485 3239 3602 3293 ele-

2012 3341 2190 3396 ctione
2220 3338 2458 3402 alterius,
2494 3338 2588 3408 qui
2618 3337 2686 3390 de
2738 3332 3103 3389 cardinalibus
3132 3328 3467 3402 presbyteris
3513 3335 3607 3382 aut

2013 3429 2334 3484 diaconibus
2364 3425 2581 3496 dignior
2610 3424 2764 3478 fuerit
2795 3428 3065 3492 repertus,
3097 3434 3221 3476 cum
3242 3417 3438 3472 Christi
3460 3416 3603 3471 sola-

2013 3518 2106 3585 tio,
2130 3518 2194 3571 ad
2229 3514 2730 3584 archiepiscopatus
2767 3512 3031 3566 honorem
3049 3505 3412 3579 promoveatis
3445 3522 3457 3558 :
3493 3518 3602 3575 quo

2016 3606 2221 3661 scilicet
2270 3604 2495 3658 decreto
2525 3599 2839 3657 solemniter
2866 3598 3030 3666 facto,
3060 3604 3223 3668 atque
3252 3593 3321 3648 ad
3348 3594 3490 3648 hanc
3518 3607 3604 3646 ur-

2014 3696 2137 3749 bem
2168 3692 2509 3756 transmisso,
2541 3706 2611 3744 ne
2631 3697 2789 3743 antea
2815 3686 3069 3759 quislibet
3096 3685 3479 3755 episcoporum
3500 3680 3605 3734 ali-

2018 3799 2179 3857 quem
2211 3782 2410 3835 ibidem
2441 3779 2693 3833 ordinare
2748 3783 3058 3848 praesumat,
3108 3780 3396 3843 antequam
3450 3768 3606 3824 nobis

2019 3871 2197 3927 omnia
2232 3869 2428 3924 fuerint
2450 3868 2773 3935 renuntiata,
2808 3881 2949 3929 cum,
2981 3864 3098 3917 Deo
3129 3861 3362 3925 favente,
3402 3874 3503 3913 nos
3533 3857 3607 3910 ibi

2022 3961 2319 4015 secundum
2368 3974 2574 4011 morem
2606 3955 2909 4025 pristinum,
2962 3962 3011 4007 et
3058 3950 3355 4005 secundum
3398 3946 3605 4019 regiam

2022 4048 2452 4112 concessionem,
2486 4044 2733 4099 velumus
2764 4039 3239 4109 archiepiscOpum
3266 4048 3607 4090 consecrare.

2022 4138 2161 4191 Nam
2197 4136 2240 4187 si
2271 4134 2427 4187 aliter
2447 4129 2926 4201 prmsumpseritis,
2943 4123 3311 4182 ecclesiastica
3328 4137 3426 4176 vos
3454 4136 3609 4176 com-

2024 4224 2278 4278 munione
2308 4198 2642 4292 privabimus
2668 4198 2873 4288 {etqui
2901 4222 3089 4271 contra
3104 4214 3208 4269 hoc
3239 4217 3484 4266 nostrum
3505 4215 3615 4263 sta-

2026 4321 2196 4366 tutum
2227 4309 2474 4373 fecerint,
2510 4306 2809 4377 apostolico
2821 4303 3027 4373 judicio
3047 4308 3203 4356 erunt
3230 4292 3453 4354 omnino
3486 4311 3613 4351 cor-

2027 4400 2184 4471 repti.
2218 4400 2358 4453 Sane
2406 4393 2891 4451 reverendissimos
2934 4389 3129 4445 fratres
3157 4395 3211 4443 et
3265 4384 3619 4456 coepiscopos

2028 4497 2241 4545 nostros
2270 4488 2530 4541 Joannem
2562 4482 2922 4543 Ticinensem,
2953 4487 3007 4533 et
3054 4476 3367 4532 Weltonem
3422 4471 3617 4527 Arimi-

2026 4592 2252 4632 nensem
2282 4575 2407 4628 illuc
2436 4572 2554 4628 vice
2584 4580 2770 4627 nostra
2826 4567 3133 4645 dirigimus,
3195 4562 3286 4634 qui
3331 4560 3618 4616 vobiscum

2027 4666 2226 4737 pariter
2246 4664 2489 4718 eamdem
2520 4661 2840 4715 electionem
2879 4655 3277 4724 feciant;quos
3324 4663 3485 4704 nemo
3527 4661 3620 4703 ve-

2031 4764 2191 4808 strum
2242 4751 2508 4822 impedire
2537 4750 2591 4803 in
2623 4748 2806 4818 aliquo
2854 4748 3162 4816 praesumat,
3223 4738 3268 4793 si
3299 4736 3516 4809 quidem
3540 4734 3621 4803 ju-

2033 4852 2170 4898 stum
2206 4842 2317 4896 fore
2339 4839 2555 4895 cernitis
2584 4845 2642 4891 ut
2671 4834 2828 4891 nobis
2858 4832 2912 4886 in
2958 4829 3207 4886 omnibus
3255 4824 3481 4881 obedire
3500 4838 3626 4894 pro-

2033 4940 2176 4988 curet
2213 4949 2224 4984 :
2260 4930 2345 4984 cui
2376 4925 2621 4999 quisquis
2649 4926 2751 4978 hoc
2782 4917 3147 4991 superbiendo
3175 4914 3434 4969 resistens
3465 4926 3630 4984 agere

2034 5018 2337 5079 tentaverit,
2369 5034 2398 5071 a
2429 5013 2853 5070 Christianorum
2882 5006 3114 5077 collegio
3144 5009 3432 5074 separatus
3461 5000 3563 5055 erit
3582 5008 3628 5053 ³.

2036 5111 2103 5162 Et
2136 5107 2262 5177 quia
2292 5104 2530 5160 nondum
2562 5117 2594 5155 a
2626 5097 2850 5155 vinculis
2873 5088 3445 5151 excommunicationis
3463 5087 3630 5143 abso-

2038 5199 2180 5251 lutus
2209 5196 2260 5248 in
2295 5189 2625 5247 Vercellensi
2647 5187 2880 5242 ecclesia
2908 5183 3223 5254 episcopum
3246 5177 3542 5235 enormiter
3571 5191 3633 5228 ac

2038 5283 2387 5356 pervicaciter
2416 5279 2690 5342 ordinare,
2725 5282 2907 5329 contra
2936 5271 3142 5341 regiam
3200 5267 3357 5323 etiam
3402 5264 3640 5319 volunta-

2048 5384 2152 5427 tem
2188 5367 2543 5441 prarsumpsit.
2570 5367 2704 5419 Data
2739 5368 2802 5417 ut
2823 5377 3015 5432 supra.
