4160 6312
1251 365 1525 418 CCLXVI.

1097 468 1167 505 AD
1195 467 1451 508 ρΛιιοιωι
1490 468 1676 508 REGEM
1685 495 1697 507 .

1213 541 1394 608 (Anno
1424 542 1573 612 879.)

599 627 892 712 Signiﬁcat
905 628 1248 712 [inspectum
1260 629 1473 685 dudum
1488 630 1973 712 archiepiscopum
1989 633 2194 712 Medio-

675 699 966 754 lanensem
994 699 1338 782 ϋιβοηιαζξα
1372 699 1910 782 εηῃοίίορνὶμαιαᾶη,
1943 721 2009 759 ac
2037 705 2192 782 {ose-

669 769 862 838 phum,
885 785 1048 844 quem
1060 770 1160 825 ille
1175 771 1238 825 in
1265 769 1937 844 Vercellensi'episcopum
1956 775 2192 831 ordina-

665 844 842 913 uerat,
864 840 1176 913 depositum
1194 861 1212 906 ;
1231 845 1390 912 rogat
1415 845 1479 896 ut
1501 840 1867 913 Conspertum
1883 847 1944 899 in
1982 847 2191 902 Vercel-

669 910 814 964 lensi
825 910 1063 966 ecclesia
1075 927 1139 982 ep
1149 910 1399 982 iscop‘um
1414 928 1449 966 α
1461 928 1516 966 se
1528 910 1923 970 consecratum
1936 919 2186 972 tueatur.

671 1005 878 1060 Dilecto
898 1021 960 1061 ac
989 1007 1218 1076 spiritali
1249 1007 1362 1062 ﬁlio
1393 1007 1618 1064 Canono
1647 1010 1892 1082 glorioso
1921 1013 2062 1083 regi.

667 1093 852 1166 Regia!
881 1095 1242 1167 magnitudini
1279 1103 1475 1151 vestrae
1515 1105 1704 1152 notum
1747 1114 1872 1154 esse
1915 1101 2184 1169 volumus,

589 1178 668 1234 fili
717 1181 1058 1248 charissima,
1093 1183 1218 1254 quia
1247 1185 1579 1256 Anspertum
1608 1186 2070 1244 Mediolanensem
2101 1207 2188 1245 ar-

587 1268 1014 1340 chiepiscopum,
1051 1271 1106 1324 in
1135 1271 1311 1341 prima
1365 1272 1588 1343 quidem
1617 1275 1828 1346 synodo
1856 1275 1911 1330 in
1951 1279 2186 1334 ecclesia

589 1356 734 1410 beati
767 1357 913 1411 Petri
951 1359 1180 1428 apostoli
1223 1359 1408 1415 habita
1461 1377 1562 1432 pro
1591 1363 1704 1416 suis
1763 1364 2182 1422 evidentissimis

589 1443 940 1516 negligentiis
960 1453 1012 1500 et
1042 1448 1573 1518 praesumptionibus,
1624 1467 1730 1504 una
1768 1467 1889 1507 cum
1921 1469 2180 1510 reveren-

584 1531 810 1586 dissimo
857 1534 1244 1604 episcOporum
1279 1544 1422 1592 cortu
1451 1539 1778 1610 regulariter
1808 1544 2179 1599 excommuni-

581 1619 823 1674 cavimus
857 1637 870 1676 :
907 1622 1005 1676 sed
1034 1632 1272 1678 mentem
1302 1640 1456 1680 suam
1487 1625 1543 1680 in
1573 1627 1886 1697 superbiam
1936 1630 2172 1702 erigens,

581 1721 694 1764 non
741 1708 917 1764 solum
957 1726 1058 1780 pro
1113 1713 1433 1783 perpetratis
1473 1715 1688 1768 veniam
1747 1717 2019 1774 humiliter
2065 1736 2174 1775 non
2204 1725 2256 1782 B

581 1795 848 1868 quaesivit,
874 1814 1062 1853 verum
1093 1800 1255 1854 etiam
1305 1809 1427 1856 ante
1457 1803 1790 1859 audientiam
1838 1813 1890 1860 et
1937 1817 2178 1863 nostram

580 1885 937 1954 apostolicam
965 1887 1388 1956 absolutionem,
1453 1906 1669 1946 sacrum
1697 1896 2040 1966 praesumpsit
2069 1898 2176 1952 mi-

580 1971 864 2028 nisterium
907 1975 1212 2046 celebrare,
1259 1985 1419 2050 atque
1471 1987 1658 2034 contra
1698 1997 1884 2038 sacros
1936 1999 2175 2041 canones

505 2046 518 2054 ’
576 2067 872 2132 contraque
904 2062 1114 2134 regiam
1143 2073 1196 2118 et
1239 2046 1480 2120 nostram
1527 2069 1880 2138 apostolicam
1921 2071 2167 2128 volunta-

578 2155 706 2213 tem,
752 2149 1068 2220 episcopum
1125 2153 1180 2206 in
1211 2153 1544 2209 Vercellensi
1584 2157 1819 2212 ecclesia
1875 2161 2173 2218 enormiter

573 2249 902 2292 consecrare
950 2240 1314 2311 praesumpsit.
1347 2241 1454 2298 Pro
1503 2243 1699 2315 quibus
1729 2245 1979 2303 videlicet
2007 2257 2171 2306 tanta;

570 2323 894 2379 temeritatis
945 2329 1480 2399 praesumptionibus,
1516 2339 1568 2386 et
1629 2331 1808 2403 ipsum
1838 2339 2167 2407 Anspertum

570 2409 776 2466 dudum
825 2414 1298 2487 archiepiscOpum
1331 2417 1385 2472 in
1425 2435 1508 2488 ea,
1557 2437 1678 2492 quae
1718 2439 1894 2493 nuper
1923 2433 2046 2481 acta
2083 2435 2168 2482 est

568 2500 800 2569 synodo,
832 2503 980 2556 omni
1010 2503 1304 2576 episcopali
1335 2507 1541 2564 honore
1571 2510 1918 2580 privavimus,
1944 2522 1996 2568 et
2017 2531 2160 2582 eum,

567 2603 728 2658 quem
757 2589 940 2646 illicite
969 2591 1236 2648 ordinavit
1266 2595 1598 2666 episcopum,
1633 2597 1976 2656 decrevimus
2007 2619 2166 2674 syno-

567 2674 676 2729 dali
699 2676 906 2744 judicio
935 2679 1240 2750 depositum
1271 2698 1394 2738 esse
1452 2685 1521 2738 ab
1548 2685 1738 2742 ordine
1767 2689 2112 2760 episc0patus
2143 2711 2158 2748 :

564 2761 761 2818 intuitu
791 2773 970 2821 tamen
1017 2768 1404 2827 misericordia
1457 2772 1514 2826 in
1559 2774 1846 2844 pristinum
1890 2795 1998 2849 quo
2041 2789 2160 2835 erat

567 2859 727 2906 antea
755 2853 988 2924 gradum
1019 2857 1230 2912 reverti.
1269 2858 1438 2914 Porro
1467 2876 1587 2926 nos,
1620 2865 1918 2918 secundum
1968 2868 2159 2922 volun-

565 2945 727 2992 tatem
765 2947 818 2994 et
847 2942 1162 3011 petitionem
1202 2945 1384 3002 dilecti
1425 2945 1521 3004 ﬁlii
1561 2950 1728 3004 nostri
1779 2952 2157 3011 Carolomanni

559 3024 788 3096 gloriosi
818 3029 962 3100 regis
991 3031 1133 3088 hunc
1177 3034 1539 3106 Conspertum
1613 3041 2148 3112 reverendissimum,

559 3113 630 3169 de
657 3131 766 3186 quo
787 3117 900 3186 jam
927 3114 1056 3174 olim
1090 3121 1244 3176 vobis
1264 3139 1366 3192 per
1395 3133 1632 3180 vestrum
1681 3125 1898 3185 ﬁdelem
1929 3132 2154 3188 missum

551 3198 904 3272 innotuimus,
937 3207 991 3261 in
1022 3209 1216 3264 eadem
1264 3211 1594 3268 Vercellensi
1621 3215 1888 3285 Ecclesia,
1923 3235 2154 3277 consen-

555 3288 810 3346 tientibus
841 3295 1094 3350 omnibus
1123 3299 1678 3368 comprovincialibus
1726 3305 2017 3378 episcopis,
2053 3324 2152 3364 an-

551 3375 774 3433 tistitem
802 3384 1263 3451 consecravimus,
1300 3403 1462 3457 quem
1492 3375 1935 3458 petimusobnixe
1964 3404 2021 3450 ut
2049 3413 2148 3468 pro

551 3478 740 3521 amore
770 3467 868 3524 Dei
899 3478 952 3524 et
981 3473 1154 3527 sancti
1189 3473 1349 3538 Petri,
1381 3491 1446 3531 ac
1474 3486 1684 3545 nostro,
1717 3489 1914 3538 vestrae
1942 3467 2140 3554 poten-

552 3551 639 3608 tia
671 3553 895 3611 brachio
941 3560 1218 3627 tueamini,
1253 3570 1324 3626 et,
1367 3571 1528 3634 prout
1571 3565 1620 3620 ei
1649 3582 1786 3638 opus
1830 3551 2007 3639 fuerit,
2053 3573 2143 3629 di-

547 3656 715 3712 gnum
744 3659 963 3715 semper
990 3645 1044 3701 in
1074 3649 1324 3704 omnibus
1340 3652 1632 3720 prabeatis
1663 3655 1934 3714 solatium.
1967 3661 2142 3733 Rega-

543 3725 652 3780 lem
677 3731 1050 3788 excellentiam
1081 3745 1312 3792 vestram
1344 3740 1607 3796 Dominus
1624 3755 1912 3802 conservet
1933 3749 2140 3805 incolu-

543 3829 708 3879 mem,
741 3818 1063 3876 charissimc
1083 3821 1176 3877 ﬁli.
1198 3825 1334 3880 Data
1357 3831 1423 3882 ut
1459 3845 1653 3900 supra.

1181 3930 1484 3990 CCLXVII.

1068 4031 1139 4072 AD
1169 4034 1608 4080 VERCELLENSES.

1155 4109 1335 4178 (Anno
1367 4113 1518 4184 879.)
1552 4165 1578 4188 ,

535 4187 801 4276 Praecipit
819 4195 884 4246 ut
898 4193 1262 4276 conspertum
1278 4217 1322 4276 Δτι
1343 4217 1401 4255 se
1421 4203 1540 4257 illi:
1560 4187 1886 4276 episcopum
1911 4213 2127 4267 consti-

605 4260 820 4343 t'utu-n'z.
850 4260 1163 4343 recipiam,
1233 4273 1287 4322 et
1333 4287 1576 4343 congruo
1597 4260 1610 4274 ’
1653 4260 1880 4334 Ιιοῆοᾶλέ⁷
1909 4260 2120 4337 ibiibi}.

597 4327 820 4400 Iosephi
849 4327 1126 4391 invaseris
1148 4327 1276 4393 acta
1305 4327 1469 4396 ητιιιῖι
1500 4327 1618 4399 esse
1647 4327 1919 4404 declarat.

1744 243 2040 296 JOANNIS
2089 245 2279 299 PAP/E
2335 247 2468 301 VIII.

2218 373 2540 430 Anostram
2569 374 2920 443 apostolicam
2981 378 3328 450 voluntatem,
3372 383 3692 454 episcopum
3742 385 3896 440 ordi-

3799 269 3897 317 888

2300 474 2433 514 nare
2465 469 2669 516 temere
2697 467 3060 535 praesumpsit.
3107 469 3236 524 ldeo
3293 479 3346 524 et
3399 472 3652 527 eumdem
3707 475 3898 530 archi-

2297 547 2634 621 episcopum,
2655 559 2706 606 et
2729 553 2868 609 hunc
2885 553 3063 625 ipsum
3089 557 3290 628 Joseph
3313 559 3621 616 invasorem
3653 577 3719 618 ac
3748 581 3898 634 prae-

2295 645 2652 708 sumptorem,
2687 656 2794 695 non
2825 641 3106 699 intrantem
3148 662 3248 716 per
3277 648 3478 703 ostium
3501 691 3516 718 ,
3539 651 3638 705 sed
3665 651 3888 710 aliunde

2295 725 2450 796 quasi
2477 725 2650 782 furem
2667 728 3064 800 ingredientem
3095 733 3149 788 in
3179 735 3320 790 ovile
3349 737 3584 806 Domini,
3626 755 3752 795 cum
3785 743 3896 796 vir-

2293 819 2404 868 tute
2435 816 2609 872 sancti
2639 817 2890 888 Spiritus,
2949 829 3003 876 et
3051 824 3369 880 auctoritate
3409 825 3693 883 beatorum
3745 830 3890 886 Petri

2291 917 2357 958 ac
2389 903 2537 958 Pauli
2567 906 2938 976 apostolorum
2966 910 3291 980 principum,
3343 924 3638 988 nostroque
3666 927 3892 988 aposto-

2289 990 2394 1046 lico
2415 991 2618 1060 judicio
2639 1011 2744 1048 una
2774 1011 2898 1050 cum
2927 999 3170 1069 synodali
3214 1010 3358 1056 coetu
3398 1006 3891 1064 reverendissimo-

2289 1095 2407 1134 rum
2431 1081 2830 1152 episcoporum,
2866 1087 3014 1141 omni
3043 1088 3336 1160 episcopali
3365 1093 3574 1149 honore
3628 1095 3888 1152 decrevi-

2286 1184 2407 1222 mus
2429 1185 2552 1224 esse
2583 1171 2824 1241 privatos
2853 1182 2905 1230 et
2929 1174 3136 1232 alienos
3169 1197 3180 1231 :
3217 1187 3402 1235 tamen
3431 1181 3624 1238 intuitu
3665 1185 3885 1241 miseri-

2287 1258 2510 1327 cordize,
2533 1259 2756 1316 decreto
2794 1265 3040 1334 synodali
3083 1267 3388 1334 statuimus,
3443 1271 3555 1339 jam
3577 1271 3742 1327 fatum
3787 1277 3886 1332 Jo-

2285 1346 2438 1414 seph,
2455 1347 2762 1404 invasorem
2775 1351 3036 1408 Ecclesiae
3053 1355 3362 1429 vestrae,[de
3373 1359 3562 1416 ordine
3583 1361 3884 1436 episcopali

2283 1433 2571 1505 dejectum,
2592 1437 2645 1492 in
2677 1439 2909 1510 gradum
2959 1451 3012 1496 et
3049 1445 3293 1500 ordinem
3321 1463 3428 1518 quo
3458 1450 3608 1519 prius
3655 1433 3881 1523 ,exslitit

2280 1523 2592 1580 omnimodo
2623 1529 2839 1582 reverti.
2871 1530 3007 1584 Nam
3055 1547 3177 1586 cum
3234 1537 3527 1604 praedictus
3573 1541 3875 1611 Anspertus

2278 1610 2483 1666 dudum
2496 1614 2915 1671 Mediolanensis
2944 1621 3390 1693 archiepiscOpus
3423 1635 3568 1681 esset
3598 1610 3834 1701 regulari

2279 1703 2358 1748 ter
2385 1699 2896 1764 excommunicatus,
2931 1702 3165 1774 aliquam
3197 1707 3282 1761 vel
3313 1709 3656 1766 minimorum
3673 1699 3740 1768 in
3771 1715 3848 1772 Ec

2279 1783 2445 1838 clesia
2477 1785 2577 1840 Dei
2608 1789 3078 1847 consecrationem
3103 1796 3374 1866 graduum
3395 1797 3572 1854 facere
3593 1801 3739 1856 nullo
3751 1818 3866 1859 mo-

2277 1872 2348 1926 do
2375 1873 2546 1942 potuit
2578 1894 2590 1940 ;
2625 1877 2752 1947 quia
2782 1879 2928 1950 quod
2957 1896 3064 1935 non
3105 1883 3308 1950 habuit,
3342 1886 3476 1942 dare
3506 1888 3744 1958 profecto
3781 1908 3863 1946 ne-

2277 1960 2464 2030 quivit.
2500 1961 2678 2032 Quare
2699 1966 2939 2022 omnium
2969 1978 3210 2026 vestrum
3249 1985 3547 2047 cognoscat
3577 1979 3862 2049 sagacitas,

2276 2057 2328 2102 et
2346 2049 2614 2105 laudanda
2649 2051 2900 2121 ﬁdelitas,
2933 2059 3188 2128 quoniam
3243 2062 3473 2118 dilectus
3513 2081 3577 2121 ac
3609 2067 3863 2137 spiritalis

2273 2135 2412 2191 ﬁlius
2443 2148 2628 2194 noster
2659 2142 3105 2212 Carolomannus,
3137 2149 3406 2218 gloriosus
3436 2169 3531 2208 rex
3561 2154 3715 2210 istius
3758 2160 3862 2214 Ita-

2269 2223 2358 2280 lici
2391 2228 2567 2298 regni,
2605 2229 2782 2299 ipsum
2828 2233 3231 2291 Vercellensem
3271 2240 3658 2312 episcopatum,
3709 2263 3860 2324 more

2269 2329 2668 2384 praecessorum
2699 2335 2920 2375 suorum
2953 2339 3144 2394 regum
3191 2336 3243 2381 et
3279 2328 3687 2400 imperatorum,
3731 2352 3859 2392 con-

2267 2404 2432 2458 cessit
2465 2405 2587 2460 huic
2617 2407 2914 2478 Consperto
2943 2429 3075 2467 vero
3104 2415 3460 2486 nobilissimo,
3506 2425 3857 2491 praesentibus

2265 2491 2448 2546 missis
2477 2496 2698 2562 nostris,
2733 2506 3082 2570 nostramque
3113 2505 3469 2573 apostolicam
3515 2509 3851 2569 clementiam

2265 2578 2376 2632 suis
2405 2588 2456 2634 et
2485 2581 2678 2637 litteris
2707 2585 3034 2656 deprecatus
3065 2598 3120 2644 ut
3150 2607 3271 2646 eum
3329 2596 3482 2650 vobis
3538 2600 3850 2672 episcopum

2263 2681 2732 2726 consecraremus.
2753 2674 2867 2728 Nos
2909 2680 3246 2748 autem,ejus
3292 2684 3548 2752 precibus
3591 2687 3849 2756 inclinati,

2261 2755 2508 2812 nolentes
2537 2776 2635 2814 vos
2664 2761 2756 2815 diu
2788 2763 2904 2818 sine
2931 2767 3135 2836 proprii
3177 2785 3239 2824 ac
3268 2769 3496 2843 legitimi
3553 2791 3676 2831 esse
3719 2795 3850 2835 cura

2259 2846 2512 2912 pastoris,
2547 2848 2689 2904 hunc
2743 2851 2918 2920 ipsum
2962 2864 3161 2912 sanctae
3207 2858 3536 2917 Vercellensi
3590 2865 3851 2924 Ecclesia:

2258 2940 2454 2988 vestrae
2499 2937 2795 3006 apostolica
2851 2941 3107 2997 duntaxat
3165 2949 3481 3004 auctoritate
3537 2953 3850 3026 episcopum

2257 3025 2722 3091 consecravimus,
2748 3028 3107 3102 dedimusque
3136 3035 3289 3090 vobis
3317 3053 3418 3106 pro
3464 3025 3848 3102 invasoreillo

2255 3109 2415 3164 istum
2444 3121 2739 3182 pastorem,
2764 3133 2865 3187 pro
2921 3123 3254 3178 mercenario
3301 3125 3500 3195 ignavo
3559 3133 3845 3200 providum

2253 3199 2383 3252 satis
2425 3209 2715 3269 rectorem,
2748 3205 2840 3276 qui
2879 3207 3085 3263 scilicet
3141 3214 3344 3267 nostris
3383 3231 3480 3270 vos
3531 3199 3844 3288 apostolicis

2251 3285 2507 3342 doctrinis
2543 3291 2873 3360 admonitus,
2941 3298 3099 3367 quasi
3163 3301 3420 3371 populum
3468 3306 3683 3362 Domini
3737 3310 3844 3365 sibi

2245 3555 2677 3611 mansuetudinis
2701 3575 2896 3630 regere
2935 3561 3179 3634 vigilanti
3209 3582 3428 3637 semper
3456 3587 3586 3626 cura
3608 3582 3661 3628 et
3682 3575 3834 3630 solli-

2242 3639 2479 3696 citudine
2507 3643 2740 3700 solerter
2754 3659 3025 3716 procuret.
3062 3650 3236 3719 Quem
3279 3655 3464 3727 itaque
3493 3675 3590 3714 vos
3645 3678 3834 3719 omnes

2241 3743 2350 3782 uno
2367 3738 2490 3784 voto
2536 3739 2588 3786 et
2621 3734 2710 3803 pio
2743 3734 2937 3791 affectu
2982 3741 3132 3809 quasi
3185 3751 3396 3812 patrem
3462 3754 3513 3802 et
3567 3759 3828 3806 rectorem

2239 3811 2542 3868 animarum
2574 3825 2896 3886 vestrarum,
2929 3831 3112 3892 utpote
3145 3811 3450 3882 charissimi
3496 3829 3610 3897 ﬁlii,
3661 3843 3717 3889 ut
3747 3853 3830 3891 re-

2237 3897 2448 3970 cipiatis
2478 3907 2730 3972 praesenti
2759 3916 2960 3965 statuto
2989 3921 3174 3968 nostro
3187 3914 3438 3982 jubemus
3471 3938 3484 3984 ;
3518 3929 3568 3974 et
3616 3922 3822 3992 abjecto

2235 4003 2298 4043 ac
2329 3991 2614 4060 reprobato
2639 3997 2948 4065 supradicto
2977 4000 3246 4069 invasore,
3282 4005 3443 4070 hunc,
3477 4025 3638 4078 quem
3681 3991 3823 4068 ordi-

2234 4077 2481 4132 navimus
2515 4081 2688 4148 vobis,
2725 4085 2976 4142 habetote
3031 4090 3365 4162 episcopum.
3425 4077 3562 4150 Nam
3618 4115 3816 4172 magna

2231 4181 2327 4220 vos
2347 4167 2507 4222 laude
2537 4169 2734 4241 dignos
2766 4173 2879 4229 fore
2911 4177 3186 4248 videmini,
3218 4183 3362 4252 quod
3403 4184 3470 4238 de
3504 4186 3641 4242 beati
3684 4167 3820 4244 P'etri

2229 4255 2460 4324 apostoli
2489 4262 2902 4318 consecratione
2922 4267 3198 4322 meruistis
3251 4271 3449 4326 habere
3479 4275 3769 4332 antistitem
3801 4297 3816 4331 :

2227 4349 2279 4396 et
2309 4343 2412 4398 hoc
2439 4345 2494 4398 in
2525 4359 2875 4420 augmentum
2905 4353 3129 4410 honoris
3175 4357 3439 4416 Ecclesim
3471 4362 3818 4420 Vircellensis

593 4411 858 4471 Omnibus
887 4423 1242 4493 presbyteris,
1264 4426 1599 4495 diaconibus,
1621 4434 2048 4493 subdiaconibus
2063 4449 2114 4495 et
2143 4430 2151 4488 Ι

2252 4429 2336 4485 ine
2365 4433 2528 4488 dubio
2575 4439 2874 4506 proveniet,
2945 4442 2990 4496 si
3021 4459 3118 4498 vos
3147 4445 3340 4501 devota
3387 4459 3567 4506 mente
3615 4455 3816 4509 nostris

519 4503 667 4556 omni
723 4503 872 4560 clero
919 4522 986 4563 ac
1042 4510 1306 4579 primatis,
1367 4517 1624 4588 omnique
1669 4523 1867 4592 populo
1900 4526 2119 4583 Vercel-

517 4586 676 4644 lensi.

593 4677 688 4731 His
719 4683 922 4737 nostris
949 4687 1264 4754 apostolicis
1293 4689 1482 4746 litteris
1501 4694 1655 4750 vobis
1684 4701 1965 4772 cognitum
1985 4701 2112 4759 faci-

514 4778 636 4817 mus
668 4768 792 4838 quia
823 4772 1153 4842 Anspertum
1191 4776 1394 4832 dudum
1411 4768 1883 4857 archiepiscopum
1913 4789 2114 4847 Medio-

508 4848 788 4910 lanensem
812 4873 914 4928 pro
945 4860 1058 4914 suis
1088 4862 1274 4918 multis
1297 4848 1810 4941 praesumptionibus
1837 4883 1890 4931 et
1919 4879 2104 4951 negli-

511 4939 714 5007 gentiis
737 4943 848 5011 jam
867 4944 993 5000 olim
1025 4964 1134 5004 una
1163 4966 1288 5006 cum
1318 4965 1504 5012 sancta
1533 4939 1745 5030 synodo
1775 4979 1933 5020 sacra
1963 4939 2111 5022 com-

509 5027 764 5084 munione
790 5032 1126 5101 privavimus
1161 5057 1174 5103 ;
1207 5041 1307 5095 sed
1336 5042 1454 5114 ipse
1479 5027 1666 5102 contra
1707 5053 1969 5108 canonica
1991 5064 2106 5111 sta-

497 5119 615 5169 tuta
647 5123 700 5169 et
746 5129 940 5174 contra
971 5133 1215 5181 nostrum
1263 5133 1624 5200 apostolicum
1673 5140 2104 5214 synodicumque

487 5200 752 5290 judicium
809 5223 1000 5280 agens,
1032 5221 1157 5269 ante
1212 5218 1558 5290 audientiam,
1600 5233 1652 5278 et
1701 5200 2098 5287 absolutionem

493 5289 852 5350 ministerium
881 5313 1095 5355 sacrum
1126 5317 1294 5374 agere
1323 5315 1489 5379 atque
1505 5289 1685 5368 adhuc
1715 5321 2095 5374 excommuni-

497 5386 654 5432 catus
683 5380 736 5436 in
764 5383 867 5438 hac
899 5385 1228 5447 Vercellensi
1259 5393 1509 5452 Ecclesia
1551 5408 1751 5469 vestra,
1806 5408 2097 5476 quemdam

485 5465 658 5522 virum
685 5469 889 5546 Joseph
922 5477 1160 5548 nomine,
1184 5487 1243 5534 ut
1269 5483 1544 5553 audimus,
1569 5498 1757 5546 contra
1791 5465 1998 5565 regiam
2038 5507 2095 5551 et

2219 4518 2604 4592 obtemperatis
2647 4529 2956 4598 praaceptis.
2987 4532 3100 4586 Nos
3117 4535 3536 4600 enim,vestram
3586 4543 3806 4611 cupien-

2217 4615 2300 4662 tes
2321 4610 2570 4676 salutem,
2603 4613 2726 4668 ideo
2756 4632 3038 4673 monemus
3060 4629 3115 4674 ut
3133 4632 3312 4679 mente
3343 4634 3390 4680 et
3423 4610 3810 4698 corporexsalvi

2216 4711 2337 4752 esse
2367 4701 2884 4768 possitis.Jubemus
2904 4708 3068 4763 etiam
3115 4727 3306 4766 omnes
3361 4717 3678 4786 scripturas,
3725 4721 3810 4774 vel

2213 4783 2458 4842 dationes
2487 4790 2852 4864 cujuscunque
2875 4797 3094 4863 tenoris,
3121 4817 3255 4870 quas
3273 4801 3400 4857 fecit
3431 4783 3498 4859 de
3536 4806 3801 4876 plebibus,

2211 4875 2485 4930 casalibus
2515 4885 2567 4932 et
2597 4879 2738 4934 villis
2768 4882 2938 4952 ipsius
2969 4887 3229 4944 Ecclesia:
3273 4875 3649 4961 Vercellensis,
3696 4896 3806 4950 nul-

2209 4960 2318 5016 lam
2352 4963 2552 5019 habere
2581 4965 2890 5025 ﬁrmitatem
2923 4991 2936 5038 ;
2971 4975 3068 5028 sed
3116 4977 3298 5032 omnia
3347 4996 3467 5050 quae
3511 4981 3636 5038 fecit
3681 5001 3801 5040 esse

2200 5049 2510 5117 judicamus
2541 5070 2712 5112 vacua
2739 5067 2789 5113 et
2829 5059 3028 5126 inania,
3062 5065 3186 5134 quia
3243 5066 3516 5136 legitimus
3545 5069 3662 5141 ipse
3692 5089 3798 5127 non

2203 5136 2302 5191 fuit
2333 5139 2638 5212 episcopus,
2677 5154 2726 5198 et
2768 5147 2891 5202 ideo
2918 5151 3196 5221 quippiam
3239 5155 3372 5210 dare
3399 5173 3519 5225 lnon
3564 5136 3747 5228 ‘potuit
3781 5180 3793 5214 :

2204 5241 2329 5279 eum
2360 5244 2490 5282 vero
2529 5232 2619 5302 qui
2650 5249 2716 5287 ex
2746 5235 2830 5288 his
2858 5254 2980 5308 quae
3011 5239 3134 5294 fecit
3184 5241 3382 5313 aliquid
3415 5243 3628 5300 ﬁrmum
3681 5265 3799 5304 esse

2201 5313 2414 5382 dixerit,
2449 5320 2675 5376 Ananim
2705 5332 2761 5376 et
2793 5325 3075 5396 Sapphirae
3103 5332 3444 5388 anathemate
3501 5333 3797 5391 feriendum

2199 5400 2317 5457 fore
2347 5420 2654 5462 oensemus.
2691 5411 2825 5465 Nam
2857 5413 2901 5466 si
2932 5416 3214 5484 cujuslibet
3272 5422 3500 5478 consilio
3548 5425 3631 5478 vel
3671 5426 3796 5481 hor—

2197 5505 2310 5554 tatu
2339 5502 2495 5558 aliter
2525 5504 2723 5566 facere.
2757 5527 2864 5565 non
2895 5512 2964 5566 de
2991 5517 3242 5583 praesenti
3272 5517 3448 5588 ipsum
3478 5520 3782 5578 invasorem
