4160 6314
309 304 411 356 889

1374 295 1730 352 EPISTOLE
1788 295 1873 348 ET
1929 293 2275 350 DECRETA.

3504 289 3606 344 890

261 476 278 482 -
300 422 542 495 alijicere
571 413 906 490 studueritis,
931 431 1091 494 atque
1119 423 1260 476 hunc
1291 437 1454 494 quem
1480 436 1581 476 nos
1610 433 1902 476 consecra—
1929 423 1986 483 Α
2006 417 2260 474 deramus
2286 417 2592 489 perducere
2627 435 2640 472 :
2675 418 2719 471 si
2749 427 2929 472 tamen
2963 417 3118 472 bonis
3147 416 3406 488 operibus
3438 413 3604 470 dediti

303 513 482 570 vimus
512 513 688 579 vobis,
721 511 888 569 alacri
920 527 1046 568 cum
1075 511 1354 566 voluntate
1401 527 1513 566 non
1559 507 1898 580 receperitis,

301 602 452 657 omni
472 601 839 658 ecclesiastica
875 616 974 656 vos
1017 599 1398 656 communione
1439 597 1772 671 privabimus
1813 596 1903 651 di-

300 707 520 765 gnoque
549 692 891 746 anathemate
920 688 1198 745 feriemus.
1234 690 1367 745 Data
1396 691 1463 746 ut
1491 703 1684 760 supra.

938 832 1265 889 CCLXVIII.

493 938 564 977 AD
602 937 899 978 NOTINGUM
939 935 1340 976 ΝονΑιιιΕΝεειιι
1377 934 1708 976 ΕΡῘΒΟΟΡΠΠ.

925 1011 1107 1082 (Anno
1139 1009 1289 1077 8'79.)

312 1101 495 1158 Monet
523 1104 588 1155 ut
619 1115 706 1154 res
743 1099 1100 1170 Angelbergte
1115 1097 1524 1164 restituat;sin
1567 1099 1777 1170 minus,
1811 1095 1906 1150 de-

375 1173 615 1226 nuntiat.
675 1171 770 1226 illi
826 1168 1474 1226 excommunicationem
1499 1209 1512 1235 ,
1572 1168 1689 1223 nisi
1743 1169 1904 1222 intra

375 1242 511 1298 duos
539 1257 760 1296 menses
788 1241 862 1296 ad
888 1241 1232 1296 reddendam
1260 1239 1326 1295 de
1358 1240 1445 1295 his
1475 1241 1758 1294 rationem
1807 1239 1907 1294 Ro-

375 1329 532 1368 mam
565 1314 775 1368 veniat.

375 1419 636 1474 NOTINGO
665 1419 986 1476 Novariensi
1017 1419 1296 1490 episcopo.

377 1507 696 1563 Audivimus
726 1515 778 1564 te
806 1523 896 1562 res
925 1507 1185 1578 spiritalis
1214 1506 1340 1562 ﬁliae
1367 1513 1565 1561 nostra:
1595 1504 1904 1578 Angelber-

227 1603 246 1620 ‘
305 1613 391 1671 gae
425 1599 680 1668 Augustae
709 1595 910 1666 injuste
939 1604 1146 1663 tenere,
1197 1611 1335 1667 quas
1377 1594 1650 1660 volumus,
1681 1601 1737 1649 et
1767 1607 1904 1665 apo-

309 1685 501 1741 stolica
532 1685 848 1740 auctoritate
892 1684 1254 1756 praecipimus,
1288 1692 1346 1738 ut
1374 1682 1630 1740 continuo
1673 1681 1906 1737 reddere

2003 515 2192 562 nostra
2221 505 2438 572 solatia,
2470 505 2828 576 voluntatem,
2869 507 3169 576 jussionem
3199 513 3253 560 et
3275 503 3609 560 admonitio-

2002 610 2128 650 nem
2160 595 2477 650 studueritis
2506 593 2794 666 perficere,
2827 603 2881 650 et
2908 594 2962 648 in
2991 593 3085 649 tali
3113 593 3314 666 placito
3353 591 3610 664 nequitiae

2004 683 2445 755 contempseritis
2501 699 2744 739 manere.
2805 682 3072 754 Optamus
3121 697 3220 738 vos
3277 681 3333 736 in
3391 679 3607 736 Christo

2002 771 2144 828 bene
2187 772 2390 828 valere.
2438 771 2539 827 Die
2592 773 2662 828 24
2719 771 2925 828 mensis
2981 769 3255 836 Octobris,
3314 767 3608 825 indictione

2004 874 2109 915 XIII
2115 903 2126 914 .

2683 933 2942 989 CCLXX.

2289 1037 2361 1078 AD
2392 1037 2728 1078 ηειιιοιΝυι
2759 1035 3068 1076 ΕΡΙΒΟΟΡΙῙΠ
3099 1033 3454 1074 νελνκιςκεειι.

2625 1111 2808 1178 (Anno
2836 1109 2986 1180 8'19.)

2004 1197 2206 1270 Arguit
2234 1199 2376 1271 quod
2401 1199 2478 1271 ad
2497 1198 2773 1271 synodum
2801 1215 2918 1254 non
2945 1199 3250 1255 accesth
3272 1217 3290 1264 ;
3301 1197 3466 1271 jubet
3483 1199 3612 1271 _sta_-

2078 1267 2205 1324 tuta
2233 1267 2322 1324 die
2343 1268 2415 1324 ad
2438 1285 2498 1325 se
2526 1267 2736 1337 uenire,
2769 1273 2826 1325 et
2843 1271 3081 1325 interim
3111 1267 3410 1342 quemdam
3437 1267 3614 1324 absol-

2081 1355 2222 1405 vere,
2256 1355 2418 1413 quem
2448 1341 2663 1412 injuste
2691 1341 3304 1398 excommunicaverat.

2081 1426 2557 1484 Reverendissimo
2577 1436 2629 1484 et
2658 1428 3003 1485 sanctissimo
3024 1429 3322 1484 HELMOINO
3351 1425 3613 1498 episcopo

2004 1515 2293 1571 Pennensi.

2076 1603 2387 1660 Secundum
2431 1621 2620 1663 sacros
2663 1606 3054 1662 venerabilium
3105 1607 3320 1660 Patrum
3368 1619 3609 1680 canones

2006 1691 2206 1764 Spiritu
2262 1694 2362 1748 Dei
2419 1695 2687 1759 conditos,
2746 1703 2799 1750 et
2845 1695 3007 1750 totius
3061 1695 3248 1749 mundi
3304 1691 3611 1750 reverentia

307 1773 528 1829 studeas
575 1782 674 1828 :et
721 1773 866 1845 quod
896 1773 991 1827 tibi
1039 1773 1276 1828 retinere
1322 1772 1527 1827 debere
1576 1771 1725 1826 nulla
1785 1770 1908 1842 lege

2009 1790 2378 1848 consecratos,
2411 1799 2512 1854 pro
2541 1783 2932 1840 ecclesiasticis
2963 1783 3220 1839 duntaxat
3266 1781 3612 1838 necessitati-

307 1862 638 1927 conceditur,
693 1861 792 1915 sub
833 1861 981 1916 omni
1030 1861 1307 1917 celeritate
1355 1859 1610 1925 dimittas,
1643 1866 1699 1913 ut
1731 1859 1780 1914 ei
1823 1859 1909 1914 cui

307 1949 582 2020 pertinere
630 1950 864 2018 videtur,
896 1951 982 2004 his
1010 1948 1214 2021 perfrui
1244 1948 1420 2005 modis
1450 1947 1700 2004 omnibus
1727 1947 1907 2003 liceat.

308 2039 449 2093 Nam
495 2039 539 2093 si
584 2039 840 2094 continuo
881 2038 1136 2108 praelatas
1164 2055 1256 2093 res
1286 2053 1394 2093 non
1433 2035 1754 2104 reddideris,
1787 2053 1911 2092 mo-

308 2121 524 2192 nemus,
559 2136 610 2182 et
641 2127 941 2198 apostolica
977 2127 1292 2182 auctoritate
1334 2125 1702 2197 praecipimus,
1737 2134 1792 2179 ut
1823 2125 1911 2180 in-

308 2223 392 2270 tra
422 2215 655 2286 spatium
684 2216 915 2270 duorum
945 2216 1214 2271 mensium
1234 2215 1464 2270 Romam
1484 2213 1554 2268 ad
1574 2213 1912 2268 reddendam

311 2320 411 2375 pro
438 2304 523 2358 his
552 2304 816 2359 rationem
837 2319 1113 2373 occurras,
1137 2313 1192 2360 et
1210 2319 1392 2361 coram
1421 2302 1580 2358 nobis
1609 2318 1912 2374 congruam

306 2391 731 2448 satisfactionem
761 2393 1018 2448 exhibeas
1050 2411 1063 2446 :
1096 2393 1338 2464 alioquin
1369 2392 1551 2446 tandiu
1595 2407 1910 2448 excommu—

309 2481 524 2537 nicatus
553 2482 756 2536 existas
807 2482 1044 2553 quandiu
1092 2481 1216 2538 huic
1259 2489 1461 2537 nostra
1505 2481 1912 2537 commonitioni

308 2569 729 2640 obtemperans,
778 2571 892 2626 haec
935 2586 1055 2642 quae
1100 2570 1380 2625 statuimus
1432 2570 1730 2642 adimplere
1777 2585 1911 2641 pro-

306 2673 486 2714 cures.
539 2660 676 2714 Dala
726 2673 825 2713 xxv
874 2659 1144 2713 Kalendas
1191 2659 1552 2722 Novembris,
1618 2658 1913 2714 indictione

305 2761 433 2801 XIII.

973 2836 1254 2891 CCLXIX.

798 2939 878 2978 AD
918 2938 1419 2980 AIALFITANOS.

915 3015 1096 3084 (Anno
1161 3015 1310 3083 879.)

314 3101 614 3174 Signiﬁcat
641 3117 701 3156 se
731 3117 820 3157 eos
849 3103 1376 3158 excommunieasse
1405 3101 1576 3158 donec
1605 3117 1664 3157 se
1688 3119 1722 3157 a
1741 3119 1916 3174 paga-

382 3173 475 3226 nis
515 3176 814 3243 separent;
864 3174 1125 3228 minatur
1173 3173 1290 3229 iiiis
1338 3174 1484 3228 alias
1533 3173 1755 3245 paenas,
1794 3174 1914 3228 nisi

381 3245 804 3315 quamprimum
837 3247 1100 3316 pareant.

385 3348 859 3404 Reverendissimo
905 3358 960 3404 et
1007 3349 1349 3405 sanctissimo
1396 3350 1582 3404 Ριςτιιο
1627 3349 1914 3422 episcopo,

312 3451 411 3492 seu
467 3438 725 3491 PULCARI'
759 3437 1136 3508 praefectorio,
1193 3447 1356 3510 atque
1404 3439 1664 3494 universo
1714 3439 1915 3510 populo

313 3523 656 3580 Amalfitano.
1469 3590 1478 3598 ,

385 3615 585 3669 Notum
615 3631 736 3670 esse
767 3615 1018 3670 volumus
1057 3615 1332 3672 dilectioni
1365 3624 1416 3671 et
1446 3615 1788 3672 unanimitati
1815 3632 1914 3671 ve-

310 3711 438 3759 strm
467 3703 592 3775 quia
621 3713 808 3759 contra
835 3704 1020 3759 divina
1049 3713 1268 3771 statuta,
1312 3714 1366 3760 et
1394 3713 1583 3761 nostra
1612 3705 1915 3777 apostolica

317 3791 539 3860 monita,
575 3792 768 3863 quibus
799 3809 896 3848 vos
936 3792 1250 3865 frequenter
1289 3794 1618 3858 monuimus,
1651 3802 1705 3850 et
1733 3811 1798 3850 ex
1821 3810 1918 3848 au-

311 3881 566 3936 ctoritate
614 3881 713 3936 Dei
771 3889 823 3936 et
882 3890 1188 3938 sanctorum
1243 3884 1616 3954 apostolorum
1664 3885 1808 3941 Petri
1851 3903 1914 3944 ac

315 3968 488 4035 Pauli,
533 3969 892 4040 praecepimus
922 3978 979 4024 ut
1006 3971 1211 4024 nullum
1241 3987 1360 4027 cum
1405 3973 1570 4044 impia
1615 3973 1914 4032 Saraceno-

312 4073 432 4112 rum
461 4065 624 4130 gente
660 4067 876 4128 pactum
903 4059 1200 4126 haberetis,
1225 4060 1577 4133 habitumque
1597 4063 1912 4120 omnimodo

313 4146 654 4218 rumperetis,
685 4147 740 4202 in
782 4147 874 4201 tali
917 4149 1140 4215 scelere,
1175 4157 1228 4204 et
1257 4149 1311 4203 in
1341 4150 1617 4206 consortio
1662 4151 1914 4208 inimico-

312 4251 434 4289 rum
464 4235 563 4290 Dei
592 4252 810 4291 manere
838 4253 950 4292 non
981 4236 1280 4292 formidatis
1312 4255 1326 4292 :
1359 4237 1554 4294 virtute
1585 4239 1756 4296 sancti
1785 4240 1913 4312 Spi-

309 4323 468 4391 ritus,
502 4332 552 4378 et
579 4324 891 4380 auctoritate
934 4326 1106 4380 sancti
1154 4327 1316 4392 Petri,
1348 4327 1435 4382 cui
1486 4327 1693 4400 ligandi
1723 4337 1776 4384 et
1804 4329 1913 4385 sol-

314 4412 478 4468 vendi
505 4412 562 4466 in
590 4413 729 4469 caelo
759 4422 810 4469 et
837 4415 892 4468 in
921 4423 1066 4469 terra
1096 4430 1128 4468 a
1155 4415 1388 4470 Domino
1419 4424 1502 4470 est
1530 4432 1793 4472 concessa
1822 4433 1916 4488 po-

312 4509 480 4556 testas
508 4502 727 4571 (Matth.
762 4507 904 4574 xvt),
937 4503 1084 4558 omni
1111 4519 1268 4560 sacra
1297 4505 1698 4570 communione,
1729 4494 1986 4563 sanctoD

315 4590 567 4646 videlicet
609 4607 844 4662 corpore
887 4601 941 4647 et
988 4593 1252 4664 sanguine
1301 4593 1520 4649 Domini
1568 4595 1740 4650 nostri
1785 4593 1915 4652 Iesu

317 4679 534 4745 Christi,
568 4695 666 4735 vos
704 4695 811 4736 una
853 4697 975 4735 cum
1023 4681 1186 4737 totius
1234 4683 1546 4753 apostolicae
1592 4683 1740 4739 sedis
1785 4701 1916 4740 con-

317 4783 482 4822 sensu
511 4769 864 4838 privavimus,
896 4778 948 4824 et
977 4771 1045 4825 ab
1076 4771 1338 4827 Ecclesiae
1359 4773 1458 4828 Dei
1479 4773 1737 4829 societate
1759 4790 1913 4845 sepa-

314 4857 574 4926 ravimus,
606 4866 662 4911 ut
692 4857 745 4912 in
783 4859 976 4914 eadem
1024 4859 1581 4916 excommunicatione
1623 4863 1910 4930 maneatis,

315 4943 491 5001 donec
519 4947 900 5018 resipiscentes
929 4947 998 5002 ab
1037 4948 1203 5018 impia
1231 4964 1330 5004 vos
1369 4965 1704 5020 paganorum
1733 4951 1916 5022 praeda

317 5035 619 5104 separetis;
648 5043 698 5089 et
727 5035 831 5088 nisi
859 5051 999 5106 puro
1030 5037 1194 5092 corde
1220 5045 1273 5092 et
1297 5037 1493 5092 devota
1524 5039 1800 5094 voluntate
1831 5039 1914 5094 ci-

315 5121 420 5176 tius
451 5121 660 5178 fueritis
688 5125 936 5180 conversi
965 5126 1035 5179 ad
1063 5126 1329 5198 gremium
1374 5135 1573 5182 sanctae
1601 5127 1792 5182 matris
1821 5145 1914 5184 ve-

315 5217 440 5266 strae
468 5211 727 5268 Romanae
751 5212 1032 5280 Ecclesiae,
1056 5214 1278 5282 majoris
1309 5215 1670 5271 damnationis
1699 5225 1917 5272 senten-

311 5299 382 5352 tia
417 5316 516 5354 vos
544 5300 734 5370 procul
765 5301 931 5356 dubio
962 5301 1239 5358 feriemus.
1275 5303 1518 5358 Vestram
1549 5303 1784 5376 denique
1813 5322 1915 5362 nos

318 5387 549 5444 salutem
593 5389 912 5460 qutﬁrimus,
963 5398 1174 5446 vestras
1224 5391 1470 5462 cupimus
1518 5391 1571 5445 in
1621 5402 1914 5465 conspectu

317 5476 533 5532 Domini
581 5477 792 5532 animas
839 5479 1139 5549 apostolica
1203 5479 1540 5552 benignitate
1587 5481 1812 5549 salvere,
1861 5491 1914 5538 et

317 5564 474 5635 quasi
505 5580 635 5620 oves
665 5566 970 5622 dominicas
999 5568 1069 5623 ad
1097 5583 1298 5639 pascua
1319 5568 1508 5624 salutis
1537 5577 1754 5624 eterna;
1777 5570 1914 5626 desi-

2012 1869 2114 1924 bus
2141 1878 2302 1942 atque
2331 1871 2650 1926 utilitatibus
2670 1874 2739 1927 ad
2770 1889 2886 1943 eas,
2917 1887 3056 1945 quas
3072 1888 3246 1943 nuper
3273 1870 3484 1926 statutis
3503 1869 3615 1926 die-

2013 1957 2116 2013 bus
2143 1959 2566 2027 celebravimus,
2600 1961 2861 2032 synodos,
2892 1961 3076 2015 missis
3105 1977 3170 2016 ex
3198 1975 3350 2016 more
3379 1957 3612 2016 auctori-

2011 2047 2137 2101 tatis
2166 2056 2365 2104 nostra:
2393 2049 2602 2115 litteris,
2655 2048 3053 2106 fraternitatem
3083 2057 3227 2104 tuam
3277 2048 3483 2104 debere
3510 2063 3612 2104 oc-

2012 2150 2235 2192 currere
2281 2137 2460 2192 modis
2489 2138 2740 2193 omnibus
2777 2139 3118 2195 decrevimus
3153 2156 3166 2194 :
3201 2137 3298 2193 sed
3329 2136 3474 2209 quia,
3505 2151 3614 2192 cae-

2013 2225 2143 2279 teris
2179 2224 2374 2280 devote
2421 2225 2582 2282 valde
2630 2227 2992 2296 venientibus,
3023 2235 3075 2283 te
3104 2227 3324 2281 minime
3374 2224 3610 2296 venisse,

2011 2328 2190 2384 neque
2233 2314 2636 2371 excusationem
2680 2323 2829 2372 tuam
2859 2316 2914 2370 in
2943 2315 3200 2372 tractoria
3246 2314 3480 2388 regulari
3529 2322 3614 2370 te-

2011 2417 2142 2458 nore
2171 2403 2533 2474 conscriptam
2565 2405 2722 2459 nobis
2751 2413 2804 2460 et
2833 2413 3036 2461 sancta)
3066 2405 3295 2476 synodo,
3329 2419 3496 2460 causa
3523 2402 3609 2457 vi-

2011 2489 2208 2547 delicet
2246 2492 2560 2546 temeritatis
2589 2500 2642 2548 et
2679 2493 3078 2560 inobedientim,
3110 2492 3346 2548 utetiam
3389 2491 3613 2547 eviden-

2013 2586 2097 2634 ter
2124 2588 2370 2651 apparet,
2404 2597 2511 2636 non
2543 2581 2805 2637 direxisse
2841 2582 3228 2654 comperimus,
3262 2597 3332 2637 ne
3363 2580 3612 2637 dilectio-

2014 2684 2141 2723 nem
2169 2677 2317 2724 tuam
2341 2669 2410 2724 de
2443 2670 2544 2725 hoc
2572 2670 2932 2727 indiscussam
2951 2670 3280 2743 praeteriisse
3308 2670 3610 2736 videamur,

2013 2757 2116 2812 hoc
2146 2765 2335 2812 nostro
2375 2758 2707 2830 apostolatus
2755 2767 2954 2814 statuto
2993 2759 3270 2829 jubemus,
3321 2774 3444 2814 eam
3472 2757 3618 2813 infra

2013 2853 2266 2902 octavum
2297 2845 2441 2902 diem
2476 2847 2797 2903 Decembris
2849 2848 3072 2917 mensis,
3109 2848 3226 2904 sine
3254 2847 3432 2920 aliqua
3462 2861 3615 2902 mora

1916 2971 1929 2985 .
2014 2934 2102 2990 vel
2128 2934 2477 3006 ambiguitate
2509 2936 2579 2991 ad
2607 2951 2708 2992 nos
2753 2936 2955 2993 debere
2984 2937 3169 2992 venire
3217 2936 3526 3008 nostrisque
3553 2950 3614 2990 se

2015 3023 2291 3078 obtutibus
2335 3033 2686 3094 praesentare.
2745 3027 2882 3080 Nam
2911 3033 2964 3080 et
2992 3025 3282 3081 Oteramus
3329 3024 3473 3079 filius
3521 3023 3615 3095 qui

1935 3139 1985 3202 Ο
2013 3109 2076 3184 [Γ.
2110 3111 2407 3185 quondam]
2439 3109 2658 3168 Corvini
2687 3130 2810 3168 cum
2840 3113 2963 3168 aliis
2994 3113 3107 3168 suis
3137 3113 3474 3178 concivibus,
3507 3127 3612 3168 no-

2015 3200 2141 3254 stris
2169 3201 2503 3272 apostolicis,
2527 3217 2710 3257 coram
2741 3201 3038 3258 venerabili
3057 3197 3442 3274 episcbporum
3471 3208 3615 3256 ccetu

2016 3304 2183 3360 super
2210 3297 2264 3345 te
2289 3298 2514 3361 questus
2561 3299 2662 3358 est,
2710 3291 2954 3360 auribus,
3007 3291 3152 3364 quod
3195 3292 3324 3346 dum
3354 3299 3466 3345 ate
3497 3289 3615 3362 ipse

2013 3377 2288 3448 impetitus
2336 3379 2706 3462 ecclesiastice
2734 3379 2804 3436 de
2837 3380 3260 3452 contemptione,
3307 3387 3428 3452 post
3467 3395 3614 3452 prae-

2015 3467 2142 3521 stito
2189 3477 2548 3538 sacramento,
2582 3485 2642 3524 se
2667 3485 2792 3525 cum
2823 3469 2937 3524 suis
2983 3468 3429 3525 sacramentariis
3474 3484 3613 3540 pur-

2015 3565 2219 3628 gasset,
2280 3565 2373 3612 tua
2431 3573 2554 3613 eum
2611 3557 2934 3628 fraternitas,
2991 3559 3131 3614 sicut
3187 3557 3465 3630 professus
3505 3566 3609 3622 est,

2015 3645 2172 3716 quasi
2200 3645 2475 3716 perjurum
2510 3647 3096 3714 excommunicaverit;
3128 3647 3322 3720 regula
3349 3645 3615 3703 canonica

2013 3733 2360 3805 praecipiente
2390 3735 2536 3808 quod
2578 3737 2719 3792 hanc
2767 3737 3056 3808 episcopus
3103 3736 3207 3791 sibi
3249 3736 3619 3810 cognitionem

2014 3821 2164 3878 nullo
2192 3823 2356 3878 modo
2384 3823 2582 3880 debeat
2611 3825 2906 3893 vindicare,
2937 3825 3276 3898 Dominoque
3306 3825 3520 3882 dicente
3548 3824 3618 3880 ad

2016 3913 2261 3984 Moysen,
2285 3913 2352 3966 ad
2382 3913 2542 3969 unius
2575 3915 2936 3970 testimonium
2958 3915 3232 3970 neminem
3264 3913 3617 3971 condemnari

2018 4009 2289 4071 oportere.
2322 4001 2480 4070 Quod
2513 4002 2558 4057 si
2582 4002 2654 4058 ita
2681 4011 2784 4069 est,
2819 4003 2948 4074 quia
2977 4012 3182 4059 temere
3212 4002 3364 4057 illum
3395 4017 3615 4058 excom-

2017 4088 2300 4144 municare
2329 4106 2438 4145 non
2468 4091 2722 4154 debuisti,
2753 4091 3100 4162 praecipimus
3127 4100 3184 4146 ut
3213 4107 3337 4146 eum
3365 4089 3434 4146 de
3463 4107 3612 4162 prae-

2015 4177 2156 4232 senti
2183 4177 2438 4232 absolvas
2486 4187 2700 4251 tuaeque
2729 4181 3096 4236 communioni
3129 4180 3377 4234 restituas
3407 4197 3420 4234 :
3452 4195 3614 4234 nam-

2015 4265 2061 4319 si
2091 4281 2228 4320 ausu
2256 4265 2505 4338 improbo
2534 4267 2690 4323 aliter
2720 4267 2936 4334 feceris,
2968 4284 3078 4324 non
3105 4267 3326 4341 quidem
3355 4284 3481 4322 eum
3508 4283 3612 4323 au-

2014 4355 2266 4410 ctoritate
2309 4355 2605 4426 apostolica
2659 4357 2851 4436 procul
2903 4357 3068 4412 dubio
3125 4356 3434 4412 absolutum
3491 4373 3614 4412 esse

2007 4443 2282 4512 jubemus.
2335 4444 2404 4498 Et
2433 4444 2479 4499 si
2517 4446 2656 4500 hanc
2691 4446 2991 4515 jussibnem
3035 4455 3280 4502 nostram
3324 4444 3613 4517 parvipen-

2203 4533 2498 4590 temerario
2526 4550 2658 4589 ausu
2683 4535 2985 4606 praesentiae
3025 4543 3224 4591 nostrae
3251 4535 3446 4590 adesse
3475 4549 3613 4590 con-

2013 4623 2325 4696 tempseris,
2359 4623 2734 4680 ecclesiastica
2762 4633 2814 4680 te
2845 4625 3225 4681 communione
3253 4623 3396 4678 velut
3426 4623 3614 4678 inobe-

2013 4709 2252 4766 dientem
2281 4727 2404 4766 esse
2433 4713 2650 4768 noveris
2688 4713 3028 4785 privandum,
3061 4728 3345 4785 quousque
3377 4727 3475 4784 pro
3505 4711 3613 4768 tuis

2015 4799 2366 4872 negligentiis
2417 4801 2638 4874 dignam
2699 4802 2921 4858 veniens
2977 4802 3135 4857 nobis
3190 4799 3615 4858 satisfactionem

2015 4888 2288 4942 humiliter
2315 4887 2535 4944 feceris.
2570 4891 2704 4946 Data
2734 4907 2829 4946 xm
2859 4891 3134 4947 Kalendas
3163 4889 3502 4946 Decembris.

2669 4980 2952 5035 CCLXXI.

2371 5081 2443 5120 AD
2484 5083 2701 5123 PAULUM
2738 5084 3068 5126 EPISCOPUN.

2633 5159 2812 5226 (Anno
2853 5157 3002 5229 879.)

2013 5245 2175 5332 lueet
2208 5245 2519 5332 ecclesiam
2540 5246 2612 5332 ‘in
2652 5247 2790 5301 villa
2840 5249 3102 5332 garPana
3147 5251 3321 5306 sitam
3359 5253 3607 5332 restitui,

2084 5315 2268 5387 ibique
2298 5316 2646 5372 sacerdotem
2691 5315 2984 5385 constitui,
3020 5325 3079 5375 et
3105 5337 3334 5378 sacrum
3363 5315 3613 5378 chrisma

2083 5388 2388 5442 annuatim
2418 5389 2481 5442 in
2511 5388 2766 5443 eamdem
2794 5393 2972 5446 mitti.

2085 5473 2570 5531 Reverendissimo
2607 5485 2658 5531 et
2708 5479 3054 5534 sanctissimo
3115 5482 3298 5536 ΡΑυιο
3353 5481 3612 5552 episcopo

2013 5569 2210 5645 sanctae
2240 5561 2500 5618 Ecclesiae
2527 5564 2835 5636 Regiensis.
