4160 6316
1772 254 2069 313 JOANNIS
2124 252 2315 313 ΡΔΡΑΞ
2375 255 2513 311 VIII.

3764 264 3867 317 893

633 377 921 436 Dilectioni
950 387 1055 434 tum
1095 379 1419 436 venerandis
1460 388 1773 439 sanctorum
1817 380 2040 437 Patrum
2065 393 2162 435 re—
2192 379 2248 443 Α
2271 387 2376 447 rat,
2409 395 2518 436 non
2546 388 2628 436 est
2652 381 2900 454 cogenda
2932 400 2946 436 :
2979 390 3163 439 tamen
3193 383 3461 439 sanctitati
3488 390 3686 443 vestrae
3714 399 3869 441 com-

559 465 703 539 gulis
732 467 941 524 edoctae
964 469 1308 539 mandamus,
1335 477 1498 540 atque
1526 468 1613 524 bis
1640 468 1966 541 praesulatus
1992 467 2166 525 nostri

559 555 755 613 litteris
795 556 1070 627 jubemus,
1102 565 1160 614 ut
1189 557 1478 615 ecclesiam
1521 558 1622 615 Dei
1663 558 1901 630 positam
1935 558 1993 613 in
2038 556 2167 615 villa

562 644 836 717 Cal-pana,
863 645 979 716 jam
1008 662 1186 718 nuper
1231 645 1489 705 incendio
1535 655 1830 704 crematam
1873 653 2161 713 restaures,

561 741 728 806 atque
767 733 825 790 in
866 733 1158 807 pristinum
1202 735 1457 793 decorem
1485 742 1540 792 et
1583 735 1833 792 ordinem
1876 735 2164 793 restituere

561 822 872 879 nullatenus
896 824 1302 895 praetermittas,
1357 832 1518 897 atque
1548 824 1649 880 sub
1681 824 1882 897 proprii
1908 840 2039 882 cura
2068 839 2164 881 sa-

563 911 804 968 cerdotis
859 927 983 968 eam
1033 912 1353 983 constituas,
1403 913 1497 986 qui
1544 913 1764 969 sedulas
1806 912 1883 968 ibi
1932 912 2164 969 Domino

561 999 756 1056 laudes
813 999 1056 1074 quotidie
1102 1001 1401 1072 persolvat,
1433 1016 1500 1057 ac
1544 1016 1645 1072 pro
1692 1001 1868 1057 salute
1922 999 2164 1057 ﬁdelium

563 1088 991 1161 omnipotentem
1021 1088 1313 1146 Dominum
1340 1089 1511 1146 valeat
1557 1105 1806 1157 exorare,
1839 1106 2164 1162 sacrumque

560 1176 693 1247 illic,
723 1178 846 1234 'Dec
874 1177 1129 1251 propitio,
1180 1193 1360 1234 annue
1401 1178 1643 1236 chrisma
1687 1179 1906 1236 mittere
1951 1177 2160 1234 indesi-

561 1274 759 1322 nenter
786 1282 1070 1339 procures,
1095 1267 1243 1341 quod
1271 1275 1356 1323 est
1382 1267 1547 1324 totius
1565 1267 1982 1324 Christianitatis
2013 1266 2164 1323 salus

561 1362 616 1426 et
659 1354 925 1427 perfectio
976 1371 1128 1423 vera.
1170 1356 1313 1412 Nam
1372 1356 1418 1411 si
1459 1355 1618 1412 aliter
1675 1355 1892 1423 feceris,
1949 1371 2052 1412 nos
2095 1372 2162 1412 ex

557 1443 857 1516 apostolica
875 1443 1194 1501 auctoritate
1221 1444 1380 1501 alteri
1405 1444 1661 1518 episcopo
1691 1444 1971 1517 pmfatam
1992 1445 2162 1503 eccle-

560 1531 695 1599 siam
750 1533 822 1588 ad
893 1533 1301 1589 restaurandum
1357 1542 1410 1589 et
1463 1535 1728 1591 canonice
1798 1534 2159 1590 ordinandum

557 1620 748 1705 procul
779 1620 947 1677 dubio
977 1621 1394 1679 committemus.
1439 1623 1575 1678 Data
1604 1636 1706 1678 xm
1738 1622 2016 1678 Kalendas
2047 1623 2159 1679 De-

558 1709 816 1769 cembris.

1196 1812 1505 1871 CCLXXII.

842 1916 918 1959 an
949 1915 1365 1970 rnaonontcuu,
1385 1917 1710 1969 naomcwu,
1744 1917 1866 1957 arc.

1186 1974 1369 2042 (Anno
1398 1972 1548 2043 s79.)

563 2070 823 2144 Ostendit
849 2070 1172 2144 mulierem,
1203 2087 1326 2143 qua:
1345 2070 1695 2144 viminiqu
1719 2074 1913 2129 coacta
1940 2070 2160 2144 religio-

633 2157 762 2199 sum
790 2139 1048 2213 habitum
1075 2139 1417 2213 susceperat,
1465 2141 1537 2197 ad
1563 2139 1693 2197 vota
1735 2141 2014 2213 servanda
2042 2139 2158 2213 non

637 2211 860 2284 teneri;
891 2211 1061 2284 hujus
1109 2211 1303 2284 tamen
1349 2227 1581 2268 causam
1608 2212 1750 2284 illis,
1777 2211 2160 2284 deﬁniendum

633 2283 987 2355 committit
1008 2283 1160 2352 Quod
1187 2284 1240 2339 si
1275 2297 1385 2355 qua
1426 2284 1652 2339 oriatur
1691 2283 2020 2355 diﬁicultas,
2067 2299 2160 2355 eos

633 2353 728 2479 9:11)
749 2369 946 2479 tiaram
972 2354 1180 2426 legatos
1215 2353 1348 2410 cum
1382 2355 1506 2427 ipsa
1530 2353 1860 2410 muliere’ad
1876 2370 1934 2410 se
1970 2353 2160 2410 venire

635 2442 654 2479 ι
731 2439 760 2479 e
794 2465 808 2479 .

623 2439 808 2496 μορε.

629 2511 991 2572 Tusonontco
1027 2512 1235 2581 Teatio,
1288 2514 1561 2568 Haomcro
1604 2513 1877 2580 Firmano,
1927 2513 2158 2582 10mm,

557 2599 872 2677 Aprutiensi
900 2608 954 2656 et
982 2603 1278 2659 Hsmomo
1306 2601 1566 2658 Pinnensi
1595 2601 1888 2675 episcopis.

630 2686 895 2758 Quaedam
952 2698 1257 2747 vestrarum
1309 2689 1622 2747 diazceseon
1668 2690 1887 2759 femina,
1939 2692 2160 2749 nomine

558 2776 919 2843 Theoderona
945 2777 1015 2834 de
1046 2778 1308 2846 Vivelata,
1357 2779 1550 2836 relicta
1598 2779 1876 2851 quondam
1905 2779 2154 2852 Tresigii.

558 2865 747 2926 sedem
800 2865 1155 2938 apostolicam
1217 2874 1570 2943 nostrumque
1616 2865 1777 2925 simul
1823 2865 2159 2939 pontiﬁcium

557 2954 769 3025 adiens,
819 2963 1010 3028 questa
1058 2963 1142 3013 est
1168 2955 1329 3013 nobis
1372 2955 1540 3028 quod,
1575 2955 1690 3011 viro
1737 2971 1837 3012 suo
1878 2955 2156 3026 defuncto,

2263 468 2525 533 mittimus
2572 477 2650 538 ut,
2678 469 2734 526 in
2763 486 2934 527 unum
2974 470 3382 544 convenientes,
3433 471 3606 544 ipsius
3645 471 3869 531 femina

2263 571 2484 615 causam
2504 559 2804 615 secundum
2824 559 2998 617 Deum
3027 559 3350 630 discutiatis,
3380 568 3435 617 et
3461 576 3680 618 omnem
3695 577 3866 633 super

2263 646 2365 703 hac
2395 647 2737 728 querimonia
2774 647 3054 707 veritatem
3083 649 3270 705 subtili
3316 649 3667 722 indagatione
3694 666 3867 722 repe-

2262 735 2488 803 rientes,
2535 735 2607 792 ad
2635 735 2900 810 liquidum
2944 735 3160 793 ﬁniatis.
3210 739 3593 795 Verumtamen
3633 738 3863 813 dignum

2261 839 2372 880 non
2431 839 2555 881 esse
2603 824 2877 882 sancimus
2920 833 2979 881 ut
3014 826 3205 898 jugum
3262 827 3351 883 cui
3408 843 3518 882 non
3574 843 3673 883 suo
3726 843 3866 899 pro-

2260 913 2440 986 posito
2492 922 2658 981 mota,
2709 915 2806 971 sed
2855 912 3148 972 ambitione
3195 923 3246 971 et
3292 915 3551 972 violentia
3595 931 3862 988 Oppressa

2263 1001 2487 1060 subacta
2521 1010 2625 1069 est,
2676 1011 2898 1077 portare
2937 1012 3184 1077 cogatur,
3216 1004 3344 1077 quia
3373 1013 3426 1060 et
3454 1013 3676 1062 sanctus
3713 1020 3863 1077 papa

2263 1090 2565 1164 Gregorius
2592 1091 2648 1146 in
2679 1091 2908 1165 epistola
2953 1094 3023 1149 ad
3071 1092 3426 1149 Athanasium
3473 1092 3572 1169 [aL
3630 1096 3862 1149 Anasta-

2262 1178 2424 1254 sium]
2452 1181 2833 1254 presbyterum
2875 1181 3113 1250 Isauriae,
3161 1182 3302 1238 inter
3329 1188 3522 1239 ctetera
3550 1182 3620 1238 ita
3647 1181 3813 1241 refert
3841 1200 3858 1238 :

2262 1268 2450 1341 (epist.
2481 1268 2577 1324 lib.
2610 1285 2667 1335 v,
2702 1269 2861 1342 epist.
2895 1272 3007 1341 67).
3054 1269 3378 1342 Quanquam
3409 1286 3476 1329 ea
3517 1286 3640 1344 quae
3667 1270 3721 1327 vi
3748 1270 3858 1327 im-

2259 1356 2525 1429 pulsionis
2573 1356 2726 1425 ﬁunt,
2759 1373 3027 1417 canonum
3068 1358 3291 1415 minime
3336 1374 3569 1415 censura
3613 1359 3854 1433 recipiat,

2260 1453 2315 1502 et
2336 1445 2457 1515 jure
2485 1445 2785 1503 habeantur
2815 1444 3029 1503 inﬁrma
3057 1446 3185 1521 quia
3210 1447 3329 1519 ipse
3359 1463 3427 1507 ea
3464 1447 3730 1516 dissolvit,
3762 1449 3857 1521 qui

2256 1533 2517 1605 injustum
2561 1534 2722 1593 fateri
2761 1535 3056 1608 compellit,
3088 1535 3189 1593 sed
3233 1537 3413 1609 magis
3440 1535 3533 1593 illa
3559 1544 3645 1593 est
3684 1536 3854 1594 susci-

2257 1622 2459 1694 pienda
2487 1632 2540 1680 et
2567 1623 2948 1697 amplectenda
2986 1623 3279 1693 confessio,
3313 1641 3435 1698 quae
3463 1640 3531 1681 ex
3560 1632 3853 1697 spontanea

2183 1739 2239 1801 Β
2256 1720 2588 1769 monstratur
2614 1712 2888 1769 voluntate
2930 1714 3251 1786 procedere.
3284 1714 3356 1769 Et
3383 1730 3572 1771 rursus
3601 1713 3852 1786 scriptum

2259 1807 2375 1861 est:
2409 1801 2732 1861 Voluntarie
2757 1801 3081 1873 sacriﬁcabo
3111 1802 3216 1858 tibi
3231 1803 3408 1873 (Psal.
3432 1801 3548 1873 Lm)
3569 1820 3585 1869 ;
3606 1810 3661 1859 et
3679 1802 3848 1859 alias:

2268 1891 2596 1949 Voluntaria
2614 1892 2728 1948 oris
2753 1893 2871 1951 mei
2890 1891 3244 1965 beneplacita
3261 1893 3378 1964 fac,
3411 1892 3647 1949 Domine
3672 1892 3847 1961 (Psal.

2257 1980 2475 2050 cxvm).
2506 1978 2682 2035 Porro
2706 1979 2820 2050 jam
2849 1977 2956 2035 fato
2975 1979 3174 2035 Joanni
3201 1979 3508 2037 reverendo
3537 1979 3850 2050 Aprutiensi

2257 2067 2481 2123 antistiti
2529 2067 2687 2124 etiam
2730 2067 2916 2125 verbis
2957 2067 3286 2138 injunximus
3326 2075 3407 2138 ut,
3461 2068 3634 2124 ascita
3675 2077 3853 2127 vestra

2255 2155 2612 2221 fraternitate,
2644 2172 2807 2212 omne
2837 2157 2908 2212 de
2922 2157 3026 2213 hac
3055 2172 3118 2212 re
3136 2155 3415 2229 negotium
3444 2155 3723 2213 vobiscum
3754 2171 3852 2228 pa-

2257 2243 2394 2301 riter
2420 2244 2660 2312 ventilet,
2681 2252 2734 2300 et
2762 2244 3042 2310 canonice,
3067 2245 3205 2303 sicut
3224 2244 3596 2316 praediximus,
3627 2243 3852 2301 difﬁnire

2256 2340 2530 2404 procuret.
2581 2333 2756 2406 Super
2801 2348 2909 2406 quo
2939 2333 2986 2389 si
3014 2332 3197 2405 aliqua
3238 2331 3564 2407 ambiguitas
3609 2331 3852 2389 fortassis

2258 2421 2558 2493 emerserit,
2591 2429 2716 2479 tunc
2737 2421 2996 2492 jubemus
3022 2429 3080 2477 ut
3108 2429 3199 2478 aut
3226 2437 3345 2491 vos,
3377 2429 3472 2478 aut
3498 2422 3662 2479 vestri
3690 2421 3851 2495 legati

2258 2511 2407 2566 vices
2446 2519 2658 2567 vestras
2701 2519 2951 2584 agentes,
3004 2525 3131 2567 cum
3158 2510 3349 2567 eadem
3405 2509 3606 2568 femina
3653 2509 3852 2567 nostris

2255 2599 2675 2672 praesentialiter
2733 2599 3010 2655 obtutibus
3074 2606 3502 2671 praesententur,
3557 2606 3617 2654 ut
3668 2613 3850 2655 coram

2257 2687 2416 2746 nobis
2457 2688 2572 2758 jam
2618 2687 2935 2761 diligentius
2977 2687 3156 2743 omnis
3182 2687 3277 2751 _rei
3315 2687 3519 2742 veritas
3560 2687 3856 2760 inquiratur

2259 2784 2312 2833 et
2340 2775 2609 2849 aequitatis
2634 2776 2830 2850 regula
2870 2776 3207 2832 terminatur.
3239 2776 3520 2832 Postremo
3545 2775 3591 2843 si
3620 2775 3858 2847 praefatae

2257 2864 2476 2921 feminae
2503 2865 2725 2938 aliquod
2752 2864 3020 2921 invidiose
3067 2864 3338 2936 objectum
3363 2864 3575 2920 crimen
3600 2879 3854 2936 quoquo-

2240 2942 2424 3009 ’πιοᾱο
2452 2951 2627 3021 fuerit,
2679 2968 2798 3022 vos,
2830 2952 2947 3009 Deo
2994 2969 3111 3024 pra:
3139 2953 3315 3009 oculis
3358 2953 3565 3020 habito,
3598 2953 3702 3008 hoc
3745 2966 3858 3007 non

556 3042 803 3103 velamen
831 3042 936 3099 sibi
965 3043 1107 3100 sacri
1121 3043 1342 3100 habitus
1370 3043 1439 3101 ab
1456 3043 1702 3115 ejusdem
1732 3043 1836 3101 viri
1863 3043 1947 3100 sui
1976 3044 2159 3101 fratris
2192 3095 2238 3115 η
2259 3041 2590 3109 admittatis;
2625 3049 2677 3097 et
2707 3041 2752 3096 si
2782 3049 3072 3098 accusator
3117 3040 3262 3097 illius
3287 3041 3344 3097 in
3370 3057 3467 3097 sua
3495 3039 3856 3099 obstinatione

553 3131 808 3195 duntaxat
837 3131 1057 3205 gemani
1086 3131 1160 3201 vi,
1190 3148 1301 3189 non
1339 3095 1546 3190 scilicet
1575 3131 1865 3189 dilectione
1888 3132 2011 3191 vitae
2038 3133 2155 3205 spi-
2188 3095 2641 3203 C'permanserit,
2674 3137 2781 3185 tam
2808 3137 3064 3189 accusata
3109 3146 3274 3203 quam
3321 3137 3606 3186 accusator
3646 3129 3704 3185 in
3750 3144 3855 3185 no-

554 3219 784 3291 ritualis,
817 3221 918 3278 sed
944 3221 1242 3278 ambitione
1289 3221 1621 3301 praediorum
1649 3220 1815 3289 ducti,
1845 3220 2157 3294 impositum
2258 3228 2427 3276 stram
2458 3233 2583 3276 cum
2611 3217 2810 3275 vestris
2839 3219 3044 3301 pariter
3086 3218 3269 3274 missis
3305 3218 3614 3275 accelerent
3652 3232 3858 3289 prope—

553 3307 738 3376 fuerit,
773 3317 826 3366 et
855 3309 977 3382 ipsa
1020 3298 1314 3382 plurimum
1358 3310 1601 3368 renitens
1647 3317 1837 3366 contra
1878 3310 2158 3382 propriam
2257 3323 2379 3364 rare
2431 3307 2798 3378 praesentiam.
2862 3298 3245 3364 Verumtamen
3299 3307 3346 3364 si
3399 3314 3686 3365 accusator
3736 3307 3858 3376 ejus

557 3399 928 3472 sponsionem,
972 3398 1443 3473 pollicitationem,
1464 3397 1864 3472 expetitionem,
1928 3398 2156 3455 electio-

560 3503 706 3558 nem,
726 3486 1091 3561 pr0positum,
1124 3495 1308 3545 votum
1327 3494 1489 3560 atque
1515 3493 1874 3560 spontaneum
1894 3486 2154 3558 judicium

557 3576 677 3633 sine
706 3575 1087 3633 benedictione
1117 3574 1418 3633 sacerdotis
1447 3575 1594 3632 idem
1622 3575 1869 3634 velamen
1899 3591 2160 3648 suscepe-

555 3664 646 3729 rit.
680 3665 846 3736 Cujus
874 3663 1273 3737 professionem
1301 3680 1484 3721 coram
1512 3663 1854 3737 coepiscopis
1885 3671 1940 3721 et
1965 3664 2156 3721 fratri-

556 3753 660 3818 bus
687 3752 890 3808 nostris
912 3751 1280 3820 conferentes,
1311 3752 1690 3829 inquisivimus
1739 3752 1902 3813 etiam
1929 3753 2158 3809 idoneos

557 3840 706 3907 viros
734 3839 1110 3918 Opteramum,
1151 3840 1524 3912 Scattoimum,
1569 3841 1955 3911 Erfemarium,
1986 3843 2156 3898 Ame-

559 3929 721 3986 deum
769 3937 823 3985 et
865 3928 1154 4001 Cerisium,
1206 3929 1417 3988 vicinos
1447 3929 1657 3988 scilicet
1700 3929 1873 4003 ipsius
1921 3929 2153 4008 feminae,

557 4018 649 4095 qui
678 4034 809 4076 casu
828 4027 1130 4095 praesentes
1157 4019 1406 4091 aderant,
1428 4027 1610 4076 utrum
1639 4036 1699 4076 se
1714 4019 1790 4076 ita
1809 4035 1901 4076 res
1930 4019 2158 4076 haberet

556 4123 624 4164 an
654 4123 782 4165 non.
816 4107 923 4165 Sed
953 4107 1032 4164 illi
1062 4124 1173 4165 non
1203 4109 1379 4166 solum
1408 4110 1481 4166 ita
1510 4108 1679 4167 fuisse
1708 4107 1976 4166 testiﬁcati
2009 4116 2152 4175 sunt,

555 4212 743 4254 verum
789 4197 950 4253 etiam
981 4196 1158 4273 parati
1203 4198 1523 4255 exstiterunt
1553 4214 1772 4255 omnem
1819 4213 1986 4270 super
2017 4197 2158 4253 hanc

557 4299 780 4345 causam
826 4285 1256 4343 satisfactionem
1299 4286 1652 4359 pmmittere.
1690 4286 1806 4342 Nos
1848 4285 2015 4360 igitur
2055 4286 2156 4341 ha-

555 4373 749 4430 bentes
775 4375 1030 4430 eumdem
1057 4391 1221 4448 quem
1249 4383 1304 4430 et
1324 4382 1511 4446 patres
1538 4374 1712 4430 nostri
1732 4374 1989 4448 spiritum
2006 4372 2152 4444 fidei,

557 4470 612 4520 et
640 4479 740 4537 per
767 4463 1002 4537 gratiam
1031 4450 1249 4529 Christi,
1283 4463 1458 4518 zelum
1479 4463 1723 4532 justitiaa,
1767 4463 1958 4521 eadem
1988 4478 2155 4536 super
2182 4451 2235 4527 D_

557 4550 802 4624 legitime
823 4550 1014 4610 velatis
1045 4568 1168 4624 quae
1195 4558 1248 4607 et
1277 4551 1353 4606 illi
1369 4551 1633 4606 sentimus
1662 4551 1965 4625 eademque
1983 4551 2160 4608 omni-

558 4655 632 4706 no
657 4639 1042 4707 decernimus;
1073 4647 1126 4695 et
1155 4639 1302 4712 quod
1331 4654 1441 4694 non
1468 4639 1687 4712 propria
1718 4641 2014 4711 voluntate,
2048 4656 2157 4696 non

558 4728 805 4797 arbitrio,
838 4744 947 4784 non
973 4736 1122 4795 voto,
1166 4743 1275 4783 non
1302 4727 1540 4799 expetita
1568 4728 1654 4784 vel
1685 4737 1985 4801 spontaneo
2008 4728 2157 4798 judi-

560 4817 667 4887 cio,
701 4817 832 4891 quin
860 4817 1042 4890 potius
1090 4825 1281 4874 coacte
1309 4816 1626 4885 admittitur,
1652 4804 2006 4875 'cassandum
2037 4834 2160 4875 esse

561 4906 839 4962 sancimus
872 4924 885 4962 :
917 4905 1194 4978 praecipue
1241 4919 1367 4961 cum
1407 4906 1527 4963 hmc
1570 4907 1760 4963 eadem
1811 4904 2007 4961 femina
2049 4922 2159 4962 non

558 4993 666 5049 nisi
693 4994 856 5050 minis
894 4993 1192 5066 perterrita,
1234 4993 1356 5066 plus
1406 4995 1582 5051 minus
1612 4995 1803 5051 diebus
1850 4994 2158 5067 quindecim

558 5082 704 5139 idem
737 5082 984 5139 velamen
1011 5091 1259 5157 gestasse
1287 5099 1346 5139 se
1366 5083 1581 5151 dixerit,
1615 5094 1665 5139 et
1695 5083 1842 5140 nullo
1873 5085 2160 5141 sacerdote

562 5171 997 5229 benedictionem
1049 5171 1320 5228 tribuente
1377 5173 1480 5230 hoc
1524 5172 1792 5229 violenter
1835 5173 2157 5244 susceperit.

562 5258 722 5331 Quod
768 5259 894 5317 licet
942 5261 1013 5317 ad
1054 5260 1214 5331 hujus
1256 5261 1652 5318 absolutionem
1702 5261 1945 5318 suﬂicere
1997 5277 2160 5333 posse

567 5364 870 5422 speremus,
901 5349 1029 5425 quia
1059 5349 1104 5404 si
1135 5348 1203 5404 ita
1234 5357 1337 5417 est,
1370 5351 1535 5406 totius
1572 5349 1844 5407 violentia:
1869 5364 1934 5406 ac
1965 5366 2161 5406 neces-

564 5436 742 5497 sitatis
789 5437 1020 5495 vinculis
1059 5438 1323 5499 absoluta.
1369 5456 1530 5495 suum
1577 5439 1803 5496 licenter
1843 5447 1894 5494 et
1943 5438 2162 5510 impune

566 5525 721 5598 sequi
750 5525 913 5583 debet
940 5526 1247 5589 arbitrium,
1279 5535 1333 5582 et
1363 5529 1509 5599 quod
1537 5543 1646 5585 non
1675 5526 1861 5598 elegit,
1892 5535 1947 5582 ut
1978 5525 2163 5597 perfe-

2255 3394 2510 3465 defuerit,
2535 3396 2654 3466 jam
2693 3395 2789 3452 illa
2813 3395 3042 3452 crimine
3081 3395 3176 3452 illo
3221 3411 3407 3452 coram
3434 3395 3592 3452 nobis
3631 3394 3858 3455 veniens

2255 3499 2366 3542 non
2420 3485 2694 3541 tenebitur
2714 3528 2727 3551 ,
2797 3485 3093 3541 secundum
3146 3483 3595 3558 Carthaginensis
3642 3482 3858 3540 concilii

2255 3589 2461 3631 nonum
2516 3573 2788 3630 decimum
2840 3572 3136 3646 capitulum
3159 3615 3175 3644 ,
3233 3573 3310 3630 ita
3362 3571 3612 3645 inquiens
3657 3572 3849 3643 (Cone.

2259 3663 2451 3721 Carth.
2483 3678 2566 3730 ιιι,
2599 3678 2719 3734 cap.
2754 3664 2812 3734 7)
2844 3681 2858 3718 :
2892 3669 3192 3721 Accusator
3218 3663 3334 3733 ejus
3365 3660 3413 3717 si
3437 3676 3708 3734 nunquam
3736 3660 3855 3716 die-

2257 3751 2361 3807 bus
2415 3766 2594 3809 causae
2650 3751 2898 3808 dicendae
2946 3749 3200 3817 defuerit,
3243 3766 3275 3806 a
3314 3749 3692 3811 communione
3745 3765 3855 3806 non

2256 3848 2644 3907 removeatur;
2704 3839 2949 3896 restituto
3004 3839 3061 3894 in
3113 3838 3498 3897 communione
3565 3845 3845 3903 accusata,

2256 3927 2376 4000 ipse
2420 3935 2730 3985 removatur
2752 3944 2788 3983 a
2812 3927 3194 3984 communione
3241 3934 3548 3984 accusator.
3600 3927 3739 3982 Data
3776 3940 3849 3981 xu

2258 4017 2535 4074 Kalendas
2561 4016 2901 4085 Decembris,
2934 4016 3230 4074 indictione
3259 4031 3384 4073 xui.

2876 4148 3209 4205 CCLXXIII.

2578 4253 2650 4292 AD
2676 4252 3054 4305 ΑἸἮΑΝΑΒΙΙῙΜ,
3085 4253 3394 4307 PULCARBM,
3425 4251 3547 4292 ETC.

2877 4326 3060 4399 (Anno
3090 4327 3239 4398 s79.)

2258 4415 2522 4488 Praecipit
2545 4418 2618 4488 ut
2645 4414 2835 4488 foedus
2852 4430 2984 4488 cum
3012 4415 3310 4488 Saracenis
3336 4415 3517 4488 ictum
3546 4415 3847 4488 rumpant;

2326 4486 2607 4560 quodnisi
2621 4487 2890 4560 Kalendis
2908 4487 3223 4560 Decembris
3242 4487 3507 4556 fecerint,
3532 4487 3616 4560 eis
3635 4499 3846 4560 emeatu-

2325 4557 2776 4614 inunicationem
2789 4558 3068 4613 minatur.
3092 4557 3391 4613 Pulcarem
3412 4559 3602 4612 monet
3617 4571 3690 4612 ne
3704 4557 3848 4611 Pan-

2329 4629 2561 4700 denulfo
2595 4628 2860 4700 Capuano
2878 4627 3070 4700 judici
3095 4629 3417 4683 molestiam
3445 4627 3681 4699 inferat.

2327 4738 2656 4790 Arnsmsro
2678 4733 2937 4805 episcopo
2966 4732 3344 4804 Neapolitano,
3368 4733 3556 4788 Pnrno
3574 4731 3849 4804 episcopo,

2257 4839 2355 4879 seu
2383 4822 2623 4878 PULCARI
2663 4821 3007 4894 praefectorio
3054 4821 3398 4889 Amaltitano,
3447 4821 3706 4893 episcopo
3746 4820 3851 4876 Ca-

2250 4911 2456 4982 jetano,
2499 4926 2598 4966 seu
2638 4910 2890 4979 Decibili,
2923 4919 2977 4966 et
3002 4911 3210 4965 10mm
3255 4909 3513 4983 gloriosis
3555 4909 3789 4981 bypatis,
3820 4922 3854 4963 ι

2257 4999 2503 5074 paribus.

2330 5087 2523 5154 Pudet,
2555 5094 2611 5142 ut
2643 5087 2717 5144 ita
2764 5087 3014 5155 dixerim,
3072 5085 3404 5159 pontiﬁcium
3459 5094 3702 5145 nostrum
3757 5099 3854 5141 vos

2253 5178 2369 5248 jam
2397 5191 2745 5233 commonere
2775 5193 2940 5248 super
2967 5177 3072 5232 hoc
3130 5176 3276 5248 quod
3333 5183 3441 5231 tam
3493 5174 3768 5231 multoties
3818 5189 3854 5230 a

2259 5264 2418 5322 nobis
2447 5265 2761 5322 commoniti
2790 5265 3113 5336 resipiscere
3141 5263 3409 5330 noluistis,
3455 5272 3508 5319 et
3562 5279 3688 5320 cum
3739 5263 3855 5318 Deo

2260 5353 2555 5411 odibilibus
2611 5353 2901 5410 Saracenis
2958 5353 3199 5408 habitum
3269 5360 3480 5424 pactum
3553 5351 3854 5407 dissolvere

2260 5443 2526 5501 hactenus
2554 5442 2976 5514 contempsistis.
3026 5442 3225 5497 Verum
3254 5441 3379 5514 quia
3426 5447 3628 5512 quanta
3653 5439 3853 5495 crude~

2261 5532 2471 5587 litatum
2527 5546 2750 5602 genera,
2801 5546 2862 5587 ac
2891 5529 3291 5587 desolationum
3319 5537 3481 5588 terrae
3516 5527 3674 5585 istius
3707 5527 3855 5585 cale-
