4160 6306
329 299 429 351 893

1493 295 1843 350 ΕΡΙὸΤΟΙμΕ
1886 294 1972 349 ΕΤ
2002 293 2345 350 DECRETA.

3529 297 3630 352 894

324 423 574 478 mitatum
624 421 784 478 nimis
840 439 904 477 ex
956 424 1059 478 hoc
1109 422 1250 477 mala
1299 423 1536 496 lugenda
1577 421 1928 494 provenerint
1958 420 2013 481 A
2035 435 2126 476 sos
2157 421 2494 476 fraternitate
2544 423 2837 477 enormiter
2868 425 3122 488 adversa,
3157 433 3208 479 et
3239 433 3427 480 contra
3459 443 3630 499 regu-

327 521 492 586 atque
521 511 860 584 proveniant,
886 527 1222 585 exaggerare
1241 510 1562 579 differimus,
1587 529 1655 566 ne
1687 511 1925 577 interim,

329 602 474 674 quod
521 601 744 672 dignum
793 609 894 670 est,
921 601 1171 670 judicare
1212 617 1489 674 cogamur.
1538 602 1730 656 Adhuc
1759 601 1928 655 obse-

328 705 566 759 cramus,
618 689 798 746 adhuc
841 690 978 746 sicut
1009 689 1276 762 spiritales
1305 689 1445 745 ﬁlios
1473 691 1842 759 exhortamur,
1878 697 1927 744 et

326 779 568 850 paternis
614 778 917 834 visceribus
959 794 1056 835 vos
1104 779 1354 851 amplecti
1402 787 1683 848 conantes,
1735 777 1834 833 Dei
1864 793 1931 834 ac

233 887 242 896 ν
325 867 634 939 principum
678 867 1048 938 apostolorum
1104 868 1249 923 Petri
1293 883 1356 924 ac
1408 867 1557 922 Pauli
1615 866 1928 922 auctoritate

327 956 690 1028 praecipimus,
716 964 775 1010 ut
797 957 912 1027 jam
937 958 1162 1029 jamque
1183 957 1524 1028 disciplinam
1543 955 1927 1028 percipientes,

329 1044 402 1100 ab
431 1045 636 1100 eisdem
685 1044 884 1117 iniquis
927 1053 979 1100 et
1007 1045 1220 1101 ancillae
1248 1044 1372 1100 ﬁliis
1411 1045 1685 1100 saracenis
1714 1059 1814 1100 vos
1843 1061 1928 1100 se-

328 1133 551 1206 paretis,
585 1141 638 1189 et
666 1141 883 1205 pactum
930 1149 1052 1190 cum
1083 1134 1163 1189 eis
1193 1133 1435 1189 habitum
1473 1134 1650 1188 modis
1678 1133 1930 1188 omnibus

331 1222 661 1289 dissolvatis,
716 1223 761 1276 si
809 1223 898 1278 vel
939 1231 1141 1278 nostra:
1189 1222 1607 1292 communionis,
1641 1222 1730 1277 vel
1757 1221 1930 1293 ipsius

332 1311 742 1368 Christianitatis
798 1311 957 1367 vultis
1011 1320 1134 1367 eSSe
1173 1311 1505 1382 participes;
1537 1311 1593 1366 in
1641 1327 1777 1385 quos
1819 1311 1931 1380 jam

329 1401 584 1460 daremus
613 1399 968 1456 ecclesiastici
996 1401 1276 1457 mucronis
1321 1401 1662 1467 sententiam,
1696 1399 1801 1454 nisi
1831 1415 1932 1454 nos

329 1488 624 1560 apostolica
655 1488 907 1559 patientia
951 1489 1230 1544 retineret.
1264 1489 1470 1544 Idcirco
1501 1488 1658 1545 vobis
1687 1488 1956 1549 inducias,

331 1592 504 1649 usque
551 1576 827 1633 Kalendas
890 1577 1242 1633 Decembrias
1286 1576 1442 1632 istius
1490 1577 1662 1632 tertiae
1705 1577 1932 1632 decima:

332 1665 641 1733 indictionis
670 1666 737 1719 ad
767 1665 908 1721 idem
955 1674 1176 1736 pactum
1200 1681 1325 1722 cum
1355 1665 1644 1722 Saracenis
1674 1665 1930 1738 frangen-

334 1755 462 1812 dum
509 1753 794 1827 largimur,
828 1762 880 1810 et
933 1762 1039 1810 tam
1088 1771 1187 1811 vos
1234 1771 1396 1828 quam
1443 1755 1729 1824 Cajetanos
1767 1762 1930 1827 atque

333 1842 684 1903 Amallitanos
710 1843 908 1899 lucrari
939 1843 1203 1913 volentes,
1238 1843 1284 1897 si
1314 1859 1486 1916 usque
1515 1844 1585 1898 ad
1615 1843 1761 1898 idem
1791 1851 1930 1898 tem-

331 1949 435 2006 pus
481 1947 698 1987 omnem
747 1932 1144 1988 Saracenorum
1183 1932 1497 2002 amicitiam,
1557 1948 1658 1988 nec
1714 1948 1823 1987 non
1879 1941 1932 1988 et

331 2037 494 2078 omne
519 2019 698 2078 foedus
726 2020 1026 2080 dissolvere
1067 2020 1226 2077 solito
1256 2020 1714 2092 contempseritis,
1749 2029 1930 2076 utros-

335 2127 441 2182 que
466 2111 746 2168 sententiae
775 2109 1160 2166 ecclesiasticae
1194 2109 1389 2180 jaculis
1417 2109 1693 2178 feriemus,
1727 2118 1778 2164 et
1808 2126 1931 2180 per-

333 2207 496 2272 petuo
543 2199 866 2254 anathemati
910 2199 1310 2264 submittemus,
1361 2207 1420 2253 ut
1465 2199 1557 2270 qui
1598 2199 1732 2254 socii
1761 2198 1931 2254 disci-

337 2287 500 2358 plinae
527 2303 656 2342 esse
687 2303 797 2342 non
825 2287 1006 2353 vultis,
1039 2287 1438 2342 communionis
1485 2303 1702 2359 quoque
1731 2295 1932 2344 nostrae

337 2391 446 2442 non
477 2375 596 2430 sitis
623 2375 935 2448 participes.
971 2378 1077 2433 Hoc
1123 2375 1446 2432 addendum
1492 2381 1576 2432 est
1607 2378 1666 2432 in
1697 2377 1932 2448 epistola

339 2465 412 2521 ad
439 2465 758 2522 Pulcarem.

406 2555 685 2608 Postremo
734 2553 1069 2608 nobilitatem
1116 2562 1260 2608 tuam
1307 2569 1590 2622 monemus
1634 2561 1687 2607 ut
1717 2553 1932 2608 Pande-

337 2641 487 2697 nulfo
523 2641 692 2710 judici
740 2642 998 2714 Capuano
1045 2643 1102 2696 in
1144 2642 1293 2697 nullo
1321 2643 1585 2697 molestus
1613 2642 1847 2704 existas;
1881 2650 1933 2696 et

335 2731 480 2803 quod
510 2730 808 2804 nobisjipse
836 2731 1065 2786 devotus
1097 2738 1200 2796 est,
1232 2738 1290 2785 tu
1319 2731 1370 2785 ei
1400 2731 1689 2786 devotione
1720 2737 1772 2786 et
1801 2730 1935 2784 ami-

336 2820 462 2878 citia
509 2819 812 2890 copulatus,
845 2819 900 2874 in
931 2835 1037 2891 quo
1079 2835 1243 2891 posse
1275 2819 1370 2876 tibi
1398 2818 1575 2889 fuerit,
1609 2827 1801 2874 contra
1830 2820 1932 2874 ad-

339 2908 619 2964 versitates
645 2908 789 2963 illius
821 2916 873 2964 te
901 2924 1112 2963 murum
1156 2923 1440 2979 opponas;
1475 2916 1737 2980 quatenus
1768 2907 1934 2978 patris

335 2997 478 3052 illius
526 2997 618 3069 qui
661 2996 880 3068 proprio
909 2997 1159 3069 genitore
1190 2997 1452 3053 salvando
1491 2996 1729 3068 suliigiit,
1763 2996 1932 3050 remi-

337 3085 709 3163 niscens,ppro
737 3085 1018 3156 utriusque
1066 3100 1274 3155 amore,
1309 3085 1354 3139 si
1385 3085 1452 3140 de
1486 3085 1643 3140 nobis
1675 3085 1768 3139 tibi
1799 3100 1933 3140 cura

337 3182 438 3238 est,
471 3174 642 3244 ipsius
688 3171 1004 3228 Pandenulfi
1074 3173 1414 3244 profectibus
1460 3173 1638 3244 potius
1695 3175 1928 3240 haereus,

339 3277 505 3335 quam
531 3261 756 3319 obviare
785 3263 1171 3334 quoquomodo
1199 3262 1458 3318 videaris.

966 3369 1296 3425 CCLXXIV.

576 3473 647 3512 ΔΙ)
677 3472 972 3514 ARPALDUM
998 3473 1308 3513 EPISCOPUM
1337 3473 1686 3512 ASCUIANUM.

952 3548 1134 3616 (Anno
1161 3548 1309 3604 879.)

342 3638 546 3710 Arguit
583 3637 724 3710 quod
752 3635 824 3710 ad
853 3635 1127 3708 synodum
1158 3652 1272 3710 non
1291 3637 1528 3710 peperit
1547 3655 1565 3710 ς
1585 3635 1746 3710 jubet
1779 3635 1850 3710 ad
1879 3651 1936 3689 se

412 3705 722 3780 beniré,_ut
753 3708 824 3762 iis
873 3705 994 3780 Quae
1025 3723 1060 3762 a
1089 3709 1207 3762 suis
1249 3707 1474 3762 clericis
1508 3705 1933 3776 objiciebantur,

414 3778 765 3838 respondeat.

413 3875 886 3933 Reverendissimo
916 3883 968 3930 et
997 3875 1340 3931 sanctissimo
1386 3876 1648 3930 ΔιιΡΑιυο
1679 3876 1938 3947 episcopo

349 3965 635 4023 Asculano.

413 4055 720 4112 Secundum
765 4069 949 4110 sacros
993 4053 1380 4108 venerabilium
1429 4055 1641 4106 Patrum
1699 4068 1939 4108 canones

344 4144 545 4216 Spiritu
569 4143 667 4198 Dei
697 4143 964 4208 conditos,
999 4150 1052 4197 et
1081 4142 1240 4197 totius
1269 4141 1458 4196 mundi
1486 4141 1787 4196 reverentia
1809 4157 1941 4196 con-

344 4241 602 4299 secratos,
662 4247 762 4304 pro
809 4231 1195 4287 ecclesiasticis
1243 4231 1497 4284 duntaxat
1527 4229 1939 4284 necessitatibus

345 4323 416 4378 ad
473 4338 583 4391 eas,
644 4336 780 4394 quas
824 4337 996 4392 nuper
1042 4317 1254 4374 statutis
1283 4318 1476 4374 diebus
1519 4317 1935 4384 celebravimus,

347 4411 605 4483 synodos,
637 4409 818 4464 missis
849 4425 914 4464 ex
944 4424 1094 4463 more
1124 4407 1456 4463 auctoritatis
1495 4414 1694 4461 nostra:
1722 4405 1935 4472 litteris,

345 4499 734 4555 fraternitatem
780 4507 928 4554 tuam
975 4498 1180 4552 debere
1219 4511 1507 4552 occurrere
1550 4495 1726 4550 modis
1767 4495 1941 4550 omni-
1970 4493 2024 4554 D

350 4590 452 4644 bus
481 4587 842 4643 decrevimus.
873 4586 980 4641 Sed
1011 4585 1153 4657 quia,
1187 4584 1396 4641 caeteris
1424 4585 1619 4640 devote
1665 4584 1820 4639 valde
1850 4601 1944 4640 vc-

349 4677 640 4744 nientibus,
674 4685 726 4731 te
755 4675 975 4730 minime
1014 4674 1250 4738 venisse,
1300 4689 1421 4729 cum
1469 4674 1634 4728 etiam
1677 4681 1725 4728 et
1757 4673 1940 4728 auditu

351 4765 610 4822 didiceris
655 4781 756 4820 nos
797 4765 1067 4836 synodum
1096 4763 1397 4830 celebrare,
1427 4779 1604 4835 neque
1634 4763 1942 4818 excusatio-

350 4872 478 4910 nem
525 4863 665 4910 tuam
702 4853 942 4926 regulari
985 4861 1175 4908 tenore
1205 4852 1260 4906 in
1291 4853 1538 4907 tractoria
1581 4852 1944 4922 conscriptam

352 4943 508 5000 nobis
539 4951 593 4998 et
621 4952 824 4998 sanctae
853 4943 1094 5013 synodo,
1116 4956 1284 4996 causa
1321 4941 1636 4996 temeritatis
1667 4951 1716 4994 et
1750 4941 1943 4996 inobo-

349 5032 566 5088 dientiae
606 5041 730 5097 tuae,
781 5038 838 5086 ut
882 5030 1162 5085 evidenter
1217 5037 1462 5100 apparet,
1524 5045 1631 5084 non
1680 5029 1944 5084 direxisse

349 5120 746 5192 comperimus;
780 5135 848 5174 ne
877 5117 1224 5174 dilectionem
1257 5126 1402 5172 tuam
1431 5118 1501 5172 de
1532 5119 1636 5171 hoc
1667 5117 1944 5172 indiscus-

348 5226 462 5264 sam
510 5208 838 5281 praiteriisse
882 5207 1178 5272 videamur,
1229 5207 1332 5260 hoc
1379 5213 1582 5260 nostra:
1610 5206 1946 5261 auctoritatis

350 5306 544 5354 statuto
577 5298 848 5367 jubemus,
899 5313 1019 5351 eam
1051 5296 1120 5351 de
1149 5294 1403 5366 praesenti
1436 5295 1552 5349 sine
1581 5293 1758 5366 aliqua
1790 5312 1945 5350 mora

352 5388 438 5442 vel
486 5386 838 5458 ambiguitate
867 5385 938 5440 ad
967 5401 1066 5440 nos
1097 5384 1298 5438 debere
1331 5383 1514 5438 venire
1545 5383 1855 5454 nostrisque
1886 5401 1944 5440 se

345 5475 624 5530 obtutibus
670 5482 1025 5546 praesentare.
1074 5474 1213 5527 Nam
1253 5480 1304 5525 et
1351 5471 1535 5526 clerici
1569 5479 1673 5526 tuae
1702 5487 1802 5526 nos
1835 5474 1943 5528 Ec-

345 5572 527 5628 clesia:
553 5572 823 5635 adierunt,
855 5571 1218 5627 reclamantes
1249 5569 1414 5624 multa
1443 5586 1501 5623 se
1532 5586 1565 5623 a
1590 5577 1680 5622 tua
1712 5585 1942 5640 perpes-

1952 1781 2005 1840 B

2029 508 2136 564 lam
2169 509 2600 565 ecclesiasticam
2648 511 2846 580 injuste
2878 510 2992 568 fore
3023 529 3316 584 oppressos
3347 533 3360 580 ;
3391 529 3622 586 quorum

2029 597 2280 654 videlicet
2329 599 2729 668 objectionibus
2775 616 2958 655 coram
2990 610 3180 656 nostro
3209 603 3502 674 praesulatu
3533 619 3629 659 as-

2030 687 2306 743 sistentem
2351 696 2405 744 te
2451 696 2664 760 oportet
2707 689 2900 760 procul
2951 690 3118 745 dubio
3174 692 3529 762 respondere.
3563 693 3630 747 Et

2028 775 2152 832 ideo
2182 777 2286 832 hac
2303 777 2550 847 jussione
2579 786 2764 832 nostra
2794 786 3054 850 percepta
3073 795 3362 836 occurrere
3384 781 3624 848 studeas,

2029 873 2319 938 antequam
2363 867 2606 922 Ecclesia
2655 875 2746 922 tua
2796 868 2972 937 majus
3011 867 3250 924 schisma
3279 869 3367 924 vel
3397 871 3629 925 scanda-

2028 953 2140 1008 lum
2169 954 2405 1024 patiatur
2437 971 2449 1010 :
2481 955 2736 1028 quoniam
2771 957 2816 1010 si
2847 956 3036 1011 venire
3061 957 3172 1026 jam
3205 957 3369 1012 modo
3395 966 3638 1013 contem-

2028 1043 2226 1114 pseris,
2258 1043 2482 1114 dignam
2519 1045 3094 1100 excommunicationis
3123 1061 3156 1100 a
3186 1046 3316 1101 sede
3337 1047 3629 1116 apostolica

2029 1131 2294 1202 prolatam
2345 1131 2636 1187 sustinebis
2679 1133 2902 1188 omnino
2963 1149 3272 1188 censuram.
3335 1135 3474 1189 Data
3533 1150 3630 1189 vm

2031 1219 2308 1276 Kalendas
2338 1221 2681 1276 Decembris.

2671 1347 2976 1404 CCLXXV.

2515 1450 2586 1490 AD
2627 1451 2882 1491 CAROLUM
2930 1452 3136 1492 REGEM.

2646 1526 2826 1594 (Anno
2866 1527 3016 1595 879.)

2037 1610 2275 1686 Miratur
2302 1612 2444 1686 quod
2464 1629 2602 1686 eum
2631 1613 2866 1686 Papiam
2899 1615 3134 1680 venerit,
3169 1616 3262 1672 ubi
3291 1617 3465 1674 simul
3497 1633 3632 1677 con-

2105 1683 2611 1760 iventi-caccabum,
2648 1683 2856 1760 legatos
2885 1685 2958 1740 ad
2985 1702 3046 1741 se
3065 1702 3178 1760 non
3203 1688 3463 1760 miserit;
3483 1689 3631 1760 petit

2104 1753 2256 1821 illos,
2289 1753 2556 1819 destinet,
2590 1759 2657 1810 ut
2686 1753 2745 1811 se
2773 1755 2846 1810 ad
2874 1772 3004 1811 eum
3033 1759 3291 1828 conferre
3314 1753 3510 1830 possit.

2104 1857 2314 1914 Dilecto
2343 1875 2407 1914 ac
2436 1860 2659 1930 spiritali
2691 1860 2800 1916 ﬁlio
2831 1861 3052 1916 Canono
3083 1862 3326 1935 glorioso
3357 1863 3496 1938 regi.

2105 1946 2252 2002 Sicut
2284 1956 2473 2003 nostro
2505 1949 2820 2018 prmsulatui
2851 1950 3046 2005 vestris
3069 1951 3181 2020 jam
3211 1951 3337 2007 olim
3362 1952 3635 2024 regalibus

2033 2034 2306 2090 direxistis
2335 2037 2602 2106 apicibus,
2627 2046 2683 2092 ut
2703 2037 2788 2092 his
2811 2038 3072 2094 Kalendis
3101 2040 3500 2095 Novembribus
3523 2042 3634 2111 jam

2034 2125 2320 2180 transactis
2375 2125 2532 2180 vobis
2565 2125 2783 2196 Papiam
2815 2127 3030 2182 obviam
3061 2128 3248 2184 venire
3278 2129 3634 2184 deberemus:

2033 2222 2298 2283 quatenus
2354 2214 2628 2268 communi
2673 2215 2835 2269 simul
2878 2222 3110 2272 tractatu
3157 2233 3222 2272 ea
3276 2223 3398 2289 quae
3437 2227 3638 2274 sanctae

2031 2300 2298 2356 Ecclesia
2327 2301 2426 2356 Dei
2458 2301 2610 2356 utilia
2641 2310 2784 2368 sunt,
2809 2311 2864 2356 et
2885 2303 3042 2376 regni
3065 2304 3338 2359 stabilitati
3369 2304 3632 2377 proticua,

2033 2389 2240 2458 pariter
2289 2389 2838 2458 .considerassemus,
2915 2392 3318 2464 stabilitateque
3373 2402 3635 2466 perpetua

2033 2475 2442 2545 ﬁrmassemus;
2476 2479 2580 2534 hoc
2624 2479 2844 2550 quidem
2893 2480 3050 2536 avida
3091 2497 3153 2535 ex
3202 2489 3329 2537 tunc
3369 2480 3634 2552 perﬁcere

2033 2575 2214 2622 mente
2259 2566 2431 2637 parati
2458 2567 2739 2622 existimus
2773 2587 2787 2623 :
2820 2570 2917 2624 sed
2949 2569 3071 2642 quia
3103 2585 3200 2626 vos
3230 2569 3285 2624 in
3315 2569 3526 2626 italiam
3555 2571 3632 2625 in-

2033 2655 2230 2709 troisse
2279 2655 2548 2721 audimus,
2599 2655 2756 2712 valde
2803 2657 2984 2712 mirati
3030 2675 3219 2713 sumus
3277 2659 3634 2731 quamobrem

2033 2752 2272 2799 vestrum
2331 2744 2488 2800 nobis
2543 2745 2852 2814 adventum,
2905 2764 3006 2818 per
3051 2747 3386 2804 excellentiae
3439 2755 3636 2804 vestra:

2034 2832 2322 2887 melliﬂuos
2366 2833 2551 2904 apices
2583 2841 2635 2888 et
2665 2833 2892 2890 idoneos
2935 2837 3168 2909 legatos,
3217 2836 3496 2908 cognitum
3534 2837 3634 2892 mi-

2033 2921 2180 2976 nime
2212 2921 2484 2988 feceritis;
2519 2938 2644 2977 nam
2690 2931 2921 2994 paterno
2951 2941 3050 2980 vos
3079 2924 3277 2980 affectu
3323 2925 3635 2996 diligentes,

2035 3010 2261 3080 speciali
2291 3011 2548 3066 duntaxat
2577 3011 2770 3066 intuitu
2802 3013 3232 3084 magnitudinem
3263 3022 3499 3070 vestram
3522 3029 3634 3070 cer-

1961 3137 2012 3200 C
2037 3114 2170 3152 nere
2199 3099 2597 3165 desideramus,
2622 3098 2853 3154 filiorum
2873 3101 3215 3157 charissima.
3248 3103 3406 3158 Nunc
3432 3101 3631 3174 itaque,

2036 3185 2080 3240 si
2113 3187 2333 3242 omnino
2379 3204 2566 3242 verum
2617 3195 2696 3241 est
2723 3187 2835 3256 jam
2868 3189 3083 3261 Papiam
3113 3190 3349 3256 venisse,
3383 3191 3635 3246 volumus

2035 3283 2094 3329 ut
2123 3281 2350 3335 eximios
2396 3297 2462 3335 ex
2508 3281 2678 3337 latere
2719 3287 2902 3334 vestro
2931 3279 3090 3334 nobis
3119 3278 3370 3352 dirigatis
3399 3278 3632 3350 legatos,

2035 3369 2364 3426 honoriﬁcas
2393 3369 2509 3425 sedi
2541 3371 2855 3442 apostolicae
2886 3369 3096 3424 litteras
3124 3367 3474 3434 deterentes;
3509 3367 3635 3440 qui-

2037 3459 2140 3514 bus
2170 3457 2422 3514 videlicet
2450 3459 2775 3530 perspectis,
2799 3459 2867 3514 ad
2897 3465 3133 3514 vestram
3161 3471 3462 3528 properare
3493 3473 3642 3511 sere-

2038 3547 2261 3602 nitatem
2293 3563 2692 3619 communeque
2722 3545 3052 3618 colloquium
3074 3543 3442 3600 indubitanter
3459 3545 3640 3600 valea-

2037 3652 2160 3690 mus
2193 3654 2206 3690 :
2239 3635 2362 3708 quia
2401 3651 2546 3703 cum,
2599 3637 2714 3691 Deo
2757 3634 3012 3708 propitio,
3065 3633 3344 3690 vobiscum
3377 3633 3635 3688 fuerimus
3701 3637 3717 3648 ‘

2038 3724 2332 3794 conjuncti,
2363 3724 2544 3780 omnia
2593 3741 2716 3796 quae
2745 3725 2815 3779 ad
2844 3723 3223 3779 exaltationem
3255 3729 3461 3778 sanctae
3489 3721 3638 3776 sedis

2039 3813 2354 3885 apostolicae
2380 3813 2572 3869 matris
2597 3822 2812 3882 vestrae,
2849 3821 2902 3868 et
2931 3813 2998 3868 ad
3027 3819 3270 3868 vestrum
3301 3826 3362 3865 ac
3393 3818 3637 3870 nostrum

2039 3903 2292 3958 videntur
2315 3903 2592 3974 pertinere
2622 3904 2907 3968 honorem,
2942 3903 3058 3956 Deo
3088 3901 3322 3966 favente,
3347 3899 3508 3955 facile
3534 3915 3638 3970 po-

2041 3991 2266 4047 terimus
2296 3991 2579 4062 perlicere.
2607 3993 2711 4046 Pro
2739 3991 2934 4062 quibus
2964 3989 3120 4045 vobis
3148 3998 3201 4044 et
3230 3989 3283 4042 in
3313 3991 3418 4044 hoc
3439 3987 3640 4044 saeculo

2039 4081 2213 4152 gloria
2243 4080 2612 4150 multipliciter
2632 4087 2896 4152 augeatur
2925 4093 2958 4132 a
2988 4077 3237 4144 Domino,
3263 4085 3316 4132 et
3344 4077 3398 4130 in
3429 4075 3638 4131 caelesti

2040 4167 2384 4238 pestmodum
2433 4168 2660 4238 regione
2706 4183 2918 4222 merces
2964 4173 3221 4236 perpetua
3250 4164 3440 4237 procul
3468 4163 3636 4218 dubio

2041 4256 2324 4311 tribuetur.
2359 4257 2492 4310 Data
2521 4259 2587 4311 ut
2615 4272 2809 4327 supra.

2673 4379 2910 4434 CCLXX
2919 4381 3003 4434 \‘l.

2659 4484 2728 4523 AD
2774 4483 3022 4524 EUIDEII.

2663 4560 2842 4628 (Anno
2871 4561 2994 4612 879.
3006 4573 3022 4625 1)

2049 4668 2273 4722 Gratias
2307 4668 2422 4737 agit
2443 4665 2586 4737 quod
2613 4682 2743 4721 cum
2761 4681 2799 4717 α
2821 4681 2876 4720 se
2895 4665 3078 4737 fuerit
3099 4665 3436 4737 Conspertus
3459 4663 3642 4737 Eccle-

2115 4739 2214 4793 sia:
2251 4733 2612 4792 l’efceliensis
2655 4733 2944 4808 cpiscopus
2984 4733 3299 4800 ordinatus,
3331 4735 3452 4804 ejus
3483 4733 3640 4808 ordt-_

2117 4809 2350 4890 nationi.
2397 4808 2654 4890 libenter.
2683 4803 3160 4890 'aguiéveriti.se.
3195 4803 3434 4890 excusat
3499 4803 3641 4888 quod

2111 4881 2454 4950 Anspertum
2495 4875 2978 4950 archiepiscopum
3018 4875 3486 4932 Mediolauensem
3509 4875 3640 4948 ejus

2114 4950 2370 5022 precibus
2399 4967 2514 5005 non
2544 4950 2762 5005 absolvo
2771 4953 2810 5003 t.

2117 5037 2325 5092 Dilecto
2354 5053 2417 5092 ac
2443 5037 2664 5108 spiritali
2695 5035 2806 5090 lilio
2837 5037 3060 5090 Canem
3089 5035 3333 5108 glorioso
3363 5052 3424 5091 ac
3452 5034 3638 5092 excel-

2045 5126 2345 5182 lentissimo
2378 5125 2515 5198 regi.

2119 5214 2437 5285 Multiplices
2483 5213 2684 5286 gratias
2714 5221 2909 5268 vestrae
2940 5213 3230 5268 referimus
3257 5213 3638 5286 magnitudini,

2045 5304 2167 5375 quia
2212 5319 2309 5374 pro
2357 5303 2685 5357 Vercellensi
2733 5303 3065 5373 episcopatu,
3114 5303 3168 5356 in
3217 5319 3325 5375 quo
3365 5319 3465 5358 nos
3495 5304 3641 5356 Con-

2047 5400 2288 5463 spertum
2335 5407 2443 5445 una
2486 5407 2609 5447 cum
2655 5391 2848 5462 synodi
2889 5393 3113 5448 decreto
3145 5392 3458 5464 episc0pum
3489 5391 3642 5445 ordi-

2046 5479 2312 5542 navimus,
2366 5489 2605 5534 nostram
2654 5480 2886 5536 libenter
2933 5479 3240 5552 perfecistis
3288 5479 3640 5534 voluntatem.

2046 5571 2125 5624 De
2155 5577 2352 5623 caetero
2401 5577 2600 5636 autem,
2634 5571 2737 5624 hoc
2767 5577 2850 5624 est
2867 5568 3252 5626 Mediolanensi
3283 5566 3645 5636 archiepisco-
