4160 6306
562 261 664 313 895

1934 252 2231 310 JOANNIS
2270 242 2463 310 ma:
2503 257 2640 312 VIII.

3754 259 3855 310 896

559 389 705 454 patu,
737 395 771 436 o
801 379 874 434 ﬁli
921 379 1258 444 cbarissime,
1310 379 1448 434 sicut
1497 377 1656 434 nobis
1683 393 1826 435 nunc
1856 377 2146 444 mandasti,
2181 377 2236 438 A
2259 395 2386 434 nem
2440 379 2758 445 ostendatis,
2809 378 3064 452 quoniam
3113 387 3164 434 et
3193 394 3315 449 nos,
3370 379 3487 435 Deo
3514 377 3768 452 propitio,
3801 380 3854 439 in

559 479 614 526 ut
643 473 971 542 Anspertum
1013 467 1507 539 archiepiscopum,
1541 483 1705 539 quem
1733 467 1791 522 in
1819 467 2030 540 synodo
2061 482 2160 539 pro

559 557 832 615 nonnullis
861 557 972 614 suis
990 555 1342 631 negligentiis
1369 565 1423 612 et
1451 555 1966 628 prasumptionibus
1988 555 2151 626 judi-

559 649 830 714 cavimus,
855 647 1214 704 reconciliare
1241 646 1589 702 deberemus.
1623 645 1780 716 Quod
1811 646 2032 718 quidem
2060 661 2163 700 nos

559 753 660 809 pro
689 745 872 793 vestro
902 751 1090 792 amore
1119 735 1286 791 alacri
1315 743 1498 791 mente
1525 735 1839 792 omnimodo
1866 733 2163 808 perficere-

560 842 703 893 mus,
763 825 812 880 si
867 823 1136 881 sententia
1183 823 1562 890 damnationis,
1611 840 1773 898 quam
1816 823 1872 879 in
1911 823 2162 880 eumdem

559 913 1034 986 archiepiscopum
1079 912 1421 984 protulimus,
1473 913 1575 968 sub
1623 920 1813 969 tenore
1843 913 2026 986 aliquo
2053 928 2163 970 non

559 1002 753 1059 fuisset
797 1003 1020 1074 prolata.
1073 1001 1287 1058 Dictum
1336 1009 1418 1057 est
1463 1001 1607 1056 enim
1655 1001 1846 1056 tandiu
1894 1017 2017 1058 eum
2046 1001 2163 1058 fore

559 1093 628 1148 ab
683 1093 891 1148 honore
947 1099 999 1146 et
1049 1089 1346 1145 ministerio
1406 1091 1728 1146 sacerdotali
1784 1107 2113 1162 suspensum
2143 1135 2156 1158 ,

562 1181 756 1247 donec,
789 1189 1008 1236 auctore
1037 1181 1173 1245 Deo,
1207 1195 1362 1234 suam
1391 1179 1683 1250 specialem
1713 1179 1872 1236 nobis
1903 1181 1973 1235 ad
2005 1179 2164 1236 satis-

561 1268 866 1326 faciendum
911 1269 1190 1324 exhiberet
1233 1268 1596 1340 prasentiam.
1629 1270 1697 1324 Et
1727 1268 1855 1341 quia
1900 1269 2162 1324 Ecclesia

561 1359 662 1415 Dei
712 1357 1058 1432 privilegium
1105 1373 1204 1414 nos
1233 1358 1392 1414 decet
1441 1357 1819 1414 immutilatum
1849 1357 2164 1414 solemniter

559 1462 906 1514 conservare,
939 1463 1009 1503 ne
1038 1447 1094 1502 in
1123 1447 1306 1520 aliquo
1351 1455 1566 1518 patrum
1596 1447 1854 1504 terminos
1881 1447 2162 1520 praterire

559 1536 859 1603 videamur,
913 1543 1104 1593 contra
1151 1544 1351 1592 statuta
1393 1537 1665 1606 majorum
1708 1552 1875 1610 agere
1914 1535 2162 1608 nequivi-

560 1641 698 1680 mus.
730 1624 886 1681 Unde
913 1625 1260 1696 benignitatis
1292 1634 1490 1682 vestra
1529 1625 1904 1682 excellentiam
1931 1633 2161 1698 paterno

2263 483 2452 524 eorum
2506 469 2776 538 adjutorio
2851 467 3134 525 vobiscum
3198 468 3407 540 pariter
3473 468 3532 522 in
3606 467 3854 523 omnibus

2261 558 2496 630 prompti
2525 557 2805 614 existimus
2829 565 2920 613 :ut
2948 557 3170 630 dignam
3189 557 3387 613 exinde
3415 572 3513 612 vos
3541 572 3653 612 non
3681 557 3855 612 solum

2261 661 2293 701 a
2322 646 2438 702 Deo
2469 654 2522 702 et
2548 663 2582 702 a
2609 647 2788 716 nobis,
2821 663 3011 702 verum
3039 645 3201 702 etiam
3229 653 3284 702 et
3312 646 3384 702 ab
3411 645 3519 702 illis
3548 645 3857 702 retributio-

2263 751 2389 792 nem
2417 735 2702 808 percipere
2730 735 3074 792 mereamini.

2887 825 3222 881 CCLXXIX.

2501 929 2575 968 AD
2609 929 2871 970 JOANNBH
2907 929 3218 970 EPISCOPUM
3253 927 3612 971 TICINENSBI.

2810 1005 2988 1074 (Anno
3026 1002 3318 1075 879-880.)

2263 1094 2615 1166 Praecipitat
2634 1094 2932 1167 ecclesiam
2951 1095 3015 1150 in
3035 1095 3293 1167 Gargana
3313 1093 3452 1167 uilla
3471 1094 3663 1167 sitam,
3688 1110 3857 1166 quam

2332 1165 2546 1221 Paulus
2576 1165 2862 1238 Regicnsis
2908 1165 3198 1238 cpiscOpus
3236 1165 3466 1238 reﬁcere
3491 1165 3859 1238 neglexerat,

2333 1237 2626 1302 restituat,
2655 1236 2839 1308 ibique
2868 1236 3208 1292 sacerdotem
3231 1236 3524 1308 proprium
3571 1236 3858 1293 constitua

2333 1311 2390 1362 et
2420 1323 2646 1363 sacrum
2675 1307 2926 1364 chrisma
2957 1307 3266 1363 annuatim
3293 1307 3510 1362 mittat.

2334 1395 2810 1452 Reverendissimo
2829 1403 2880 1452 et
2901 1396 3242 1452 sanctissimo
3258 1397 3465 1450 JOANNI
3493 1394 3748 1467 episcopo
3767 1395 3855 1449 Ti-

2262 1483 2490 1551 cinensi,
2523 1485 2829 1556 dilectoque
2864 1483 3146 1541 confratri.

2335 1572 2474 1642 Quia
2504 1573 2702 1629 Paulus
2731 1573 3018 1647 Regiensis
3047 1573 3307 1629 Ecclesia
3343 1573 3649 1645 episcopus,
3682 1581 3734 1628 et
3765 1588 3858 1630 ca-

2263 1661 2474 1718 nonicis
2529 1661 2838 1718 admonitus
2881 1662 3162 1730 institutis,
3207 1671 3260 1718 et
3307 1663 3509 1718 nostris
3546 1661 3856 1733 apostolicis

779 1714 1410 1822 _,’T‘f’“f‘}‘g‘fs_‘_’_'g
1441 1713 2162 1822 _i"':el_’_f"j"_?,‘{%ihili‘f”
2190 1737 2247 1798 Β
2265 1750 2720 1822 praceptionibus
2748 1752 3084 1818 exhortatus,
3105 1713 3162 1806 ut
3182 1751 3472 1808 ecclesiam
3498 1713 3608 1807 Deir
3626 1752 3856 1822 positam

560 1817 728 1876 agere
777 1819 887 1860 non
929 1818 1222 1875 possumus
1267 1803 1416 1859 nullo
1463 1803 1628 1860 modo
1677 1802 1985 1872 turbemini,
2017 1817 2159 1876 quo-

559 1893 705 1947 niam
733 1901 970 1948 vestram
999 1893 1054 1948 in
1083 1892 1334 1948 omnibus
1383 1893 1630 1964 cupimus
1660 1907 1761 1964 pro
1791 1893 1998 1948 honore
2027 1908 2160 1964 per-

557 1979 718 2038 ﬁcere
748 1982 1100 2037 voluntatem.
1133 1983 1270 2038 Data
1297 1986 1364 2038 ut
1393 1998 1589 2055 supra.

1179 2115 1536 2172 CCLXXVII.

720 2200 792 2238 AD
831 2200 1149 2242 ιυυονιοωί
1189 2201 1260 2241 ΕΤ
1299 2196 1758 2244 ΟΑΙὶΟιΟΜΛΝΝυΠ
1798 2201 1995 2241 REGES.

1167 2277 1348 2345 (Anno
1389 2277 1543 2347 8’79.)-

564 2363 933 2436 Gratiasﬁagit
961 2363 1026 2420 de
1055 2365 1306 2436 ipsorum
1335 2381 1468 2435 erga
1500 2367 1808 2420 Romanam
1851 2365 2159 2420 Ecclesiam

731 2435 959 2506 affectu,
995 2439 1052 2490 et
1074 2435 1348 2492 mutuum
1378 2435 1636 2491 studium
1663 2437 1985 2508 pollicetur.

631 2540 1011 2596 Dilectissimis
1054 2540 1179 2596 filiis
1209 2543 1493 2597 Luuovrco
1523 2549 1576 2597 et
1605 2541 2003 2597 Carolomanno
2033 2541 2158 2614 glo-

561 2629 876 2685 riosissimis
908 2630 1152 2704 regibus.

631 2718 828 2774 Audita
903 2735 1003 2790 per
1065 2719 1436 2775 venerabilem
1499 2719 1817 2790 episcopum
1873 2719 2160 2776 devotione

562 2815 762 2876 vestra,
813 2823 974 2879 quam
1019 2807 1162 2862 circa
1211 2817 1450 2864 sanctam
1512 2810 1810 2864 Romanam
1856 2808 2160 2864 Ecclesiam

562 2895 759 2951 habere
789 2904 1010 2968 totoque
1055 2897 1338 2952 conamine
1363 2913 1621 2953 exercere
1649 2897 1866 2968 cupitis,
1898 2897 2162 2952 maximas

561 2985 676 3040 Deo
707 2993 760 3040 et
805 2985 962 3040 vobis
1007 2985 1207 3058 gratias
1250 2985 1482 3058 agimus.
1535 2985 1690 3042 Unde
1719 3001 1752 3040 a
1781 2993 1964 3042 nostra
2010 2994 2160 3057 parte

2261 1839 2318 1895 in
2347 1838 2474 1896 villa
2505 1857 2624 1912 qua
2651 1839 2846 1896 dicitur
2875 1841 3140 1912 Carpana,
3172 1840 3300 1912 igne
3329 1848 3617 1896 crematam
3647 1847 3857 1895 restau-

2262 1942 2402 1998 rare,
2435 1928 2618 2001 ibique
2663 1945 2821 1984 suum
2847 1971 2862 1998 ,
2906 1929 3203 1986 secundum
3249 1929 3338 1998 jus
3383 1928 3811 1986 ecclesiasticum
3834 1973 3850 1995 ,

2263 2033 2423 2073 omne
2453 2017 2692 2074 ofﬁcium
2723 2018 2810 2074 vel
2837 2017 3196 2074 ministerium
3219 2017 3320 2073 rite
3341 2035 3608 2092 peragere
3636 2018 3856 2074 debuis-

2263 2116 2363 2174 set,
2399 2113 2604 2162 temere
2651 2107 2995 2178 contempsit,
3040 2116 3350 2178 nostraque
3395 2107 3599 2162 salubri
3645 2123 3854 2178 prace-

2261 2195 2431 2266 ptioni
2461 2195 2681 2251 obedire
2731 2196 3076 2266 contempsit,
3108 2211 3210 2252 nec
3254 2196 3496 2251 debitum
3525 2197 3580 2250 in
3608 2197 3712 2251 hoc
3740 2197 3855 2250 Deo
3915 2199 3921 2204 ’

2262 2293 2446 2340 nostro
2477 2284 2783 2340 reddidisse
2812 2284 3026 2340 videtur
3055 2285 3335 2340 honorem.
3360 2285 3856 2356 Pracipientesigi-

2261 2381 2347 2428 tur
2375 2389 2440 2428 ex
2488 2373 2787 2444 apostolica
2826 2373 3143 2429 auctoritate
3191 2373 3499 2428 dilectionis
3547 2382 3652 2428 tua
3693 2373 3855 2442 jube-

2261 2478 2402 2526 mus,
2434 2469 2490 2516 ut
2519 2462 2589 2518 de
2620 2461 2896 2532 prasenti,
2939 2469 2990 2516 et
3039 2463 3243 2533 absque
3289 2462 3436 2516 omni
3483 2461 3852 2533 protelatione,

2261 2550 2434 2622 ipsam
2467 2549 2758 2606 ecclesiam
2807 2549 3063 2606 restituas
3094 2551 3145 2604 in
3173 2550 3462 2621 pristinum
3508 2551 3758 2606 decorem
3803 2559 3855 2606 et

2261 2639 2530 2704 ordinem,
2553 2648 2712 2710 atque
2745 2639 2844 2693 sub
2873 2639 3081 2710 pr0prii
3111 2655 3238 2694 cura
3259 2639 3558 2695 sacerdotis
3575 2654 3696 2694 eam
3725 2655 3854 2694 con-

2261 2727 2470 2796 stituas,
2505 2727 2598 2798 qui
2628 2727 2846 2782 sedulas
2879 2727 2954 2781 ibi
2987 2727 3216 2782 Domino
3246 2727 3434 2782 laudes
3464 2727 3701 2798 quotidie
3730 2743 3854 2798 per-

2263 2816 2454 2882 solvat,
2481 2832 2542 2871 ac
2557 2831 2654 2886 pro
2675 2815 2848 2871 salute
2867 2814 3106 2870 ﬁdelium
3128 2815 3550 2886 omnipotentem
3568 2816 3854 2872 Dominum

2261 2903 2432 2958 valeat
2463 2919 2714 2970 exorare,
2741 2919 3066 2975 sacrumque
3096 2903 3223 2972 illic,
3248 2905 3364 2958 Deo
3393 2904 3645 2976 propitio,
3678 2919 3852 2958 annue

2262 2993 2501 3048 chrisma
2531 2992 2746 3048 mittere
2774 2992 3147 3047 indesinenter
3173 3008 3450 3064 procures,
3488 2993 3635 3064 quod
3661 3001 3742 3047 est
3771 3000 3854 3048 to-

562 3089 660 3129 vos
689 3082 870 3130 certos
899 3074 1132 3130 existere
1174 3075 1421 3130 volumus
1453 3074 1578 3148 quia
1605 3074 1741 3130 sicut
1770 3074 2022 3130 dominus
2051 3075 2158 3129 Ca-
2189 3097 2240 3160 ο
2263 3081 2365 3136 tius
2421 3081 2838 3136 Christianitatis
2901 3081 3048 3135 salus
3089 3089 3143 3135 et
3191 3079 3454 3152 perfectio
3512 3097 3658 3136 vera.
3719 3081 3852 3135 Data

560 3162 706 3218 rolus
733 3162 877 3219 diva
904 3163 1184 3220 memoria
1211 3163 1506 3236 imperator
1533 3179 1666 3220 avus
1697 3172 1896 3231 vester,
1919 3179 1982 3220 ac
2010 3171 2161 3236 post-

561 3251 783 3307 modum
830 3251 1048 3325 genitor
1088 3261 1272 3308 vester
1319 3252 1624 3309 Ludovicus
1670 3269 1787 3322 rex,
1835 3253 1934 3308 sub
1973 3261 2158 3324 prote-

556 3341 736 3397 ctione
767 3341 1024 3397 Romana
1059 3341 1322 3398 Ecclesia
1355 3349 1649 3413 nostraque
1678 3341 1976 3413 apostolica
1998 3343 2072 3395 tui
2125 3371 2149 3382 -

555 3429 700 3484 tione
731 3444 828 3485 vos
845 3430 1381 3496 commendaverunt,
1414 3429 1484 3484 ita
1515 3438 1761 3485 nostrum
1793 3429 2156 3501 apostolicum

553 3515 805 3574 affectum
837 3517 982 3575 circa
1001 3533 1100 3573 vos
1119 3517 1176 3574 in
1195 3518 1448 3573 omnibus
1469 3518 1759 3574 ostendere
1777 3534 1979 3590 vosque
2001 3518 2157 3588 adju-

554 3623 685 3662 vare
715 3621 779 3662 ac
817 3615 1111 3679 protegere
1157 3615 1382 3678 paterna
1423 3607 1713 3663 dilectione
1760 3615 1924 3679 atque
1967 3623 2154 3663 amore

555 3711 775 3766 semper
820 3696 990 3766 parati
1037 3695 1334 3751 existimus.
1389 3696 1660 3752 Praeterea
1689 3697 1758 3752 de
1785 3696 1870 3752 his
1900 3713 2020 3768 qua
2055 3713 2156 3768 per

549 3785 664 3854 jam
701 3783 907 3840 dictum
939 3783 1324 3856 coepiscopum
1351 3785 1520 3840 verbo
1549 3793 1708 3840 tenus
1735 3785 2051 3854 mandastis,
2085 3785 2153 3840 ita

556 3871 712 3928 vobis
741 3888 840 3942 per
865 3887 988 3926 eum
1009 3871 1168 3927 dictis
1190 3872 1569 3944 respondendo
1589 3873 1904 3929 direximus.
1928 3874 2068 3928 Nam
2090 3889 2154 3928 ea

557 3977 677 4034 qua
706 3969 893 4016 nostro
923 3960 1154 4037 consilio
1185 3961 1486 4032 reperimus
1517 3969 1568 4017 et
1590 3962 1747 4018 vobis
1766 3961 2154 4018 innotescendo

554 4050 947 4120 mandavimus,
999 4051 1068 4106 ad
1117 4059 1356 4106 vestrum
1419 4053 1678 4108 honorem
1736 4049 1971 4122 proﬁcua
2031 4067 2153 4107 esse

554 4139 869 4196 omnimodo
897 4139 1123 4196 credite.
2127 4149 2132 4153 '

1159 4265 1542 4321 CCLXXVIII.

858 4369 930 4408 AD
972 4370 1242 4410 HUGONEM
1279 4370 1352 4408 ΕΤ
1386 4370 1544 4410 Αιιοε
1593 4371 1850 4410 COMI‘I‘ES.

1166 4445 1346 4512 (Anno
1386 4444 1536 4511 879.)

557 4533 780 4588 Gratias
811 4532 930 4604 agit
953 4532 1019 4586 de
1045 4531 1154 4600 ﬁde
1184 4548 1352 4603 quam
1372 4531 1642 4588 Ludovico
1663 4536 1718 4588 et
1741 4533 2148 4588 Carolomanno

1073 4620 1289 4690 regibus
1317 4620 1632 4675 servabant.

627 4727 847 4782 Hucom
896 4726 1092 4781 eximio
1140 4725 1342 4790 abbati,
1403 4741 1499 4781 seu
1527 4726 2146 4793 Banmnno,(iu1rom,

556 4822 609 4869 et
637 4814 758 4869 aliis
789 4815 906 4886 regi
935 4813 1193 4885 gloriosis
1223 4813 1534 4869 comitibus.

628 4910 927 4965 Audientes
978 4910 1176 4965 bonam
1221 4909 1423 4964 famam
1469 4910 1537 4964 de
1579 4910 1754 4975 vobis,
1789 4910 1932 4981 quod
1962 4920 2150 4982 prote-

553 5003 756 5064 ctores,
783 4997 1100 5053 defensores
1130 5005 1291 5068 atque
1320 4997 1510 5054 ﬁdeles
1541 4999 1814 5055 Ludovico
1843 5007 1896 5054 et
1927 5001 2151 5056 Carolo-

555 5101 756 5140 manno
785 5086 1258 5142 excellentissimis
1288 5087 1532 5160 regibus,
1574 5088 1663 5159 qui
1706 5087 1862 5144 nobis
1893 5105 1923 5142 a
1952 5105 2151 5162 proge-

556 5174 821 5229 nitoribus
865 5175 976 5229 suis
1022 5175 1298 5231 commissi
1343 5184 1485 5244 sunt,
1518 5175 1572 5230 in
1602 5177 1852 5232 omnibus
1900 5179 2146 5245 existitis,

551 5263 752 5336 gratias
799 5263 1078 5320 referimus
1121 5265 1404 5320 maximas.
1447 5265 1790 5338 QuaprOpter
1816 5267 1902 5322 his
1930 5276 2150 5338 aposto-

552 5352 672 5409 licis
721 5352 922 5407 nostris
964 5353 1156 5408 litteris
1199 5354 1653 5428 magniﬁcentiam
1685 5364 1916 5412 vestram
1947 5357 2149 5411 exhor-

553 5451 731 5496 tamur
758 5450 814 5497 ut
847 5458 997 5498 more
1029 5441 1265 5498 fidelium
1295 5452 1582 5515 parentum
1615 5453 1942 5510 vestrorum,
1974 5445 2150 5518 magis

552 5545 618 5585 ac
648 5530 824 5602 magis
865 5531 1008 5586 circa
1039 5548 1134 5586 eos
1165 5541 1402 5587 vestram
1453 5533 1878 5587 sincerissimam
1910 5533 2151 5588 devotio-

2260 3173 2328 3226 αι
2356 3187 2547 3242 supra.

2901 3259 3212 3314 CCLXXX.

2559 3363 2630 3402 AD
2669 3363 2738 3402 TE
2746 3363 3008 3403 UTIABUM
3047 3363 3546 3404 ARCHIEPISCOPUX.

2749 3419 2930 3491 (Anno
2961 3421 3064 3474 879
3095 3419 3183 3475 vel
3213 3419 3362 3490 880.)

2257 3510 2498 3566 Miratur
2545 3525 2674 3565 eum
2723 3510 2937 3565 morari
2973 3513 3030 3565 et
3053 3510 3124 3564 ad
3152 3526 3210 3564 se
3243 3527 3356 3566 non
3400 3509 3625 3574 venire;
3665 3512 3847 3564 monet

2779 3584 2844 3636 ut
2874 3583 3074 3636 statim
3112 3581 3322 3636 veniat.

2328 3669 2804 3726 Reverendissimo
2852 3676 2904 3723 et
2952 3669 3296 3725 sanctissimo
3343 3669 3648 3724 Taunum
3677 3666 3850 3724 archi-

2261 3757 2520 3830 episcopo
2547 3757 2745 3814 dilecto
2775 3755 3030 3813 confratri
3057 3765 3267 3813 nostro.

2327 3846 2472 3902 Sicut
2523 3845 2679 3901 nobis
2720 3845 2948 3901 dilectus
2977 3861 3040 3902 ac
3075 3846 3334 3917 spiritalis
3363 3845 3504 3900 filius
3534 3854 3721 3902 noster
3747 3845 3848 3900 Ca-

2255 3935 2596 3990 rolamannus
2640 3934 2913 4006 gloriosus
2956 3950 3049 3990 rex
3095 3934 3206 3990 suis
3249 3935 3417 4008 regiis
3466 3934 3659 3990 direxit
3687 3933 3848 4005 apici-

2253 4025 2376 4090 bus,
2399 4033 2456 4078 ut
2484 4039 2582 4079 vos
2611 4023 2682 4078 ad
2711 4030 2948 4078 nostram
2979 4023 3337 4094 apostolicam
3357 4023 3544 4080 venire
3565 4023 3851 4079 debuisse-

2252 4113 2322 4168 tis
2367 4113 2731 4185 prasentiam,
2780 4121 3020 4167 vestrum
3069 4112 3308 4184 quotidie
3349 4113 3720 4183 prastolantes
3749 4111 3844 4166 ad-

2251 4211 2471 4258 ventum
2516 4201 2782 4256 miramur
2827 4217 2926 4257 cur
2952 4207 3162 4256 tantum
3201 4201 3489 4256 moremini
3524 4219 3537 4255 :
3572 4217 3674 4256 nos
3704 4199 3844 4254 enim

2251 4290 2502 4346 almitatis
2553 4299 2604 4346 et
2633 4291 2932 4361 prudentia
2962 4299 3160 4346 vestra
3188 4289 3374 4345 favore
3405 4289 3600 4360 repleti
3653 4289 3840 4344 frater-

2251 4380 2472 4436 nitatem
2494 4388 2727 4434 vestram
2749 4379 2838 4450 pio
2859 4379 3109 4450 cupimus
3125 4381 3238 4448 jam
3260 4379 3617 4450 contemplari
3637 4377 3842 4432 intuitu.

2177 4459 2229 4521 D
2252 4470 2406 4525 Unde
2437 4469 2520 4523 his
2547 4468 2750 4524 nostris
2780 4467 3098 4539 apostolicis
3137 4468 3334 4522 litteris
3361 4484 3458 4522 vos
3489 4483 3768 4522 monemus
3795 4475 3847 4519 et

2251 4559 2600 4613 exhortamur
2625 4567 2683 4612 ut
2713 4557 2897 4612 libenti
2913 4557 2980 4610 ad
3011 4572 3112 4612 nos
3142 4556 3326 4611 animo
3355 4571 3647 4627 properare
3677 4555 3844 4610 omni-

2250 4647 2429 4702 modis
2475 4646 2757 4712 studeatis,
2810 4653 3078 4718 quatenus
3125 4661 3234 4700 una
3280 4645 3564 4700 vobiscum
3612 4659 3844 4715 ea-qua

2252 4745 2452 4792 sancta
2482 4735 2580 4790 Dei
2607 4734 2870 4791 Ecclesia
2899 4735 3046 4788 utilia
3077 4742 3221 4799 sunt,
3245 4743 3406 4806 prout
3426 4749 3654 4789 necesse
3669 4733 3841 4796 fuerit,

2252 4825 2455 4896 pariter
2483 4824 2734 4880 ordinare
2764 4824 3066 4880 valeamus.
3096 4824 3231 4878 Data
3262 4827 3330 4878 ut
3359 4839 3551 4896 supra.

2877 4912 3215 4967 CCLXXXI.

2253 5017 2324 5057 AD
2364 5017 2654 5057 ANTONIUM
2692 5017 3002 5142 EPIS(CAOPUM
3019 5017 3121 5128 813';
3149 5014 3548 5142 ἓὲιόΕ)ΝαΑιιιυΜ
3579 5012 3838 5055 ΟΟΜΙΤΕΜ.

2871 5089 2979 5128 nno
3127 5103 3152 5112 -
3266 5114 3276 5125 .

2871 5089 2979 5128 nno
3019 5089 3276 5128 δἸυ-δόυ.

2252 5164 2611 5232 Liutfrcdum
2628 5164 2910 5228 comitem,
2937 5164 3069 5234 quia
3093 5161 3400 5234 monialem
3427 5175 3548 5232 qua
3568 5176 3596 5214 e
3619 5173 3840 5234 monas-

2325 5231 2466 5288 terio
2530 5234 2820 5304 eﬁugerat,
2883 5231 3150 5302 suscepit,
3197 5235 3254 5286 et
3303 5231 3444 5304 bona
3501 5231 3840 5304 Angeloertas

2322 5302 2705 5376 imperatiicis
2750 5304 3012 5373 diripuit,
3063 5303 3545 5376 excommunicat,
3583 5302 3697 5376 nisi
3725 5305 3840 5355 sta-

2325 5374 2447 5430 tuto
2489 5379 2736 5445 tempore
2776 5375 3122 5444 satisfecerit
3155 5393 3172 5428 :
3205 5377 3396 5428 monet
3439 5389 3510 5426 ne
3554 5374 3840 5444 quisquam

2323 5463 2454 5503 cum
2482 5462 2542 5503 eo
2572 5447 2968 5502 communicet.

2324 5533 2800 5594 Reverendissimo
2849 5536 3107 5588 Axv'romo
3152 5533 3411 5616 episcopo
3467 5530 3749 5598 Brixiensi,
3795 5538 3844 5584 et
