4160 6318
357 269 458 321 897

1521 224 1872 323 erismae
1921 268 2008 322 ar
2059 269 2404 326 DECRETA.

3558 279 3658 330 898

349 389 690 446 nobilissimo
724 390 843 446 viro
863 391 1170 462 dilectoquc
1195 391 1304 445 ﬁlio
1326 393 1684 446 BEltI-JNGARIO
1716 391 1960 462 glorioso
1991 394 2040 450 Α
2068 409 2220 458 mus;
2254 411 2378 450 cum
2410 395 2555 448 idem
2586 395 2653 449 de
2677 395 2874 449 talibus
2895 397 3156 451 cavendis
3185 397 3378 454 doctor
3405 399 3662 471 egregius

349 478 560 533 comiti.

423 565 566 636 Quia
596 566 829 623 dilectus
859 583 926 624 ac
949 568 1209 640 spiritalis
1239 567 1379 624 tilius
1398 579 1587 624 noster
1615 568 1961 624 Caroloman-

348 672 454 710 nus
485 656 764 728 gloriosus
794 673 892 712 rex
921 657 1034 711 suis
1055 657 1333 728 regalibus
1353 657 1568 724 litteris,
1589 666 1642 712 et
1669 657 1960 711 missorum

348 753 666 800 nostrorum
695 745 888 812 verbo,
922 755 1110 800 nostro
1131 746 1446 817 praesulatui
1477 746 1566 816 pio
1601 745 1795 800 mentis
1816 743 1959 799 aﬁ‘e-

346 840 439 888 ctu
471 833 765 902 commisit,
797 841 856 887 ut
888 850 990 889 nos
1015 851 1202 890 curam
1227 835 1383 904 hujus
1415 833 1584 890 Italici
1615 833 1770 907 regni
1801 833 1963 888 babe-

326 937 553 993 .remus,
607 929 718 976 tam
767 938 868 992 pro
899 922 1156 976 divinitus
1187 923 1346 978 nobis
1385 923 1677 979 commissa
1705 921 1961 993 pastorali

349 1009 711 1066 sollicitudine
739 1011 984 1066 omnium
1015 1011 1214 1066 Christi
1240 1011 1450 1081 ovium,
1483 1027 1647 1084 quam
1677 1011 1842 1066 etiam
1863 1025 1960 1082 pro

348 1097 555 1170 praefati
595 1099 744 1172 regis
789 1099 908 1155 vice
958 1116 1081 1155 cura
1130 1116 1432 1168 concessa,
1485 1100 1577 1156 illa
1621 1116 1744 1172 qua:
1771 1107 1960 1156 contra

350 1189 525 1242 Deum
556 1196 609 1243 et
645 1188 768 1256 jura
815 1188 955 1261 legis
999 1188 1197 1244 alicubi
1247 1188 1628 1262 cognoscimus
1689 1205 1958 1260 praesum-

347 1277 534 1347 ptione
564 1277 879 1347 commissa,
931 1277 1079 1332 omni
1119 1277 1370 1333 volumus
1416 1277 1701 1333 conamine
1732 1293 1958 1348 compe-

347 1381 529 1432 scere,
577 1373 630 1420 et
670 1382 832 1420 unam
881 1382 1042 1422 ovem
1087 1367 1395 1422 morbidam
1447 1365 1632 1439 gladio
1669 1375 1960 1438 percutere

351 1453 601 1524 spiritali,
634 1461 694 1509 ut
722 1455 790 1510 ad
832 1455 1062 1510 salutem
1115 1456 1498 1527 quoquomodo
1535 1455 1714 1510 anima
1762 1454 1959 1510 vulne-

351 1550 470 1598 rata
485 1543 784 1614 perveniat,
811 1551 1098 1616 antequam
1120 1552 1264 1600 totus
1282 1561 1419 1617 grex
1449 1543 1610 1599 unius
1629 1543 1959 1617 contagione

351 1631 669 1687 maculetur.
731 1633 1028 1687 Audientes
1067 1631 1234 1706 igitur
1288 1633 1666 1706 veraciterque
1724 1633 1959 1695 scientes

351 1717 687 1776 Liutfredum
717 1721 971 1777 comitem
1001 1722 1310 1793 suscepisse
1342 1723 1632 1794 quamdam
1664 1721 1960 1778 sanctimo-

350 1808 568 1875 nialem,
594 1811 812 1865 nomine
844 1810 1184 1877 Gerlindam,
1209 1811 1278 1866 de
1309 1811 1606 1868 Placintino
1625 1809 1958 1866 monasterio

349 1897 484 1969 fuga
513 1898 746 1970 lapsam,
767 1907 820 1954 et
839 1907 962 1970 post
979 1908 1226 1955 nostram
1247 1917 1414 1972 super
1441 1901 1541 1956 hac
1573 1917 1740 1956 causa
1767 1900 1954 1956 admo-

351 1987 613 2043 nitionem
636 1988 1025 2060 salubremque
1036 1989 1479 2061 prohibitionem,
1495 2005 1614 2044 eam
1635 1989 1952 2053 detinuisse,

351 2083 516 2148 atque
548 2093 670 2133 cum
699 2078 920 2149 propria
969 2095 1139 2134 uxore
1181 2079 1406 2163 suisque
1451 2078 1528 2133 illi
1559 2078 1765 2150 pariter
1801 2093 1957 2134 com-

349 2165 690 2236 municasse;
723 2166 988 2222 nobilitati
1034 2175 1232 2223 vestrae
1262 2175 1494 2238 paterna
1524 2167 1782 2222 duntaxat
1812 2166 1958 2221 dile-

350 2253 529 2310 ctione
569 2255 890 2310 mandamus
936 2263 992 2310 ut
1041 2265 1093 2310 et
1143 2264 1249 2310 tam
1299 2271 1397 2326 pro
1429 2257 1621 2310 eadem
1662 2255 1957 2311 sanctimo-

351 2342 482 2399 niali
504 2343 681 2417 [deest
709 2344 963 2418 aliquid],
999 2361 1160 2416 quam
1190 2344 1538 2400 facultatibus
1578 2344 1800 2400 dilectae
1837 2343 1960 2400 ﬁliae

347 2442 552 2489 nostrae
584 2433 950 2506 Angelbergae
999 2436 1278 2504 Augustae,
1331 2434 1416 2488 cui
1457 2433 1695 2488 debitam
1737 2433 1958 2489 omnino

350 2521 538 2576 debuit
567 2520 730 2576 iidem
761 2538 1104 2590 conservare,
1140 2522 1372 2577 latenter
1403 2521 1643 2592 recepit;
1677 2531 1728 2577 et
1765 2523 1958 2577 hacte-

350 2626 456 2665 nus
488 2618 676 2666 contra
709 2620 952 2666 nostrum
985 2611 1034 2665 ei
1075 2611 1306 2666 reddere
1336 2611 1542 2665 distulit
1570 2611 1916 2666 interdictum
1938 2654 1952 2677 ,

351 2715 628 2772 quamque
659 2700 842 2766 etiam,
895 2700 1018 2771 quia
1047 2708 1229 2754 cortex
1259 2700 1428 2770 ipsius
1473 2700 1574 2754 sub
1605 2708 1790 2755 nostra
1819 2715 1958 2770 apo-

351 2787 547 2844 stolica
575 2787 800 2844 tuitione
831 2805 896 2844 ac
935 2787 1256 2844 defensione
1287 2788 1601 2859 perenniter
1649 2795 1954 2858 susceptas,

351 2877 656 2948 depraedari
688 2886 891 2932 temere
933 2877 1296 2948 praesumpsit,
1341 2893 1442 2932 nos
1471 2893 1594 2932 eum
1645 2891 1678 2931 a
1717 2891 1959 2932 commu-

349 2965 514 3022 nione
543 2964 783 3020 ﬁdelium
825 2974 1250 3036 sequestramus,
1305 2965 1379 3020 ita
1409 2965 1612 3021 scilicet
1647 2974 1702 3019 ut
1741 2965 1786 3018 si
1818 2964 1959 3020 infra

350 3054 602 3111 Italicum
632 3071 866 3128 regnum
897 3055 1164 3119 consistit,
1198 3055 1341 3108 intra
1369 3055 1486 3109 dies
1519 3054 1736 3126 triginta
1764 3055 1958 3108 habeat

351 3145 534 3199 omnia
563 3144 662 3197 sub
700 3159 823 3198 vera
858 3143 1223 3198 satisfactione
1281 3143 1489 3198 reddita
1525 3159 1656 3214 quin
1694 3143 1956 3196 violenter

349 3231 587 3294 abstulit,
631 3240 684 3286 et
723 3231 766 3286 si
807 3240 960 3286 extra
1000 3248 1231 3303 regnum
1275 3231 1517 3286 Italicum
1555 3247 1677 3286 esse
1707 3229 1952 3294 videtur,

350 3319 492 3375 infra
519 3320 637 3376 dies
667 3319 980 3390 sexaginta;
1013 3335 1078 3375 ac
1107 3319 1304 3374 deinde
1327 3320 1390 3385 si,
1424 3320 1542 3374 haec
1571 3318 1753 3373 omnia
1775 3317 1958 3388 parvi-

348 3409 616 3481 pendens,
649 3409 704 3462 in
734 3424 833 3464 sua
863 3409 1160 3480 pertinacia
1209 3425 1428 3463 manere
1458 3407 1698 3478 nihilque
1729 3407 1952 3461 studue-

350 3497 422 3554 rit
463 3499 772 3564 emendare,
828 3497 1186 3552 anathematis
1225 3497 1441 3552 vinculo
1499 3497 1564 3550 sit
1622 3496 1948 3560 innodatus,

349 3587 528 3642 donec
554 3588 623 3642 ad
643 3595 880 3640 nostram
903 3587 1257 3657 apostolicam
1294 3585 1644 3656 praesentiam
1671 3584 1881 3640 venerit
1903 3592 1956 3638 et

349 3691 450 3747 pro
477 3675 676 3730 illicitis
713 3675 800 3729 his
837 3675 1089 3730 omnibus
1127 3691 1308 3729 veram
1359 3690 1542 3728 coram
1589 3673 1747 3730 nobis
1790 3673 1952 3728 satis-

349 3763 640 3820 factionem
670 3764 853 3819 facere
881 3763 1165 3818 studuerit.
1207 3763 1414 3818 Idcirco
1461 3763 1712 3818 volumus
1738 3771 1794 3816 ut
1826 3761 1952 3817 nul-

347 3853 561 3910 latenus
590 3853 638 3910 ei
668 3852 1099 3917 communicetis,
1134 3852 1179 3906 si
1210 3860 1394 3908 nostro
1433 3850 1734 3922 apostolico
1769 3851 1949 3919 vultis,

350 3950 411 3997 ut
437 3941 619 3998 dilecti
651 3941 764 4008 ﬁlii,
799 3941 1076 3998 consortio
1110 3941 1234 3996 frui.
1269 3943 1405 3996 Data
1433 3945 1498 3997 ut
1526 3958 1719 4014 supra.

963 4065 1323 4120 CCLXXXII.

735 4171 762 4208 Α
771 4171 804 4210 ι)
843 4169 1192 4209 EGILBERTUM
1237 4169 1564 4208 EPISCOPUI.

897 4244 1078 4314 (Anno
1109 4243 1400 4310 879—889.)

351 4333 552 4404 Arguit
581 4349 708 4387 eum
741 4332 880 4404 quod
901 4348 1034 4404 ﬁcu-m7
1052 4330 1562 4404 excommunicatis
1583 4346 1634 4404 ag
1648 4330 1778 4404 sede
1799 4345 1951 4404 apos-

426 4399 596 4458 tolica
627 4399 1062 4458 cominunicarit
1093 4421 1111 4456 :
1133 4401 1294 4472 jubet
1324 4417 1396 4456 ne
1422 4417 1550 4455 cum
1575 4399 1864 4470 Liutfredo
1894 4403 1950 4454 et

426 4475 686 4530 Odebrico
717 4473 1228 4529 excommunicatis
1257 4472 1637 4528 comminicet.

423 4561 899 4618 Reverendissimo
960 4569 1010 4615 et
1070 4559 1411 4616 sanctissimo
1468 4561 1788 4638 Eunaeum
1827 4558 1948 4629 epi-

353 4666 544 4723 scepo.

420 4739 718 4795 Beatissimi
765 4737 1059 4809 Apostolici
1105 4745 1376 4809 praecepto
1415 4738 1634 4809 (Ephes.
1685 4737 1765 4808 IV)
1787 4735 1951 4806 jube-

353 4845 477 4884 mur
519 4829 792 4899 deponere
836 4834 1078 4882 veterem
1126 4827 1395 4881 hominem
1447 4842 1571 4881 cum
1601 4825 1811 4882 actibus
1841 4824 1954 4879 suis

353 4925 407 4973 et
437 4918 660 4972 induere
693 4932 916 4984 novum,
945 4915 1052 4986 -qui
1099 4915 1400 4970 secundum
1443 4915 1618 4968 Deum
1649 4921 1864 4970 creatus
1894 4929 1954 4968 es

351 5007 409 5062 in
440 5006 645 5076 justitia
679 5014 730 5060 et
755 5004 1035 5060 sanctitate
1065 5003 1308 5059 veritatis
1341 5021 1354 5057 :
1386 5011 1608 5073 propter
1646 5002 1790 5074 quod
1819 5001 1955 5058 dile-

351 5095 593 5153 ctionem
622 5103 768 5149 tuam
799 5093 1082 5148 audientes
1125 5109 1246 5148 cum
1278 5092 1358 5146 eis
1389 5091 1480 5162 qui
1509 5106 1542 5146 a
1581 5091 1713 5146 sede
1744 5099 1958 5162 aposto-

353 5184 477 5250 lica,
501 5184 556 5238 in
578 5200 685 5256 qua
706 5185 988 5238 beatorum
1012 5181 1153 5236 Petri
1172 5197 1236 5236 ac
1257 5180 1408 5234 Pauli
1425 5195 1644 5250 semper
1664 5179 1956 5236 auctoritas

353 5273 518 5338 vivit,
551 5288 653 5344 pro
677 5272 796 5326 suis
835 5269 1134 5325 manifestis
1181 5269 1481 5324 sceleribus
1511 5267 1956 5324 excommunicati

353 5361 549 5417 merito
581 5361 834 5428 existunt,
871 5368 1062 5415 contra
1083 5359 1175 5428 jus
1219 5356 1670 5424 ecclesiasticum,
1702 5365 1827 5411 ante
1853 5372 1955 5411 au-

353 5450 612 5506 dientiam
647 5459 697 5504 et
727 5464 912 5504 veram
943 5447 998 5502 in
1029 5447 1308 5502 reddendo
1339 5444 1790 5509 satisfactionem,
1814 5460 1958 5500 com-

359 5540 658 5602 munirare,
683 5555 788 5591 non
828 5537 1086 5591 mediocri
1121 5535 1283 5591 animi
1329 5534 1518 5590 dolore
1551 5533 1750 5588 turbati
1775 5532 1956 5588 existi-

1979 3101 2030 3166 C

2063 480 2208 537 dicat
2235 500 2247 536 :
2271 483 2330 538 Si
2347 483 2471 555 quis
2492 500 2608 539 non
2629 485 2811 540 obedit
2834 485 2988 540 verbo
3009 489 3200 542 nostra
3219 503 3320 558 per
3339 488 3657 558 epistolam,

2061 571 2214 627 hunc
2233 575 2521 640 uotate,ut
2537 588 2650 627 non
2663 573 3143 630 commisceamini
3163 591 3293 630 cum
3309 591 3370 632 eo
3383 577 3458 644 (II
3476 576 3658 630 Thess.

2061 662 2166 730 ιιι).
2200 660 2338 738 Hinc
2367 659 2529 715 etiam
2561 668 2613 715 et
2643 661 2992 732 coapostolus
3032 662 3150 732 ejus
3177 663 3436 728 Joannes,
3467 664 3662 733 hujus-

2060 748 2208 803 modi
2225 765 2326 804 nec
2343 752 2457 804 Ave
2479 749 2774 805 dicendum
2794 750 3045 806 concedit
3069 768 3082 804 :
3113 752 3171 808 Si
3201 753 3344 823 quis,
3387 751 3658 824 inquiens,

2061 839 2217 892 venit
2237 837 2309 892 ad
2332 853 2422 893 vos
2443 842 2499 894 et
2519 837 2666 893 hanc
2687 837 2786 894 doc
2795 841 3011 894 trinam
3031 855 3146 896 non
3167 839 3354 910 aﬂert,
3378 842 3554 897 nolite
3575 858 3663 898 re—

2061 927 2246 999 cipere
2268 941 2398 982 eum
2420 927 2482 981 in
2509 928 2763 992 Domino,
2803 943 2907 983 nec
2938 928 3046 984 Ave
3081 929 3134 984 ei
3163 928 3356 984 dicite.
3385 931 3488 998 Qui
3509 931 3662 986 enim

2060 1013 2277 1070 dixerit
2294 1016 2366 1080 ei,
2384 1015 2512 1080 Ave,
2538 1017 2924 1072 communicat
2939 1017 3195 1088 operibus
3213 1017 3372 1072 illius
3393 1019 3664 1090 maligni:

2063 1102 2137 1171 (II
2169 1104 2336 1158 Joan.
2363 1101 2426 1175 ι).
2459 1104 2593 1158 Item
2622 1103 2811 1158 beatus
2848 1103 3101 1160 Clemens
3130 1105 3338 1161 Jacobo
3368 1105 3515 1160 fratri
3547 1107 3660 1162 Do-

2060 1190 2194 1245 mini
2223 1192 2492 1261 scribens,
2530 1191 2605 1246 ita
2633 1191 2702 1248 de
2734 1208 2792 1247 se
2823 1193 3132 1264 apostolum
3160 1195 3375 1250 Petrum
3403 1195 3662 1266 populum

2059 1279 2410 1336 admonuisse
2439 1289 2827 1337 commemorat
2859 1299 2873 1334 :
2905 1281 2960 1338 Si
2987 1281 3240 1339 inimicus
3269 1291 3354 1338 est
3381 1283 3545 1340 alicui
3562 1299 3665 1356 pro

2059 1369 2272 1424 actibus
2304 1369 2435 1424 suis.
2467 1385 2566 1426 vos
2596 1370 2763 1426 nolite
2791 1379 3110 1443 exspectare
3139 1379 3197 1426 ut
3239 1371 3356 1444 ipse
3387 1373 3544 1428 vobis
3573 1371 3662 1428 di-

2060 1466 2168 1525 cat,
2225 1475 2350 1514 cum
2409 1458 2502 1514 illo
2559 1459 2726 1514 nolite
2781 1459 2942 1516 amici
2987 1475 3148 1528 esse;
3192 1459 3387 1532 quibus
3432 1460 3664 1518 videlice

2061 1546 2371 1602 salubribus
2430 1548 2696 1620 exemplis
2750 1555 2804 1604 et
2848 1549 3128 1606 canonicis
3185 1549 3346 1605 etiam
3405 1549 3664 1606 institutis

2060 1636 2261 1704 edocti,
2313 1653 2384 1692 ne
2433 1637 2594 1692 simul
2639 1636 2841 1708 pariter
2883 1653 3008 1694 cum
3058 1638 3136 1692 eis
3164 1638 3663 1695 excommunicatus

1985 1725 2280 1808 Bexistas,
2331 1741 2397 1780 ex
2443 1725 2748 1797 apostolica
2797 1725 2892 1781 tibi
2939 1727 3256 1783 auctoritate
3297 1727 3573 1796 jubemus,
3607 1736 3665 1784 ut

2059 1813 2263 1870 nullam
2295 1813 2558 1885 deinceps
2586 1831 2711 1870 cum
2742 1813 3018 1871 Liutfredo
3049 1823 3102 1870 et
3132 1815 3427 1880 Odebrico,
3451 1831 3484 1872 a
3504 1816 3664 1872 nobis

2059 1902 2386 1974 regulariter
2416 1903 2921 1970 excommunicatis,
2946 1904 3032 1960 vel
3067 1905 3121 1958 in
3150 1905 3426 1960 communi
3446 1904 3663 1977 eloquio

2060 1993 2499 2048 communionem
2548 1993 2748 2048 habere
2791 2010 3091 2065 praesumas
3125 2011 3138 2047 :
3172 1994 3216 2048 si
3245 1993 3480 2049 debitam
3526 1993 3580 2048 in
3613 2003 3662 2050 te

2059 2097 2168 2136 non
2193 2081 2274 2136 vis
2301 2081 2592 2152 provinere
2620 2081 2966 2148 sententiam,
3001 2098 3131 2137 sane
3162 2083 3231 2153 (f,
3253 2082 3408 2152 cave)
3434 2090 3491 2136 ut
3522 2081 3663 2138 infra

2059 2169 2179 2225 dies
2209 2171 2432 2241 triginta
2461 2179 2586 2241 post
2635 2169 2794 2239 hujus
2843 2178 3046 2226 nostra:
3076 2170 3393 2241 apostolicae
3422 2170 3663 2242 epistolae

2059 2259 2544 2324 denuntiationem,
2596 2259 2830 2314 reddant
2871 2259 2974 2331 ipsi
3021 2259 3206 2314 omnia
3245 2259 3420 2315 eidem
3452 2259 3663 2316 dilectae

2059 2347 2185 2403 tiliae
2213 2355 2416 2403 nostra
2445 2348 2798 2421 Angelberta:
2844 2351 3107 2421 Augusta
3137 2364 3258 2419 quae
3302 2347 3569 2404 violenter
3597 2363 3662 2404 ac

2059 2435 2430 2492 fraudulenter
2458 2435 2669 2492 auferre
2701 2444 3188 2507 praesumpserunt.

2663 2525 3050 2580 CCLXXXHI.

2477 2624 2550 2662 AD
2590 2624 2918 2665 ιεωιηιιυιωι
2955 2625 3025 2664 ET
3063 2623 3239 2664 ALIOS.

2547 2700 2729 2766 (Anno
2760 2699 2862 2752 879
2903 2697 2988 2752 vel
3021 2698 3171 2770 880.)

2061 2791 2228 2859 Rogat
2261 2791 2325 2843 ut
2356 2789 2623 2844 bonorum
2663 2788 3016 2859 Angelberga:
3044 2789 3425 2859 imperatricis
3461 2804 3661 2844 curam

2683 2877 3031 2931 sustineant.

2132 2963 2505 3019 Nobilissimis
2525 2963 2658 3019 viris
2679 2963 2892 3020 dilectis
2914 2963 3037 3018 ﬁliis
3059 2965 3369 3034 Emrnnno,
3395 2965 3656 3020 Surpom.

2065 3053 2362 3120 ERIPALDO,
2397 3053 2662 3106 Baaanno
2707 3051 2964 3108 Bonifacii
3006 3050 3138 3117 ﬁlio,
3190 3059 3242 3107 et
3281 3052 3660 3108 Cornpnnano

2058 3140 2316 3211 gloriosis
2348 3139 2657 3196 comitibus.

2130 3228 2375 3283 Scientes
2404 3228 2648 3298 profecto
2675 3245 2738 3284 ea
2781 3245 2903 3299 qua:
2943 3228 3220 3300 sagacitati
3261 3238 3454 3284 vestrae
3503 3246 3658 3286 com-

2056 3317 2337 3383 mittimus,
2369 3334 2466 3373 vos
2492 3333 2590 3388 pro
2614 3333 2801 3372 amore
2820 3317 2918 3372 Dei
2941 3326 2989 3372 et
3011 3325 3320 3373 sanctorum
3351 3317 3658 3390 principum

2056 3406 2386 3472 reverentia,
2419 3414 2710 3477 nostraque
2751 3405 3060 3474 dilectione,
3106 3405 3198 3476 pio
3237 3407 3434 3462 mentis
3464 3405 3660 3462 aﬂ'ectu

2054 3495 2351 3566 perlicere;
2407 3495 2531 3550 ideo
2562 3511 2660 3566 pro
2704 3503 2863 3564 parte
2909 3494 3275 3550 dilectissimae
3304 3510 3370 3550 ac
3401 3494 3660 3565 spiritalis

2054 3582 2178 3639 ﬁlia:
2225 3592 2425 3638 nostrae
2473 3583 2838 3655 Angelbergae
2883 3585 3146 3656 Augustae
3189 3583 3274 3637 his
3321 3582 3659 3654 apostolatus

2054 3673 2223 3727 nostri
2248 3671 2440 3726 litteris
2473 3669 2705 3742 gloriam
2734 3679 2968 3726 vestram
3013 3686 3348 3744 magnopere
3384 3670 3658 3742 depreca-

2054 3777 2174 3814 mur
2201 3768 2258 3815 ut
2285 3760 2528 3816 omnium
2550 3776 2736 3816 rerum
2769 3759 2886 3828 ejus
2910 3759 3220 3832 ubicunque
3249 3759 3658 3814 cons:stentium

2054 3835 2244 3905 curam
2275 3857 2326 3904 et
2357 3849 2776 3905 sollicitudinem
2805 3849 3099 3904 maximam
3127 3847 3378 3903 habeatis
3412 3864 3425 3903 :
3459 3855 3656 3920 quate-

2055 3955 2156 3992 nus
2185 3947 2369 3994 vestro
2399 3937 2655 4010 prudenti
2685 3937 2914 3994 consilio
2957 3937 3274 4010 ingentique
3319 3936 3513 3993 solatio
3540 3936 3660 4005 ejus

2051 4027 2234 4082 omnia
2262 4027 2416 4082 salva
2445 4035 2498 4082 et
2526 4025 2868 4092 indimiuuta,
2903 4041 3090 4081 secura
3121 4033 3174 4080 et
3216 4023 3440 4080 defensa
3469 4024 3656 4080 consi-

2051 4123 2214 4184 stant,
2248 4116 2323 4170 ita
2352 4131 2485 4169 sane
2514 4122 2571 4169 ut
2618 4113 2752 4168 nulli
2781 4113 3001 4169 easdem
3031 4129 3122 4168 res
3171 4113 3434 4168 invadere
3462 4127 3527 4168 ac
3553 4113 3654 4167 de-

2049 4203 2300 4274 praedare
2322 4202 2529 4258 sinatis.
2550 4201 2692 4270 Quia
2713 4209 2766 4256 et
2787 4217 2888 4257 nos
2905 4217 3028 4256 cum
3051 4200 3144 4272 qui
3165 4200 3346 4258 facere
3367 4199 3454 4256 vel
3471 4199 3658 4256 favere

2049 4291 2276 4347 facienti
2306 4291 2730 4362 praesumpserit,
2783 4289 3013 4361 spiritali
3044 4289 3234 4360 procul
3263 4289 3430 4344 dubio
3471 4287 3658 4362 gladio

2051 4380 2329 4445 feriemus,
2363 4387 2625 4452 quatenus
2655 4395 2721 4434 ex
2743 4379 2846 4435 hoc
2867 4386 2920 4434 et
2947 4394 3048 4434 nos
3078 4377 3380 4434 secundum
3396 4377 3651 4433 collatum

1976 4456 2031 4518 D
2052 4469 2209 4525 nobis
2229 4468 2485 4525 divinitus
2501 4469 2856 4539 apostolicum
2878 4467 3256 4539 magisterium
3272 4466 3468 4538 dignas
3489 4475 3654 4536 atque

2052 4557 2375 4630 multiplices
2404 4555 2666 4612 nobilitati
2716 4565 2914 4612 vestrae
2942 4555 3144 4629 gratias
3190 4555 3515 4621 habeamus,
3546 4553 3648 4608 be-

2052 4646 2368 4704 nedicentes
2422 4645 2578 4702 vobis
2634 4645 2783 4702 omni
2839 4645 3219 4700 benedictione
3275 4641 3542 4714 spirituali
3601 4641 3657 4696 in

2053 4735 2270 4791 Christo
2297 4737 2427 4790 Jesu
2459 4734 2690 4789 Domino
2721 4741 2928 4798 nostro,
2956 4741 3007 4787 et
3025 4740 3218 4788 vestrae
3246 4731 3374 4786 ﬁdei
3402 4728 3656 4786 laudabi-

2054 4824 2121 4879 lis
2147 4840 2334 4879 rumor
2363 4840 2464 4895 per
2509 4839 2609 4878 ora
2657 4821 2898 4877 ﬁdelium
2940 4837 3158 4891 semper
3204 4819 3406 4892 ubique
3439 4827 3655 4874 resonet

2055 4914 2124 4968 ad
2181 4920 2533 4986 augmentum
2593 4919 2789 4967 vestrae
2843 4918 3121 4980 perpetua:
3179 4903 3651 4963 remunerationis.

2055 5003 2193 5057 Data
2226 5006 2289 5058 ut
2317 5019 2508 5074 supra.

2660 5087 3046 5143 CCLXXXIV.

2460 5193 2532 5232 AD
2575 5191 2933 5232 EUNIBERTUM
2977 5191 3248 5230 COMITEM.

2549 5268 2730 5336 (Anno
2763 5267 2864 5318 879
2897 5263 2982 5320 vel
3015 5267 3164 5334 880.)

2058 5357 2307 5412 Minatur
2345 5356 2434 5410 illi
2479 5355 3148 5420 excommunicationem,
3189 5353 3309 5408 nisi
3351 5367 3438 5406 res
3468 5351 3656 5405 sancti

2175 5428 2330 5482 Petri
2363 5429 2418 5481 et
2452 5425 2799 5497 Angelberga:
2830 5425 3212 5498 imperati-isis
3245 5425 3530 5478 restituat.

2131 5526 2452 5578 Eunaeum
2482 5521 2722 5594 glorioso
2751 5521 2950 5576 comiti.
