4160 6320
527 263 630 315 899

1785 259 2080 315 JOANNIS
2120 258 2312 312 ΡΑΡᾹΞ
2353 259 2492 312 VIII.

3733 256 3837 310 900

599 383 794 440 Veraci
824 383 1089 439 relatione
1135 383 1502 454 comperimus
1545 393 1596 439 te
1647 400 1736 438 res
1781 382 1954 440 sancti
1983 381 2128 438 Petri
2157 383 2208 442 A
2236 382 2397 438 tionis
2427 381 2568 438 ﬁlios
2591 381 2802 438 victrici
2831 398 3046 452 semper
3075 381 3297 437 dextera
3322 381 3580 437 valeretis
3610 381 3843 438 efﬁcaci-

527 471 778 543 apostoli,
807 488 942 544 quas
973 471 1203 543 spiritali
1233 471 1359 526 filiae
1387 480 1592 527 nostra}
1623 472 1989 545 Angelbergm
2019 473 2128 527 Au-

527 567 702 632 gustae
730 576 1024 636 concessas
1073 561 1360 626 habemus,
1411 577 1536 615 cum
1578 561 1700 615 aliis
1731 561 1972 630 ejusdem
2004 559 2130 616 filiae

527 656 730 705 nostrae
759 637 1203 720 proprietatibus,
1237 657 1420 705 contra
1450 649 1632 722 legem
1663 649 1924 704 invadere
1955 663 2020 704 ac
2050 665 2132 704 re—

523 737 697 793 tinere
731 755 743 791 :
774 745 828 794 et
855 738 926 793 ob
974 739 1080 794 hoc
1129 746 1184 792 tu
1225 738 1345 808 ipse
1389 738 1698 793 admonitus
1741 737 1810 792 ab
1849 737 2129 793 invasione

527 825 620 882 illa
649 842 759 882 non
790 834 841 882 te
873 826 1228 893 subtraxeris,
1281 827 1410 898 quin
1439 826 1621 898 potius
1649 827 1913 882 hactenus
1939 827 1996 880 in
2025 827 2128 883 hac

529 915 721 970 eadem
750 915 1019 986 pravitate
1048 915 1342 986 persistere
1370 932 1712 987 nequaquam
1744 914 2016 970 omiseris.
2051 915 2135 970 Id-

526 1003 676 1060 circo
704 1003 802 1058 tibi
831 1003 1178 1075 prmcipimus
1209 1011 1284 1070 ut,
1319 1005 1466 1059 omni
1497 1003 1782 1060 occasione
1827 1003 2128 1076 postposita

528 1097 580 1148 te
610 1102 988 1164 compescens,
1021 1093 1240 1148 easdem
1271 1107 1362 1147 res
1401 1092 1621 1148 omnino
1651 1093 1962 1164 relinquas,
1996 1101 2048 1148 et
2077 1100 2131 1148 te

527 1181 642 1236 sive
674 1189 793 1236 tuos
824 1181 894 1236 ab
940 1181 1072 1252 ipsis
1121 1197 1424 1245 removeas,
1479 1189 1746 1253 quatenus
1791 1181 1966 1237 eidem
2005 1179 2131 1237 ﬁliae

526 1276 730 1325 nostra:
759 1269 919 1326 liceat
947 1285 1138 1326 omnes
1169 1269 1288 1325 illas
1319 1285 1420 1325 suo
1459 1271 1702 1326 dominio
1740 1270 2015 1326 vindicare
2044 1277 2130 1324 at-

523 1361 634 1424 que
681 1353 992 1424 disponere,
1045 1360 1099 1409 et
1129 1361 1185 1408 ut
1233 1353 1282 1409 ei
1330 1353 1543 1408 libitum
1593 1353 1770 1425 fuerit,
1812 1354 1914 1408 sub
1943 1361 2129 1410 nostro

525 1441 747 1512 speciali
775 1442 1169 1498 mandeburdio
1213 1443 1451 1498 retinere
1485 1461 1498 1496 :
1531 1442 1776 1514 alioquin
1823 1443 2040 1499 noveris
2077 1449 2131 1499 te

525 1530 825 1602 apostolica
851 1539 1037 1587 nostra
1061 1532 1380 1588 auctoritate
1401 1540 1590 1588 sancta
1619 1532 1998 1588 communione
2018 1532 2104 1604 pri
2119 1563 2132 1574 -

525 1627 728 1686 vatum,
761 1627 815 1675 et
843 1635 1125 1693 quousque
1169 1621 1272 1676 sub
1319 1636 1567 1693 congrua
1597 1620 1968 1678 satisfactione
2011 1634 2134 1694 quae

524 1707 747 1764 alterius
793 1717 917 1764 sunt
955 1709 1213 1765 restituas
1234 1753 1246 1777 ,
1293 1725 1326 1764 a
1375 1709 1804 1766 Christianorum
1853 1711 2130 1767 consortio
2156 1731 2210 1802 Β

521 1805 850 1868 separatum.
886 1799 1022 1853 Data
1054 1801 1117 1854 ut
1147 1815 1284 1870 supr
1317 1817 1371 1855 a.

1143 1976 1504 2032 CCLXXXV.

973 2097 1044 2137 AD
1081 2098 1356 2139 GISULFUH
1396 2098 1674 2140 ΛΒΒΛΤΕΜ.

1093 2203 1274 2272 (Anno
1305 2203 1596 2271 879-880.)

529 2327 664 2398 Ejus
707 2339 860 2380 cura;
888 2327 1301 2381 monasterium
1343 2327 1696 2452 {igigelbergaz
1744 2327 2128 2397 imperatrici-s

1152 2411 1358 2452 comm:
1413 2415 1435 2452 ι
1468 2439 1480 2451 .

1152 2411 1480 2452 committit.

599 2513 845 2568 GISULFO
910 2511 1206 2567 venerabili
1280 2511 1464 2568 abbati
1529 2513 1846 2569 monasterii
1927 2521 2128 2570 sanctae

526 2599 833 2656 Christinae.

596 2689 926 2745 Auctoritate
959 2697 1162 2746 sanctae
1191 2690 1338 2746 sedis
1383 2691 1698 2762 apostolica
1727 2701 1832 2748 tua:
1862 2708 2124 2748 reveren-

525 2776 615 2833 tiae
645 2777 1034 2832 committimus
1064 2786 1122 2832 ut
1167 2793 1360 2834 curam
1403 2779 1744 2850 perspicuam
1774 2788 1827 2836 et
1855 2780 2123 2836 sollicitu-

524 2864 708 2922 dinem
737 2866 940 2920 habeas
970 2866 1286 2922 monasterii
1314 2867 1526 2924 dilectat
1549 2867 1672 2924 filia:
1702 2876 1898 2924 nostra:
1927 2868 2125 2942 Angel-

524 2953 710 3026 bergze
755 2957 1047 3028 Augustae,
1101 2955 1188 3010 siti
1253 2955 1309 3010 in
1366 2955 1579 3012 civitate
1629 2956 1930 3023 Placentia,
1989 2957 2126 3013 sicut

521 3041 750 3098 idoneus
779 3043 976 3099 Christi
1008 3043 1258 3099 minister
1303 3053 1355 3100 et
1383 3045 1571 3118 gregis
1617 3045 1837 3101 Domini
1873 3046 2126 3116 provisor
2157 3090 2181 3118 ,ε

2227 487 2310 540 ιρι*
2339 471 2602 526 dimicare
2635 489 2648 525 :
2682 471 2826 543 quod
2874 477 3058 526 tamen
3086 478 3143 525 ut
3171 469 3461 525 salubriter
3501 468 3680 526 facere
3705 486 3840 542 pos-

2227 559 2364 627 sitis,
2413 568 2472 615 ut
2515 567 2661 615 terra
2707 559 2952 631 marique
3017 559 3086 614 de
3132 559 3367 614 inimicis
3413 565 3466 614 et
3524 557 3840 614 infidelibus

2227 649 2464 704 victores
2497 649 2727 705 feliciter
2755 647 3016 717 existatis,
3062 647 3187 703 ideo
3225 647 3554 703 mandamus
3600 647 3758 703 vobis
3783 655 3841 702 ut

2228 753 2347 792 cum
2399 737 2688 808 aliquantis
2731 737 3090 793 dromonibus
3139 751 3240 808 pro
3285 737 3492 792 honore
3543 737 3661 805 jam
3707 737 3839 792 dicti

2230 825 2487 896 spiritalis
2539 826 2634 881 filii
2677 827 2850 881 nostri
2899 825 3130 900 Augusti
3167 827 3269 882 has
3305 833 3525 882 nostras
3562 825 3618 880 in
3657 833 3838 896 partes

2229 913 2428 968 iterum
2455 915 2642 970 venire
2673 915 3001 970 omnimodis
3033 913 3313 986 satagatis,
3348 921 3618 986 quatenus
3643 921 3850 970 contra.

2230 1003 2453 1058 eosdem
2484 1003 2752 1060 nefandos
2780 1007 3067 1076 Agarenos
3097 1019 3405 1076 congruum
3432 1004 3594 1059 nobis
3623 1003 3838 1074 adjuto-

2230 1090 2370 1146 rium
2399 1093 2650 1163 praebere
2677 1093 2918 1164 possitis,
2951 1101 3009 1148 ut
3039 1109 3103 1148 ex
3136 1093 3240 1149 hoc
3269 1093 3387 1147 laus
3417 1099 3471 1148 et
3499 1107 3711 1148 merces
3739 1092 3840 1146 im-

2229 1181 2467 1251 peratori
2494 1189 2792 1248 accrescat,
2827 1189 2880 1236 et
2923 1199 2954 1236 a
3001 1181 3158 1236 nobis
3201 1181 3400 1255 dignas
3447 1181 3836 1236 retributiones

2231 1269 2348 1325 sine
2375 1271 2542 1326 dubio
2574 1271 2870 1342 recipiatis.
2895 1269 3240 1342 QuaprOpter
3259 1285 3546 1326 monemus
3566 1277 3619 1324 et
3645 1270 3834 1325 horta-

2231 1375 2356 1414 mur
2385 1375 2482 1414 vos
2513 1367 2570 1414 ut
2599 1359 2802 1415 nostris
2831 1359 3052 1415 monitis
3081 1359 3268 1416 libenti
3299 1359 3480 1414 animo
3518 1359 3827 1426 attendatis,

2233 1453 2286 1504 et
2313 1445 2572 1520 quidquid
2602 1448 2773 1505 actm-i
2803 1449 2954 1519 estis,
2987 1464 3088 1520 per
3115 1463 3214 1504 vos
3243 1448 3511 1504 volociter
3539 1461 3833 1520 cognosca-

2231 1552 2372 1592 mus.
2406 1537 2542 1592 Data
2572 1541 2639 1594 ut
2657 1555 2849 1610 supra.

2831 1689 3218 1746 CCLXXXVII
3226 1733 3240 1746 .

2377 1810 2448 1850 AD
2485 1811 2843 1852 ATHANASIUM
2882 1811 3187 1852 EPISCOPUM
3231 1805 3680 1853 NEAPOLITANUI.

2719 1906 2898 1973 (Anno
2929 1905 3032 1959 8'79
3072 1903 3158 1958 vel
3197 1905 3346 1974 880.)

2235 2010 2600 2084 Commendat
2625 2013 2746 2083 ejus
2775 2027 2909 2084 erga
2927 2009 3118 2084 sedem
3137 2011 3506 2084 apostolicam
3534 2011 3826 2068 observan—

2303 2084 2476 2154 tiam;
2509 2083 2772 2138 hortatur
2791 2083 2876 2147 ut,
2899 2083 3052 2138 sicut
3069 2083 3426 2152 promiserat,
3451 2086 3676 2154 pactam
3694 2097 3828 2139 cum

2299 2153 2600 2209 Saracenis
2626 2155 2806 2226 ictum
2843 2157 3096 2226 frangat.
3139 2154 3512 2223 Amalﬁtanos
3537 2169 3638 2226 per
3673 2156 3825 2226 lega~

2301 2227 2426 2297 tum
2451 2241 2618 2280 suum
2639 2240 2704 2280 ca
2723 2225 2788 2279 de
2819 2239 2880 2297 re
2900 2225 3236 2297 admonitos,
3253 2227 3311 2297 si
3326 2225 3823 2297 parcrdnegtctc.

2299 2295 2440 2362 rint,
2473 2295 3047 2356 excommunicandos
3077 2295 3384 2367 signiﬁcat.

2302 2420 2782 2476 Reverendissimo
2829 2429 2882 2477 et
2926 2423 3274 2476 sanctissnmo
3321 2425 3648 2478 Aruamsro
3675 2421 3824 2492 epis-

2225 2524 2362 2580 copo
2389 2509 2762 2580 Neapolitana:
2790 2508 3073 2566 Ecclesiae.

2296 2597 2602 2654 Sanctitatis
2631 2605 2828 2654 vestrm
2857 2597 3204 2654 devotionem
3243 2615 3460 2670 semper
3487 2599 3542 2654 in
3570 2599 3821 2656 omnibus

2224 2687 2370 2744 circa
2427 2687 2614 2742 sedem
2661 2686 3018 2758 apostolicam
3073 2695 3127 2742 et
3168 2695 3408 2744 nostram
3449 2689 3820 2759 paternitatenl

2223 2777 2492 2832 sinceram
2521 2783 2684 2848 atque
2722 2776 3048 2847 praeclaram
3093 2791 3217 2832 esse
3265 2777 3642 2850 cognovimus,
3675 2778 3822 2850 quod

2223 2865 2386 2920 etiam
2412 2873 2463 2920 et
2494 2865 2781 2936 praesentis
2810 2864 3094 2938 legationis
3125 2873 3320 2921 vestrae
3353 2873 3539 2922 tenore
3575 2865 3820 2938 inspecto

2221 2953 2380 3009 nobis
2408 2961 2491 3008 est
2517 2953 2638 3009 luce
2669 2953 2869 3009 clarius
2905 2952 3273 3008 manifestum.
3327 2953 3690 3022 Quamobrem
3731 2955 3819 3010 his

2220 3042 2558 3113 apostolatus
2580 3042 2753 3098 nostri
2789 3041 2984 3098 litteris
3017 3041 3341 3114 multiplices
3371 3043 3595 3098 almitati
3623 3051 3818 3100 vestae

522 3131 772 3199 eximius,
805 3141 1073 3204 quatenus
1104 3101 1416 3190 secundum)
1449 3101 1697 3208 regulam
1745 3135 1916 3190 sancti
1943 3135 2119 3192 Bene-
2145 3101 2425 3203 Cgralias
2473 3130 2726 3202 agimus,
2785 3138 3013 3202 paterno
3071 3146 3170 3186 VOS
3207 3129 3404 3188 aﬁbctu
3441 3139 3723 3188 monentes
3758 3137 3820 3188 ul

522 3219 651 3275 dicti
671 3221 794 3288 jure
815 3221 1026 3276 abbatis
1057 3237 1178 3294 quae
1197 3223 1500 3278 ordinanda
1520 3223 1607 3278 vel
1636 3223 1975 3294 disponenda
1997 3233 2120 3280 sunt

521 3306 782 3378 disponas
813 3317 865 3364 et
893 3310 1137 3378 ordines,
1173 3315 1226 3366 et
1270 3327 1392 3382 quae
1423 3313 1750 3384 corrigenda
1777 3312 2120 3383 perspexeris

521 3395 702 3450 subtili
749 3397 1010 3454 duntaxat
1055 3399 1422 3472 indagatione,
1474 3407 1530 3455 ut
1574 3400 1812 3456 Domino
1856 3401 2116 3474 placeas,

520 3497 592 3539 ex
641 3493 822 3540 nostra
863 3487 1181 3544 auctoritate
1230 3487 1510 3561 corrigere
1561 3503 1848 3560 procures.
1889 3489 2024 3544 Data
2056 3493 2120 3547 ut

519 3571 712 3627 supra.
1848 3591 1851 3594 -

589 3778 599 3787 _
1121 3711 1508 3767 CCLXXXVI.

517 3827 590 3868 ΑΒ
628 3829 972 3884 ρκεσοειιυκ,
1014 3831 1491 3872 THEOPHYLACTUI
1531 3832 1600 3872 ET
1638 3832 1948 3884 DIOGENEU,
1990 3833 2113 3872 ETC.

997 3922 1182 3994 (Anno
1223 3925 1324 3979 879
1365 3924 1451 3980 vel
1489 3924 1640 3993 880.)

517 4026 856 4104 Gratulatur
908 4030 978 4087 de
1030 4033 1268 4088 victoria
1309 4037 1510 4090 contra
1547 4033 1854 4090 Saracenos
1910 4037 2117 4104 parta;

584 4103 836 4158 miratur
879 4119 985 4159 cur
1027 4105 1255 4160 Romam
1299 4122 1414 4162 non
1443 4106 1705 4161 venerint
1735 4124 1753 4160 :
1783 4103 2021 4161 mandat
2051 4109 2116 4162 ut

583 4175 783 4228 contra
812 4174 1121 4232 Saracenos
1151 4177 1257 4232 sibi
1285 4178 1509 4234 aumilio
1538 4178 1794 4233 veniant.

581 4277 808 4335 Dilectis
837 4279 970 4336 viris
1001 4281 1296 4337 GREGORIO
1328 4282 1628 4353 spathario,
1661 4283 2113 4338 Tuuornruc'ro

507 4367 812 4434 turmacho,
847 4375 1010 4440 atque
1040 4371 1284 4425 DIOGENI
1311 4370 1494 4426 comiti
1523 4370 1916 4442 imperialibus.

2213 3222 2368 3288 juxta
2397 3218 2664 3274 indultum
2693 3219 2850 3274 vobis
2879 3217 3116 3275 ofﬁcium
3144 3219 3198 3273 in
3237 3219 3322 3274 his
3361 3236 3482 3291 qua)
3519 3219 3619 3276 Dei
3665 3228 3812 3288 sunt,

2219 3315 2274 3361 et
2300 3307 2564 3363 Ecclesia:
2606 3307 2807 3362 Christi
2846 3307 3014 3373 utilia,
3063 3315 3176 3364 toto
3217 3308 3500 3364 conamine
3547 3309 3814 3364 desudare

2219 3412 2331 3450 non
2376 3395 2676 3451 desinatis:
2707 3411 2772 3452 ac
2819 3395 2958 3452 sicut
3003 3396 3162 3452 nobis
3203 3413 3302 3468 per
3345 3397 3558 3471 legatos
3605 3403 3815 3453 vestros

2217 3484 2540 3551 mandastis,
2594 3485 2740 3556 quod
2788 3484 2906 3540 sive
2953 3485 3198 3557 ruperint
3247 3484 3550 3542 Amalﬁtani
3596 3493 3813 3558 pactum

2219 3588 2344 3630 cum
2371 3573 2673 3638 Saracenis,
2709 3573 2823 3629 sive
2861 3589 2990 3640 non,
3025 3590 3123 3630 vos
3153 3574 3374 3630 omnino
3401 3574 3687 3649 frangetis,
3719 3591 3814 3632 νοι

2218 3663 2394 3718 lumus
2439 3670 2497 3718 ut
2543 3662 2913 3718 indesinenter
2956 3663 3013 3718 id
3057 3678 3223 3736 agere
3271 3663 3546 3720 studeatis.
3593 3665 3734 3720 Nam
3759 3671 3814 3720 et

2218 3750 2442 3806 missum
2473 3759 2736 3817 nostrum,
2771 3751 3113 3808 Dominicum
3157 3752 3408 3809 videlicet
3445 3753 3810 3810 venerame

2217 3839 2553 3911 episcopum,
2586 3839 2714 3896 illuc
2741 3840 3058 3907 direximus,
3109 3856 3204 3898 eos
3230 3842 3585 3898 adm0nentes
3623 3851 3680 3898 ut
3707 3850 3809 3914 pas

2219 3927 2416 3984 tienter
2445 3937 2690 3985 nostram
2723 3930 2779 3984 in
2806 3931 2909 3986 hoc
2939 3929 3222 4001 perficiant
3259 3931 3585 3987 voluntatem
3620 3948 3633 3986 :
3665 3931 3808 4004 quod

2219 4017 2264 4073 si
2313 4017 2416 4088 ipsi
2457 4026 2702 4075 nostram
2748 4018 2802 4074 in
2848 4020 2953 4075 hoc
2997 4017 3197 4076 fuerint
3239 4020 3574 4076 voluntatem
3619 4019 3806 4086 secuti,

2218 4108 2519 4162 habeamus
2549 4124 2644 4164 eos
2672 4108 2966 4180 complices
2995 4115 3049 4164 et
3072 4109 3280 4166 amicos
3303 4128 3318 4176 ;
3340 4109 3423 4164 sin
3445 4118 3645 4176 autem,
3664 4110 3808 4165 velut

2218 4204 2436 4252 exteros
2465 4197 2713 4253 inimicos
2741 4213 2851 4253 non
2880 4198 3056 4254 solum
3087 4197 3284 4254 visibili
3314 4200 3411 4254 sed
3441 4199 3600 4254 etiam
3631 4197 3808 4255 invisi-

2199 4285 2309 4354 bili
2335 4285 2519 4359 gladio
2546 4287 2754 4357 pariter
2781 4302 3192 4358 persequamur,
3229 4295 3287 4342 ut
3315 4295 3369 4344 et
3396 4305 3426 4342 a
3457 4287 3614 4344 nobis
3638 4295 3694 4342 et
3738 4287 3806 4342 ab

2216 4373 2467 4428 omnibus
2497 4374 2813 4430 Christianis
2839 4382 3105 4446 perpetuo
3136 4375 3290 4449 digni
3337 4375 3464 4432 odio
3478 4375 3800 4432 habeantur.

581 4464 878 4520 Audientes
906 4482 1005 4522 vos
1034 4484 1134 4538 per
1163 4467 1263 4522 Dei
1283 4467 1561 4534 auxilium,
1595 4477 1648 4524 et
1677 4469 1980 4524 secundum
2007 4470 2112 4542 spi-
2134 4451 2345 4523 DNam
2375 4471 2429 4519 et
2459 4481 2560 4534 per
2587 4464 2866 4536 praefatum
2896 4464 3122 4520 missum
3170 4472 3416 4520 nostrum
3465 4466 3804 4522 Dominicum

443 4606 446 4610 ,
511 4551 683 4606 ritalis
713 4550 808 4608 ﬁlii
861 4555 1034 4610 nostri
1083 4555 1426 4627 imperatoris
1457 4556 1787 4612 voluntatem
1829 4559 2111 4630 Neapolim

510 4639 726 4696 venisse
781 4657 848 4698 ac
903 4643 1302 4700 multitudinem
1359 4643 1756 4700 Saracenorum
1811 4644 1886 4699 ibi
1924 4647 2110 4702 consi-

511 4729 758 4785 stendem
774 4732 982 4802 potenti
997 4731 1224 4788 brachio
1247 4747 1560 4802 superasse,
1577 4732 1702 4804 laeti
1724 4749 1912 4788 sumus
1934 4733 2111 4792 effecti

510 4821 562 4868 et
595 4817 775 4872 statim
801 4819 1014 4876 debitas
1058 4821 1412 4892 omnipotenti
1463 4820 1696 4877 Domino
1743 4823 1944 4894 gratias
1985 4824 2106 4898 egi-

505 4909 630 4958 ‘mus
660 4921 823 4977 super
850 4909 1075 4964 victoria
1104 4917 1290 4965 vestra
1317 4918 1367 4964 et
1388 4909 1732 4967 inimicorum
1761 4911 2103 4968 contritione.

507 4991 616 5048 Sed
655 4994 848 5051 iterum
896 4997 1076 5053 mirati
1120 5014 1307 5053 sumus
1357 5000 1482 5072 quia
1528 5001 1756 5056 Romam
1788 5001 1972 5056 venire
1999 5017 2104 5058 uo-

507 5087 785 5154 stramque
815 5087 1170 5156 apostolicam
1191 5087 1508 5161 neglexistis
1525 5089 1713 5146 videre
1734 5091 2100 5162 praesentiam,

505 5177 563 5224 ut
591 5186 690 5242 pro
715 5174 878 5228 vestri
906 5173 1108 5230 laboris
1155 5178 1447 5234 certamine
1477 5178 1828 5251 multiplicem
1871 5179 2102 5253 gratiam

505 5266 558 5313 et
588 5258 1026 5320 benedictionem
1055 5281 1088 5320 a
1115 5266 1272 5321 nobis
1303 5276 1356 5321 et
1385 5285 1414 5321 a
1447 5268 1576 5324 sede
1607 5268 1907 5340 apostolica
1935 5286 2103 5340 super

433 5355 438 5360 ‘
506 5363 602 5403 vos
631 5349 948 5422 reciperetis
968 5351 1218 5422 effusam,
1241 5363 1508 5428 quatenus
1529 5365 1845 5413 sanctorum
1873 5366 2098 5430 aposto-

503 5436 686 5496 lorum
734 5439 873 5497 Petri
922 5449 976 5496 et
1023 5443 1173 5500 Pauli
1221 5445 1556 5501 orationibus
1605 5445 1792 5516 adjuti,
1842 5447 2098 5520 omnique

503 5531 726 5603 spiritali
758 5531 1136 5589 benedictione
1166 5533 1376 5604 muniti,
1427 5542 1612 5592 contra
1656 5535 1876 5591 eosdem
1909 5536 2096 5606 perdi-

2211 4551 2548 4624 episcopum,
2598 4569 2695 4610 eos
2741 4553 3006 4609 obaudire
3079 4554 3326 4610 nolentes
3394 4554 3804 4626 prasentialiter

2209 4641 2681 4698 excommunicare
2738 4642 3108 4714 praecipimus,
3169 4659 3234 4699 ac
3289 4643 3632 4714 postmodum
3701 4649 3802 4699 nos

2207 4729 2312 4800 ipsi
2359 4729 2526 4802 digno
2571 4731 2913 4787 anathemate
2958 4731 3238 4788 feriemus.
3288 4733 3398 4788 Vos
3438 4732 3603 4804 igitur
3631 4739 3802 4788 estote

2207 4814 2510 4888 nobiscum,
2545 4827 2596 4874 et
2625 4827 2838 4890 pactum
2868 4819 3115 4892 iniquum
3163 4820 3490 4892 corrumpite
3523 4839 3538 4876 :
3581 4821 3708 4892 quia
3747 4826 3801 4876 et

2205 4922 2306 4961 nos
2335 4907 2616 4963 vobiscum
2648 4908 2704 4963 in
2731 4909 2982 4964 omnibus
3013 4910 3236 4977 erimus,
3270 4917 3323 4966 et
3353 4910 3498 4982 quod
3519 4909 3636 4979 jam
3665 4911 3801 4966 dare

2204 4995 2602 5066 promissimus,
2627 4997 2921 5054 auxiliante
2937 4997 3194 5068 Domino,
3223 4998 3380 5054 annis
3401 4998 3633 5072 singulis
3643 4998 3798 5055 vobis

2202 5084 2396 5155 procul
2461 5085 2625 5143 dubio
2675 5086 3024 5155 tribuemus;
3083 5088 3211 5160 quia
3267 5087 3312 5142 si
3343 5103 3440 5143 vos
3483 5087 3632 5144 fcedu
3677 5095 3800 5144 cum

2201 5173 2490 5228 Saracenis
2533 5191 2645 5230 non
2677 5175 2992 5244 habueritis,
3043 5177 3138 5243 nil,
3181 5175 3413 5234 Domino
3456 5176 3700 5246 juvante,
3730 5175 3800 5232 de

2201 5260 2647 5319 Amalfitanorum
2695 5263 2924 5336 perfidia
2971 5265 3283 5322 curabimus
3308 5308 3320 5332 ,
3371 5281 3509 5338 quos
3547 5264 3798 5321 videlicet

2199 5351 2382 5424 gladio
2411 5353 2708 5423 poterimus
2736 5354 2963 5426 spiritali
3008 5355 3267 5427 persequi
3309 5362 3363 5409 et
3409 5353 3569 5410 facile
3614 5353 3794 5409 humi.

2197 5439 2350 5495 liare.
2387 5440 2652 5512 Optamus
2683 5440 3022 5501 sanctitatem
3052 5451 3290 5500 vestram
3320 5443 3374 5497 in
3415 5443 3630 5499 Christo
3659 5443 3796 5499 bene

2199 5538 2396 5594 Valere.
