  <div class='ocr_page' id='page_1' title='image "/cluster/home/n/w/nwhite01/storage/ocr_20150623/126/umn.31951002477419r/516.png"; bbox 0 0 4160 6310; ppageno 0'>
   <div class='ocr_carea' id='block_1_1' title="bbox 307 267 405 328">
    <p class='ocr_par' dir='ltr' id='par_1_1' title="bbox 307 267 405 328">
     <span class='ocr_line' id='line_1_1' title="bbox 307 267 405 328; baseline -0.02 0"><span class='ocrx_word' id='word_1_1' title='bbox 307 267 405 328; x_wconf 71' lang='lat'><strong>90!</strong></span> 
     </span>
    </p>
   </div>
   <div class='ocr_carea' id='block_1_2' title="bbox 897 395 1336 450">
    <p class='ocr_par' dir='ltr' id='par_1_2' title="bbox 897 395 1336 450">
     <span class='ocr_line' id='line_1_2' title="bbox 897 395 1336 450; baseline -0.002 0"><span class='ocrx_word' id='word_1_2' title='bbox 897 395 1336 450; x_wconf 81' lang='lat' dir='ltr'><strong>CCLXXXVIII.</strong></span> 
     </span>
    </p>
   </div>
   <div class='ocr_carea' id='block_1_3' title="bbox 509 515 1416 558">
    <p class='ocr_par' dir='ltr' id='par_1_3' title="bbox 509 515 1416 558">
     <span class='ocr_line' id='line_1_3' title="bbox 509 515 1416 558; baseline -0.002 0"><span class='ocrx_word' id='word_1_3' title='bbox 509 546 536 558; x_wconf 88' lang='lat'><strong>-</strong></span> <span class='ocrx_word' id='word_1_4' title='bbox 865 515 938 556; x_wconf 78' lang='lat' dir='ltr'><strong>AD</strong></span> <span class='ocrx_word' id='word_1_5' title='bbox 966 515 1372 557; x_wconf 70' lang='lat' dir='ltr'><strong>AHALFITANOS.</strong></span> <span class='ocrx_word' id='word_1_6' title='bbox 1411 521 1416 526; x_wconf 85' lang='lat'>&#39;</span> 
     </span>
    </p>
   </div>
   <div class='ocr_carea' id='block_1_4' title="bbox 792 608 1421 678">
    <p class='ocr_par' dir='ltr' id='par_1_4' title="bbox 792 608 1421 678">
     <span class='ocr_line' id='line_1_4' title="bbox 792 608 1421 678; baseline -0.002 -16"><span class='ocrx_word' id='word_1_7' title='bbox 792 611 972 678; x_wconf 78' lang='lat' dir='ltr'><strong>(Anno</strong></span> <span class='ocrx_word' id='word_1_8' title='bbox 1013 609 1116 662; x_wconf 82' lang='lat'><strong>879</strong></span> <span class='ocrx_word' id='word_1_9' title='bbox 1148 608 1236 663; x_wconf 89' lang='lat' dir='ltr'><strong>vel</strong></span> <span class='ocrx_word' id='word_1_10' title='bbox 1269 609 1421 677; x_wconf 85' lang='lat'><strong>880.)</strong></span> 
     </span>
    </p>
   </div>
   <div class='ocr_carea' id='block_1_5' title="bbox 324 711 1934 787">
    <p class='ocr_par' dir='ltr' id='par_1_5' title="bbox 324 711 1934 787">
     <span class='ocr_line' id='line_1_5' title="bbox 324 711 1934 787; baseline -0.004 -14"><span class='ocrx_word' id='word_1_11' title='bbox 324 719 512 774; x_wconf 78' lang='lat' dir='ltr'><strong>Monet</strong></span> <span class='ocrx_word' id='word_1_12' title='bbox 535 719 598 772; x_wconf 80' lang='lat' dir='ltr'><strong>ut</strong></span> <span class='ocrx_word' id='word_1_13' title='bbox 617 718 783 787; x_wconf 82' lang='lat' dir='ltr'><strong>rupto</strong></span> <span class='ocrx_word' id='word_1_14' title='bbox 805 731 936 770; x_wconf 85' lang='lat' dir='ltr'><strong>cum</strong></span> <span class='ocrx_word' id='word_1_15' title='bbox 974 715 1276 770; x_wconf 78' lang='lat' dir='ltr'><strong>Saracenis</strong></span> <span class='ocrx_word' id='word_1_16' title='bbox 1313 713 1520 787; x_wconf 59' lang='lat' dir='ltr'><strong>findere</strong></span> <span class='ocrx_word' id='word_1_17' title='bbox 1557 714 1628 768; x_wconf 86' lang='lat' dir='ltr'><strong>ad</strong></span> <span class='ocrx_word' id='word_1_18' title='bbox 1667 711 1934 787; x_wconf 75' lang='lat' dir='ltr'><strong>Ecclesia:</strong></span> 
     </span>
    </p>
   </div>
   <div class='ocr_carea' id='block_1_6' title="bbox 395 783 1934 859">
    <p class='ocr_par' dir='ltr' id='par_1_6' title="bbox 395 783 1934 859">
     <span class='ocr_line' id='line_1_6' title="bbox 395 783 1934 859; baseline -0.004 -16"><span class='ocrx_word' id='word_1_19' title='bbox 395 783 1076 859; x_wconf 72' lang='lat' dir='ltr'><strong>gremiumrevertantur,</strong></span> <span class='ocrx_word' id='word_1_20' title='bbox 1096 790 1152 841; x_wconf 85' lang='lat' dir='ltr'><strong>et</strong></span> <span class='ocrx_word' id='word_1_21' title='bbox 1173 803 1298 841; x_wconf 84' lang='lat' dir='ltr'><strong>eam</strong></span> <span class='ocrx_word' id='word_1_22' title='bbox 1314 783 1382 842; x_wconf 15' lang='lat' dir='ltr'><strong>iob</strong></span> <span class='ocrx_word' id='word_1_23' title='bbox 1395 799 1514 840; x_wconf 83' lang='lat' dir='ltr'><strong>rem</strong></span> <span class='ocrx_word' id='word_1_24' title='bbox 1547 783 1790 856; x_wconf 74' lang='lat' dir='ltr'><strong>singulis</strong></span> <span class='ocrx_word' id='word_1_25' title='bbox 1821 799 1934 859; x_wconf 47' lang='lat' dir='ltr'><strong>an}</strong></span> 
     </span>
    </p>
   </div>
   <div class='ocr_carea' id='block_1_7' title="bbox 393 853 1933 914">
    <p class='ocr_par' dir='ltr' id='par_1_7' title="bbox 393 853 1933 914">
     <span class='ocr_line' id='line_1_7' title="bbox 393 853 1933 914; baseline -0.003 -2"><span class='ocrx_word' id='word_1_26' title='bbox 393 853 488 914; x_wconf 64' lang='lat' dir='ltr'><strong>his</strong></span> <span class='ocrx_word' id='word_1_27' title='bbox 507 858 696 913; x_wconf 82' lang='lat' dir='ltr'><strong>decem</strong></span> <span class='ocrx_word' id='word_1_28' title='bbox 715 858 905 912; x_wconf 80' lang='lat' dir='ltr'><strong>millia</strong></span> <span class='ocrx_word' id='word_1_29' title='bbox 949 853 1349 913; x_wconf 74' lang='lat' dir='ltr'><strong>mancosorum</strong></span> <span class='ocrx_word' id='word_1_30' title='bbox 1397 859 1527 912; x_wconf 84' lang='lat' dir='ltr'><strong>eteo</strong></span> <span class='ocrx_word' id='word_1_31' title='bbox 1577 853 1730 911; x_wconf 67' lang='lat' dir='ltr'><strong>anno</strong></span> <span class='ocrx_word' id='word_1_32' title='bbox 1770 853 1933 909; x_wconf 81' lang='lat' dir='ltr'><strong>mille</strong></span> 
     </span>
    </p>
   </div>
   <div class='ocr_carea' id='block_1_8' title="bbox 393 927 1934 1000">
    <p class='ocr_par' dir='ltr' id='par_1_8' title="bbox 393 927 1934 1000">
     <span class='ocr_line' id='line_1_8' title="bbox 393 927 1934 1000; baseline -0.005 -15"><span class='ocrx_word' id='word_1_33' title='bbox 393 931 663 986; x_wconf 77' lang='lat' dir='ltr'><strong>daturum</strong></span> <span class='ocrx_word' id='word_1_34' title='bbox 707 945 765 1000; x_wconf 78' lang='lat' dir='ltr'><strong>se</strong></span> <span class='ocrx_word' id='word_1_35' title='bbox 799 929 1128 1000; x_wconf 75' lang='lat' dir='ltr'><strong>promittit;</strong></span> <span class='ocrx_word' id='word_1_36' title='bbox 1164 929 1281 983; x_wconf 78' lang='lat' dir='ltr'><strong>nisi</strong></span> <span class='ocrx_word' id='word_1_37' title='bbox 1306 927 1630 1000; x_wconf 76' lang='lat' dir='ltr'><strong>paruerint,</strong></span> <span class='ocrx_word' id='word_1_38' title='bbox 1671 927 1934 982; x_wconf 77' lang='lat' dir='ltr'><strong>minatur</strong></span> 
     </span>
    </p>
   </div>
   <div class='ocr_carea' id='block_1_9' title="bbox 399 999 1072 1057">
    <p class='ocr_par' dir='ltr' id='par_1_9' title="bbox 399 999 1072 1057">
     <span class='ocr_line' id='line_1_9' title="bbox 399 999 1072 1057; baseline -0.006 -1"><span class='ocrx_word' id='word_1_39' title='bbox 399 999 1072 1057; x_wconf 66' lang='lat' dir='ltr'><strong>excrommunicationem.</strong></span> 
     </span>
    </p>
   </div>
   <div class='ocr_carea' id='block_1_10' title="bbox 395 1104 1932 1176">
    <p class='ocr_par' dir='ltr' id='par_1_10' title="bbox 395 1104 1932 1176">
     <span class='ocr_line' id='line_1_10' title="bbox 395 1104 1932 1176; baseline -0.001 -14"><span class='ocrx_word' id='word_1_40' title='bbox 395 1105 875 1163; x_wconf 80' lang='lat' dir='ltr'><strong>Reverendissimo</strong></span> <span class='ocrx_word' id='word_1_41' title='bbox 905 1106 1091 1160; x_wconf 75' lang='lat' dir='ltr'><strong>Psrao</strong></span> <span class='ocrx_word' id='word_1_42' title='bbox 1110 1104 1390 1176; x_wconf 88' lang='lat' dir='ltr'><strong>episcopo,</strong></span> <span class='ocrx_word' id='word_1_43' title='bbox 1415 1121 1512 1159; x_wconf 89' lang='lat' dir='ltr'><strong>seu</strong></span> <span class='ocrx_word' id='word_1_44' title='bbox 1531 1105 1769 1159; x_wconf 74' lang='lat' dir='ltr'><strong>PULCARI</strong></span> <span class='ocrx_word' id='word_1_45' title='bbox 1791 1120 1932 1174; x_wconf 70' lang='lat' dir='ltr'><strong>pre-</strong></span> 
     </span>
    </p>
   </div>
   <div class='ocr_carea' id='block_1_11' title="bbox 323 1191 1930 1264">
    <p class='ocr_par' dir='ltr' id='par_1_11' title="bbox 323 1191 1930 1264">
     <span class='ocr_line' id='line_1_11' title="bbox 323 1191 1930 1264; baseline -0.001 -15"><span class='ocrx_word' id='word_1_46' title='bbox 323 1193 574 1264; x_wconf 82' lang='lat' dir='ltr'><strong>fectorio,</strong></span> <span class='ocrx_word' id='word_1_47' title='bbox 607 1202 662 1250; x_wconf 90' lang='lat' dir='ltr'><strong>et</strong></span> <span class='ocrx_word' id='word_1_48' title='bbox 689 1193 944 1250; x_wconf 89' lang='lat' dir='ltr'><strong>omnibus</strong></span> <span class='ocrx_word' id='word_1_49' title='bbox 973 1193 1370 1259; x_wconf 79' lang='lat' dir='ltr'><strong>sacerdotibus,</strong></span> <span class='ocrx_word' id='word_1_50' title='bbox 1403 1209 1468 1248; x_wconf 89' lang='lat' dir='ltr'><strong>ac</strong></span> <span class='ocrx_word' id='word_1_51' title='bbox 1499 1191 1733 1259; x_wconf 82' lang='lat' dir='ltr'><strong>clericis,</strong></span> <span class='ocrx_word' id='word_1_52' title='bbox 1765 1199 1930 1264; x_wconf 86' lang='lat' dir='ltr'><strong>atque</strong></span> 
     </span>
    </p>
   </div>
   <div class='ocr_carea' id='block_1_12' title="bbox 321 1281 1462 1354">
    <p class='ocr_par' dir='ltr' id='par_1_12' title="bbox 321 1281 1462 1354">
     <span class='ocr_line' id='line_1_12' title="bbox 321 1281 1462 1354; baseline -0.003 -16"><span class='ocrx_word' id='word_1_53' title='bbox 321 1283 579 1340; x_wconf 91' lang='lat' dir='ltr'><strong>universo</strong></span> <span class='ocrx_word' id='word_1_54' title='bbox 609 1283 810 1354; x_wconf 88' lang='lat' dir='ltr'><strong>populo</strong></span> <span class='ocrx_word' id='word_1_55' title='bbox 841 1281 1181 1339; x_wconf 69' lang='lat' dir='ltr'><strong>Amalfitanse</strong></span> <span class='ocrx_word' id='word_1_56' title='bbox 1209 1281 1462 1338; x_wconf 71' lang='lat' dir='ltr'><strong>civitatis.</strong></span> 
     </span>
    </p>
   </div>
   <div class='ocr_carea' id='block_1_13' title="bbox 394 1369 1930 1442">
    <p class='ocr_par' dir='ltr' id='par_1_13' title="bbox 394 1369 1930 1442">
     <span class='ocr_line' id='line_1_13' title="bbox 394 1369 1930 1442; baseline -0.002 -16"><span class='ocrx_word' id='word_1_57' title='bbox 394 1371 564 1427; x_wconf 81' lang='lat' dir='ltr'><strong>Multa</strong></span> <span class='ocrx_word' id='word_1_58' title='bbox 594 1371 750 1426; x_wconf 84' lang='lat' dir='ltr'><strong>vobis</strong></span> <span class='ocrx_word' id='word_1_59' title='bbox 777 1371 919 1426; x_wconf 90' lang='lat' dir='ltr'><strong>bona</strong></span> <span class='ocrx_word' id='word_1_60' title='bbox 950 1369 1134 1427; x_wconf 85' lang='lat' dir='ltr'><strong>facere</strong></span> <span class='ocrx_word' id='word_1_61' title='bbox 1161 1370 1442 1442; x_wconf 85' lang='lat' dir='ltr'><strong>alacrique</strong></span> <span class='ocrx_word' id='word_1_62' title='bbox 1471 1377 1654 1424; x_wconf 97' lang='lat' dir='ltr'><strong>mente</strong></span> <span class='ocrx_word' id='word_1_63' title='bbox 1688 1369 1930 1424; x_wconf 86' lang='lat' dir='ltr'><strong>tribuere</strong></span> 
     </span>
    </p>
   </div>
   <div class='ocr_carea' id='block_1_14' title="bbox 323 1458 1931 1532">
    <p class='ocr_par' dir='ltr' id='par_1_14' title="bbox 323 1458 1931 1532">
     <span class='ocr_line' id='line_1_14' title="bbox 323 1458 1931 1532; baseline -0.001 -18"><span class='ocrx_word' id='word_1_64' title='bbox 323 1477 471 1531; x_wconf 72' lang='lat' dir='ltr'><strong>saepe</strong></span> <span class='ocrx_word' id='word_1_65' title='bbox 501 1459 869 1532; x_wconf 84' lang='lat' dir='ltr'><strong>promisimus,</strong></span> <span class='ocrx_word' id='word_1_66' title='bbox 902 1460 1250 1515; x_wconf 78' lang='lat' dir='ltr'><strong>decertantes</strong></span> <span class='ocrx_word' id='word_1_67' title='bbox 1279 1466 1339 1513; x_wconf 92' lang='lat' dir='ltr'><strong>ut</strong></span> <span class='ocrx_word' id='word_1_68' title='bbox 1368 1465 1584 1529; x_wconf 88' lang='lat' dir='ltr'><strong>pactum</strong></span> <span class='ocrx_word' id='word_1_69' title='bbox 1609 1458 1754 1530; x_wconf 89' lang='lat' dir='ltr'><strong>quod</strong></span> <span class='ocrx_word' id='word_1_70' title='bbox 1806 1473 1931 1512; x_wconf 90' lang='lat' dir='ltr'><strong>cum</strong></span> 
     </span>
    </p>
   </div>
   <div class='ocr_carea' id='block_1_15' title="bbox 324 1546 1926 1620">
    <p class='ocr_par' dir='ltr' id='par_1_15' title="bbox 324 1546 1926 1620">
     <span class='ocr_line' id='line_1_15' title="bbox 324 1546 1926 1620; baseline -0.003 -16"><span class='ocrx_word' id='word_1_71' title='bbox 324 1549 490 1620; x_wconf 87' lang='lat' dir='ltr'><strong>impia</strong></span> <span class='ocrx_word' id='word_1_72' title='bbox 520 1549 912 1605; x_wconf 86' lang='lat' dir='ltr'><strong>Saracenorum</strong></span> <span class='ocrx_word' id='word_1_73' title='bbox 941 1555 1104 1620; x_wconf 85' lang='lat' dir='ltr'><strong>gente</strong></span> <span class='ocrx_word' id='word_1_74' title='bbox 1130 1547 1362 1614; x_wconf 79' lang='lat' dir='ltr'><strong>habetis,</strong></span> <span class='ocrx_word' id='word_1_75' title='bbox 1393 1546 1715 1602; x_wconf 61' lang='lat' dir='ltr'><strong>omnimodis</strong></span> <span class='ocrx_word' id='word_1_76' title='bbox 1769 1562 1926 1600; x_wconf 90' lang='lat' dir='ltr'><strong>rum-</strong></span> 
     </span>
    </p>
   </div>
   <div class='ocr_carea' id='block_1_16' title="bbox 324 1634 1932 1709">
    <p class='ocr_par' dir='ltr' id='par_1_16' title="bbox 324 1634 1932 1709">
     <span class='ocr_line' id='line_1_16' title="bbox 324 1634 1932 1709; baseline -0.001 -17"><span class='ocrx_word' id='word_1_77' title='bbox 324 1637 546 1709; x_wconf 88' lang='lat' dir='ltr'><strong>peretis,</strong></span> <span class='ocrx_word' id='word_1_78' title='bbox 579 1653 646 1692; x_wconf 90' lang='lat' dir='ltr'><strong>ne</strong></span> <span class='ocrx_word' id='word_1_79' title='bbox 662 1653 730 1692; x_wconf 84' lang='lat' dir='ltr'><strong>ex</strong></span> <span class='ocrx_word' id='word_1_80' title='bbox 751 1636 1024 1692; x_wconf 90' lang='lat' dir='ltr'><strong>consortio</strong></span> <span class='ocrx_word' id='word_1_81' title='bbox 1053 1635 1235 1708; x_wconf 83' lang='lat' dir='ltr'><strong>gentis</strong></span> <span class='ocrx_word' id='word_1_82' title='bbox 1255 1634 1511 1708; x_wconf 64' lang='lat' dir='ltr'><strong>maligna;</strong></span> <span class='ocrx_word' id='word_1_83' title='bbox 1542 1634 1791 1690; x_wconf 86' lang='lat' dir='ltr'><strong>Ecclesia</strong></span> <span class='ocrx_word' id='word_1_84' title='bbox 1827 1635 1932 1690; x_wconf 87' lang='lat' dir='ltr'><strong>Dei</strong></span> 
     </span>
    </p>
   </div>
   <div class='ocr_carea' id='block_1_17' title="bbox 1463 265 2329 329">
    <p class='ocr_par' dir='ltr' id='par_1_17' title="bbox 1463 265 2329 329">
     <span class='ocr_line' id='line_1_17' title="bbox 1463 265 2329 329; baseline -0.002 -3"><span class='ocrx_word' id='word_1_85' title='bbox 1463 271 1818 329; x_wconf 71' lang='lat' dir='ltr'><strong>EPISTOLIE</strong></span> <span class='ocrx_word' id='word_1_86' title='bbox 1855 266 1945 324; x_wconf 72' lang='lat' dir='ltr'><strong>ET</strong></span> <span class='ocrx_word' id='word_1_87' title='bbox 1985 265 2329 326; x_wconf 80' lang='lat' dir='ltr'><strong>DECRETA.</strong></span> 
     </span>
    </p>
   </div>
   <div class='ocr_carea' id='block_1_18' title="bbox 1954 391 3637 466">
    <p class='ocr_par' dir='ltr' id='par_1_18' title="bbox 1954 391 3637 466">
     <span class='ocr_line' id='line_1_18' title="bbox 1954 391 3637 466; baseline 0.002 -18"><span class='ocrx_word' id='word_1_88' title='bbox 1954 391 2008 454; x_wconf 84' lang='grc' dir='ltr'><strong>Α</strong></span> <span class='ocrx_word' id='word_1_89' title='bbox 2030 393 2304 450; x_wconf 89' lang='lat' dir='ltr'><strong>stolorum</strong></span> <span class='ocrx_word' id='word_1_90' title='bbox 2337 395 2641 466; x_wconf 80' lang='lat' dir='ltr'><strong>principem</strong></span> <span class='ocrx_word' id='word_1_91' title='bbox 2670 402 3023 466; x_wconf 87' lang='lat' dir='ltr'><strong>nostrumque</strong></span> <span class='ocrx_word' id='word_1_92' title='bbox 3037 393 3376 466; x_wconf 82' lang='lat' dir='ltr'><strong>pontiﬁcium</strong></span> <span class='ocrx_word' id='word_1_93' title='bbox 3390 395 3637 466; x_wconf 80' lang='lat' dir='ltr'><strong>veniens,</strong></span> 
     </span>
    </p>
   </div>
   <div class='ocr_carea' id='block_1_19' title="bbox 3519 275 3624 330">
    <p class='ocr_par' dir='ltr' id='par_1_19' title="bbox 3519 275 3624 330">
     <span class='ocr_line' id='line_1_19' title="bbox 3519 275 3624 330; baseline 0.019 -2"><span class='ocrx_word' id='word_1_94' title='bbox 3519 275 3624 330; x_wconf 71' lang='grc' dir='ltr'><strong>θοι</strong></span> 
     </span>
    </p>
   </div>
   <div class='ocr_carea' id='block_1_20' title="bbox 2045 481 3637 554">
    <p class='ocr_par' dir='ltr' id='par_1_20' title="bbox 2045 481 3637 554">
     <span class='ocr_line' id='line_1_20' title="bbox 2045 481 3637 554; baseline 0.003 -18"><span class='ocrx_word' id='word_1_95' title='bbox 2045 482 2371 538; x_wconf 79' lang='lat' dir='ltr'><strong>humilitatis</strong></span> <span class='ocrx_word' id='word_1_96' title='bbox 2413 481 2703 538; x_wconf 81' lang='lat' dir='ltr'><strong>devotione</strong></span> <span class='ocrx_word' id='word_1_97' title='bbox 2739 483 2874 554; x_wconf 88' lang='lat' dir='ltr'><strong>petit</strong></span> <span class='ocrx_word' id='word_1_98' title='bbox 2920 491 3185 554; x_wconf 80' lang='lat' dir='ltr'><strong>quatenus</strong></span> <span class='ocrx_word' id='word_1_99' title='bbox 3229 484 3637 542; x_wconf 89' lang='lat' dir='ltr'><strong>Lausanensem</strong></span> 
     </span>
    </p>
   </div>
   <div class='ocr_carea' id='block_1_21' title="bbox 2037 559 3633 644">
    <p class='ocr_par' dir='ltr' id='par_1_21' title="bbox 2037 559 3633 644">
     <span class='ocr_line' id='line_1_21' title="bbox 2037 559 3633 644; baseline 0.003 -19"><span class='ocrx_word' id='word_1_100' title='bbox 2037 571 2366 637; x_wconf 78' lang='lat' dir='ltr'><strong>Ecclesium,</strong></span> <span class='ocrx_word' id='word_1_101' title='bbox 2399 589 2562 644; x_wconf 88' lang='lat' dir='ltr'><strong>quam</strong></span> <span class='ocrx_word' id='word_1_102' title='bbox 2585 572 2697 642; x_wconf 87' lang='lat' dir='ltr'><strong>jam</strong></span> <span class='ocrx_word' id='word_1_103' title='bbox 2725 571 2854 627; x_wconf 91' lang='lat' dir='ltr'><strong>olim</strong></span> <span class='ocrx_word' id='word_1_104' title='bbox 2885 573 3188 644; x_wconf 84' lang='lat' dir='ltr'><strong>regendam</strong></span> <span class='ocrx_word' id='word_1_105' title='bbox 3220 581 3562 644; x_wconf 80' lang='lat' dir='ltr'><strong>susceperat,</strong></span> <span class='ocrx_word' id='word_1_106' title='bbox 3580 559 3633 630; x_wconf 78' lang='lat' dir='ltr'><strong>ei</strong></span> 
     </span>
    </p>
   </div>
   <div class='ocr_carea' id='block_1_22' title="bbox 2035 659 3635 732">
    <p class='ocr_par' dir='ltr' id='par_1_22' title="bbox 2035 659 3635 732">
     <span class='ocr_line' id='line_1_22' title="bbox 2035 659 3635 732; baseline 0.004 -18"><span class='ocrx_word' id='word_1_107' title='bbox 2035 659 2298 732; x_wconf 80' lang='lat' dir='ltr'><strong>deinceps</strong></span> <span class='ocrx_word' id='word_1_108' title='bbox 2328 661 2484 717; x_wconf 81' lang='lat' dir='ltr'><strong>vobis</strong></span> <span class='ocrx_word' id='word_1_109' title='bbox 2513 660 2822 717; x_wconf 83' lang='lat' dir='ltr'><strong>foventibus</strong></span> <span class='ocrx_word' id='word_1_110' title='bbox 2849 661 3056 716; x_wconf 88' lang='lat' dir='ltr'><strong>habere</strong></span> <span class='ocrx_word' id='word_1_111' title='bbox 3083 661 3293 717; x_wconf 83' lang='lat' dir='ltr'><strong>liceret.</strong></span> <span class='ocrx_word' id='word_1_112' title='bbox 3319 663 3432 719; x_wconf 87' lang='lat' dir='ltr'><strong>Nos</strong></span> <span class='ocrx_word' id='word_1_113' title='bbox 3451 669 3635 720; x_wconf 78' lang='lat' dir='ltr'><strong>autem</strong></span> 
     </span>
    </p>
   </div>
   <div class='ocr_carea' id='block_1_23' title="bbox 2035 749 3640 822">
    <p class='ocr_par' dir='ltr' id='par_1_23' title="bbox 2035 749 3640 822">
     <span class='ocr_line' id='line_1_23' title="bbox 2035 749 3640 822; baseline 0.002 -18"><span class='ocrx_word' id='word_1_114' title='bbox 2035 750 2149 820; x_wconf 82' lang='lat' dir='ltr'><strong>ejus</strong></span> <span class='ocrx_word' id='word_1_115' title='bbox 2177 750 2435 822; x_wconf 82' lang='lat' dir='ltr'><strong>precibus</strong></span> <span class='ocrx_word' id='word_1_116' title='bbox 2463 749 2616 818; x_wconf 88' lang='lat' dir='ltr'><strong>moti,</strong></span> <span class='ocrx_word' id='word_1_117' title='bbox 2641 751 2796 820; x_wconf 82' lang='lat' dir='ltr'><strong>juxta</strong></span> <span class='ocrx_word' id='word_1_118' title='bbox 2825 749 2972 822; x_wconf 89' lang='lat' dir='ltr'><strong>quod</strong></span> <span class='ocrx_word' id='word_1_119' title='bbox 3000 750 3240 806; x_wconf 86' lang='lat' dir='ltr'><strong>omnium</strong></span> <span class='ocrx_word' id='word_1_120' title='bbox 3269 751 3640 808; x_wconf 72' lang='lat' dir='ltr'><strong>Ecclesiarum</strong></span> 
     </span>
    </p>
   </div>
   <div class='ocr_carea' id='block_1_24' title="bbox 2033 839 3728 912">
    <p class='ocr_par' dir='ltr' id='par_1_24' title="bbox 2033 839 3728 912">
     <span class='ocr_line' id='line_1_24' title="bbox 2033 839 3728 912; baseline 0.001 -18"><span class='ocrx_word' id='word_1_121' title='bbox 2033 839 2134 894; x_wconf 90' lang='lat' dir='ltr'><strong>Dei</strong></span> <span class='ocrx_word' id='word_1_122' title='bbox 2161 854 2347 896; x_wconf 86' lang='lat' dir='ltr'><strong>curam</strong></span> <span class='ocrx_word' id='word_1_123' title='bbox 2376 839 2645 894; x_wconf 76' lang='lat' dir='ltr'><strong>habemus</strong></span> <span class='ocrx_word' id='word_1_124' title='bbox 2674 839 3047 904; x_wconf 87' lang='lat' dir='ltr'><strong>commissam,</strong></span> <span class='ocrx_word' id='word_1_125' title='bbox 3082 847 3137 894; x_wconf 90' lang='lat' dir='ltr'><strong>et</strong></span> <span class='ocrx_word' id='word_1_126' title='bbox 3167 839 3293 912; x_wconf 84' lang='lat' dir='ltr'><strong>quia</strong></span> <span class='ocrx_word' id='word_1_127' title='bbox 3321 848 3507 896; x_wconf 87' lang='lat' dir='ltr'><strong>nostra</strong></span> <span class='ocrx_word' id='word_1_128' title='bbox 3533 857 3634 895; x_wconf 79' lang='lat' dir='ltr'><strong>ex-</strong></span> <span class='ocrx_word' id='word_1_129' title='bbox 3720 901 3728 909; x_wconf 29' lang='grc' dir='ltr'><strong><em>μ</em></strong></span> 
     </span>
    </p>
   </div>
   <div class='ocr_carea' id='block_1_25' title="bbox 2033 926 3680 1000">
    <p class='ocr_par' dir='ltr' id='par_1_25' title="bbox 2033 926 3680 1000">
     <span class='ocr_line' id='line_1_25' title="bbox 2033 926 3680 1000; baseline 0.001 -18"><span class='ocrx_word' id='word_1_130' title='bbox 2033 928 2340 992; x_wconf 83' lang='lat' dir='ltr'><strong>hortatione</strong></span> <span class='ocrx_word' id='word_1_131' title='bbox 2371 927 2524 982; x_wconf 89' lang='lat' dir='ltr'><strong>illum</strong></span> <span class='ocrx_word' id='word_1_132' title='bbox 2551 927 2706 982; x_wconf 90' lang='lat' dir='ltr'><strong>vobis</strong></span> <span class='ocrx_word' id='word_1_133' title='bbox 2725 926 2944 982; x_wconf 86' lang='lat' dir='ltr'><strong>ﬁdelem</strong></span> <span class='ocrx_word' id='word_1_134' title='bbox 2964 927 3020 982; x_wconf 89' lang='lat' dir='ltr'><strong>in</strong></span> <span class='ocrx_word' id='word_1_135' title='bbox 3039 927 3311 997; x_wconf 89' lang='lat' dir='ltr'><strong>omnibus,</strong></span> <span class='ocrx_word' id='word_1_136' title='bbox 3335 929 3639 1000; x_wconf 81' lang='lat' dir='ltr'><strong>preprium-</strong></span> <span class='ocrx_word' id='word_1_137' title='bbox 3675 989 3680 992; x_wconf 96' lang='lat'><em>_</em></span> 
     </span>
    </p>
   </div>
   <div class='ocr_carea' id='block_1_26' title="bbox 2033 1015 3640 1090">
    <p class='ocr_par' dir='ltr' id='par_1_26' title="bbox 2033 1015 3640 1090">
     <span class='ocr_line' id='line_1_26' title="bbox 2033 1015 3640 1090; baseline 0.002 -19"><span class='ocrx_word' id='word_1_138' title='bbox 2033 1032 2158 1088; x_wconf 88' lang='lat' dir='ltr'><strong>que,</strong></span> <span class='ocrx_word' id='word_1_139' title='bbox 2192 1016 2332 1072; x_wconf 80' lang='lat' dir='ltr'><strong>sicut</strong></span> <span class='ocrx_word' id='word_1_140' title='bbox 2361 1016 2546 1072; x_wconf 67' lang='lat' dir='ltr'><strong>caeteri</strong></span> <span class='ocrx_word' id='word_1_141' title='bbox 2575 1015 2736 1090; x_wconf 84' lang='lat' dir='ltr'><strong>regni</strong></span> <span class='ocrx_word' id='word_1_142' title='bbox 2766 1016 2934 1072; x_wconf 87' lang='lat' dir='ltr'><strong>vestri</strong></span> <span class='ocrx_word' id='word_1_143' title='bbox 2967 1016 3209 1088; x_wconf 83' lang='lat' dir='ltr'><strong>episcOpi</strong></span> <span class='ocrx_word' id='word_1_144' title='bbox 3241 1017 3496 1085; x_wconf 86' lang='lat' dir='ltr'><strong>existunt,</strong></span> <span class='ocrx_word' id='word_1_145' title='bbox 3515 1033 3640 1075; x_wconf 84' lang='lat' dir='ltr'><strong>esse</strong></span> 
     </span>
    </p>
   </div>
   <div class='ocr_carea' id='block_1_27' title="bbox 2031 1104 3638 1180">
    <p class='ocr_par' dir='ltr' id='par_1_27' title="bbox 2031 1104 3638 1180">
     <span class='ocr_line' id='line_1_27' title="bbox 2031 1104 3638 1180; baseline 0 -19"><span class='ocrx_word' id='word_1_146' title='bbox 2031 1104 2314 1175; x_wconf 86' lang='lat' dir='ltr'><strong>cupientes</strong></span> <span class='ocrx_word' id='word_1_147' title='bbox 2345 1105 2690 1176; x_wconf 80' lang='lat' dir='ltr'><strong>agnovimus,</strong></span> <span class='ocrx_word' id='word_1_148' title='bbox 2727 1105 2812 1180; x_wconf 81' lang='lat' dir='ltr'><strong>his</strong></span> <span class='ocrx_word' id='word_1_149' title='bbox 2835 1105 3173 1176; x_wconf 85' lang='lat' dir='ltr'><strong>apostolatus</strong></span> <span class='ocrx_word' id='word_1_150' title='bbox 3230 1105 3401 1161; x_wconf 87' lang='lat' dir='ltr'><strong>nostri</strong></span> <span class='ocrx_word' id='word_1_151' title='bbox 3437 1105 3638 1162; x_wconf 87' lang='lat' dir='ltr'><strong>litteris</strong></span> 
     </span>
    </p>
   </div>
   <div class='ocr_carea' id='block_1_28' title="bbox 2031 1193 3640 1266">
    <p class='ocr_par' dir='ltr' id='par_1_28' title="bbox 2031 1193 3640 1266">
     <span class='ocr_line' id='line_1_28' title="bbox 2031 1193 3640 1266; baseline 0.001 -18"><span class='ocrx_word' id='word_1_152' title='bbox 2031 1193 2372 1250; x_wconf 78' lang='lat' dir='ltr'><strong>excellentiae</strong></span> <span class='ocrx_word' id='word_1_153' title='bbox 2402 1201 2597 1250; x_wconf 65' lang='lat' dir='ltr'><strong>vestra:</strong></span> <span class='ocrx_word' id='word_1_154' title='bbox 2623 1193 2977 1266; x_wconf 84' lang='lat' dir='ltr'><strong>suggerimus</strong></span> <span class='ocrx_word' id='word_1_155' title='bbox 3008 1201 3064 1248; x_wconf 91' lang='lat' dir='ltr'><strong>ut</strong></span> <span class='ocrx_word' id='word_1_156' title='bbox 3109 1210 3234 1248; x_wconf 90' lang='lat' dir='ltr'><strong>eum</strong></span> <span class='ocrx_word' id='word_1_157' title='bbox 3293 1210 3396 1265; x_wconf 92' lang='lat' dir='ltr'><strong>pro</strong></span> <span class='ocrx_word' id='word_1_158' title='bbox 3449 1209 3640 1250; x_wconf 86' lang='lat' dir='ltr'><strong>amore</strong></span> 
     </span>
    </p>
   </div>
   <div class='ocr_carea' id='block_1_29' title="bbox 2029 1281 3635 1355">
    <p class='ocr_par' dir='ltr' id='par_1_29' title="bbox 2029 1281 3635 1355">
     <span class='ocr_line' id='line_1_29' title="bbox 2029 1281 3635 1355; baseline 0.001 -18"><span class='ocrx_word' id='word_1_159' title='bbox 2029 1281 2134 1337; x_wconf 91' lang='lat' dir='ltr'><strong>Dei</strong></span> <span class='ocrx_word' id='word_1_160' title='bbox 2161 1290 2216 1337; x_wconf 89' lang='lat' dir='ltr'><strong>et</strong></span> <span class='ocrx_word' id='word_1_161' title='bbox 2249 1282 2423 1338; x_wconf 88' lang='lat' dir='ltr'><strong>sancti</strong></span> <span class='ocrx_word' id='word_1_162' title='bbox 2453 1281 2594 1338; x_wconf 89' lang='lat' dir='ltr'><strong>Petri</strong></span> <span class='ocrx_word' id='word_1_163' title='bbox 2616 1291 2669 1337; x_wconf 87' lang='lat' dir='ltr'><strong>et</strong></span> <span class='ocrx_word' id='word_1_164' title='bbox 2695 1289 2906 1349; x_wconf 66' lang='lat' dir='ltr'><strong>nostro,</strong></span> <span class='ocrx_word' id='word_1_165' title='bbox 2938 1289 2992 1337; x_wconf 90' lang='lat' dir='ltr'><strong>et</strong></span> <span class='ocrx_word' id='word_1_166' title='bbox 3047 1282 3283 1354; x_wconf 84' lang='lat' dir='ltr'><strong>benigne</strong></span> <span class='ocrx_word' id='word_1_167' title='bbox 3339 1282 3635 1355; x_wconf 86' lang='lat' dir='ltr'><strong>recipiatis,</strong></span> 
     </span>
    </p>
   </div>
   <div class='ocr_carea' id='block_1_30' title="bbox 2029 1370 3640 1442">
    <p class='ocr_par' dir='ltr' id='par_1_30' title="bbox 2029 1370 3640 1442">
     <span class='ocr_line' id='line_1_30' title="bbox 2029 1370 3640 1442; baseline 0.001 -16"><span class='ocrx_word' id='word_1_168' title='bbox 2029 1379 2083 1426; x_wconf 90' lang='lat' dir='ltr'><strong>et</strong></span> <span class='ocrx_word' id='word_1_169' title='bbox 2105 1371 2218 1440; x_wconf 83' lang='lat' dir='ltr'><strong>jam</strong></span> <span class='ocrx_word' id='word_1_170' title='bbox 2248 1370 2451 1426; x_wconf 91' lang='lat' dir='ltr'><strong>dictum</strong></span> <span class='ocrx_word' id='word_1_171' title='bbox 2483 1371 2856 1442; x_wconf 87' lang='lat' dir='ltr'><strong>episcopatum</strong></span> <span class='ocrx_word' id='word_1_172' title='bbox 2886 1371 3314 1440; x_wconf 89' lang='lat' dir='ltr'><strong>Lausanensem,</strong></span> <span class='ocrx_word' id='word_1_173' title='bbox 3347 1371 3452 1426; x_wconf 88' lang='lat' dir='ltr'><strong>sibi</strong></span> <span class='ocrx_word' id='word_1_174' title='bbox 3495 1371 3640 1428; x_wconf 91' lang='lat' dir='ltr'><strong>divi-</strong></span> 
     </span>
    </p>
   </div>
   <div class='ocr_carea' id='block_1_31' title="bbox 2027 1459 3636 1531">
    <p class='ocr_par' dir='ltr' id='par_1_31' title="bbox 2027 1459 3636 1531">
     <span class='ocr_line' id='line_1_31' title="bbox 2027 1459 3636 1531; baseline 0.003 -19"><span class='ocrx_word' id='word_1_175' title='bbox 2027 1459 2172 1514; x_wconf 88' lang='lat' dir='ltr'><strong>nitus</strong></span> <span class='ocrx_word' id='word_1_176' title='bbox 2199 1475 2546 1526; x_wconf 82' lang='lat' dir='ltr'><strong>concessum,</strong></span> <span class='ocrx_word' id='word_1_177' title='bbox 2579 1466 2876 1531; x_wconf 88' lang='lat' dir='ltr'><strong>nostraque</strong></span> <span class='ocrx_word' id='word_1_178' title='bbox 2907 1459 3203 1530; x_wconf 86' lang='lat' dir='ltr'><strong>apostolica</strong></span> <span class='ocrx_word' id='word_1_179' title='bbox 3235 1459 3398 1515; x_wconf 90' lang='lat' dir='ltr'><strong>etiam</strong></span> <span class='ocrx_word' id='word_1_180' title='bbox 3441 1467 3636 1516; x_wconf 87' lang='lat' dir='ltr'><strong>aucto-</strong></span> 
     </span>
    </p>
   </div>
   <div class='ocr_carea' id='block_1_32' title="bbox 2028 1547 3636 1622">
    <p class='ocr_par' dir='ltr' id='par_1_32' title="bbox 2028 1547 3636 1622">
     <span class='ocr_line' id='line_1_32' title="bbox 2028 1547 3636 1622; baseline 0.002 -20"><span class='ocrx_word' id='word_1_181' title='bbox 2028 1549 2185 1604; x_wconf 83' lang='lat' dir='ltr'><strong>ritate</strong></span> <span class='ocrx_word' id='word_1_182' title='bbox 2226 1549 2600 1614; x_wconf 88' lang='lat' dir='ltr'><strong>commissum,</strong></span> <span class='ocrx_word' id='word_1_183' title='bbox 2662 1547 2762 1602; x_wconf 90' lang='lat' dir='ltr'><strong>sub</strong></span> <span class='ocrx_word' id='word_1_184' title='bbox 2821 1548 2970 1603; x_wconf 90' lang='lat' dir='ltr'><strong>omni</strong></span> <span class='ocrx_word' id='word_1_185' title='bbox 3024 1548 3334 1622; x_wconf 75' lang='lat' dir='ltr'><strong>integritate</strong></span> <span class='ocrx_word' id='word_1_186' title='bbox 3389 1548 3636 1620; x_wconf 86' lang='lat' dir='ltr'><strong>recipere</strong></span> 
     </span>
    </p>
   </div>
   <div class='ocr_carea' id='block_1_33' title="bbox 2028 1637 3680 1709">
    <p class='ocr_par' dir='ltr' id='par_1_33' title="bbox 2028 1637 3680 1709">
     <span class='ocr_line' id='line_1_33' title="bbox 2028 1637 3680 1709; baseline 0.001 -17"><span class='ocrx_word' id='word_1_187' title='bbox 2028 1638 2340 1709; x_wconf 88' lang='lat' dir='ltr'><strong>habereque</strong></span> <span class='ocrx_word' id='word_1_188' title='bbox 2373 1637 2635 1694; x_wconf 88' lang='lat' dir='ltr'><strong>securiter</strong></span> <span class='ocrx_word' id='word_1_189' title='bbox 2661 1637 3000 1708; x_wconf 86' lang='lat' dir='ltr'><strong>permittatis,</strong></span> <span class='ocrx_word' id='word_1_190' title='bbox 3047 1653 3116 1692; x_wconf 91' lang='lat' dir='ltr'><strong>ne</strong></span> <span class='ocrx_word' id='word_1_191' title='bbox 3162 1637 3394 1708; x_wconf 86' lang='lat' dir='ltr'><strong>amplius</strong></span> <span class='ocrx_word' id='word_1_192' title='bbox 3442 1637 3638 1694; x_wconf 75' lang='lat' dir='ltr'><strong>eadem</strong></span> <span class='ocrx_word' id='word_1_193' title='bbox 3672 1678 3680 1687; x_wconf 84' lang='lat'><strong>.</strong></span> 
     </span>
    </p>
   </div>
   <div class='ocr_carea' id='block_1_34' title="bbox 325 1723 3636 1812">
    <p class='ocr_par' dir='ltr' id='par_1_34' title="bbox 325 1723 3636 1812">
     <span class='ocr_line' id='line_1_34' title="bbox 325 1723 3636 1812; baseline 0 -30"><span class='ocrx_word' id='word_1_194' title='bbox 325 1743 422 1797; x_wconf 88' lang='lat' dir='ltr'><strong>per</strong></span> <span class='ocrx_word' id='word_1_195' title='bbox 476 1741 573 1782; x_wconf 86' lang='lat' dir='ltr'><strong>vos</strong></span> <span class='ocrx_word' id='word_1_196' title='bbox 630 1725 706 1780; x_wconf 92' lang='lat' dir='ltr'><strong>sic</strong></span> <span class='ocrx_word' id='word_1_197' title='bbox 763 1725 1058 1782; x_wconf 87' lang='lat' dir='ltr'><strong>crudeliter</strong></span> <span class='ocrx_word' id='word_1_198' title='bbox 1113 1723 1468 1796; x_wconf 78' lang='lat' dir='ltr'><strong>aﬂligeretur,</strong></span> <span class='ocrx_word' id='word_1_199' title='bbox 1523 1732 1576 1778; x_wconf 89' lang='lat' dir='ltr'><strong>et</strong></span> <span class='ocrx_word' id='word_1_200' title='bbox 1641 1723 1926 1778; x_wconf 83' lang='lat' dir='ltr'><strong>animabus</strong></span> <span class='ocrx_word' id='word_1_201' title='bbox 1957 1751 2010 1812; x_wconf 83' lang='lat' dir='ltr'>B</span> <span class='ocrx_word' id='word_1_202' title='bbox 2031 1725 2279 1783; x_wconf 86' lang='lat' dir='ltr'><strong>Ecclesia</strong></span> <span class='ocrx_word' id='word_1_203' title='bbox 2307 1735 2496 1782; x_wconf 89' lang='lat' dir='ltr'><strong>contra</strong></span> <span class='ocrx_word' id='word_1_204' title='bbox 2525 1732 2720 1780; x_wconf 87' lang='lat' dir='ltr'><strong>statuta</strong></span> <span class='ocrx_word' id='word_1_205' title='bbox 2760 1726 2979 1780; x_wconf 85' lang='lat' dir='ltr'><strong>Patrum</strong></span> <span class='ocrx_word' id='word_1_206' title='bbox 3007 1725 3124 1781; x_wconf 88' lang='lat' dir='ltr'><strong>sine</strong></span> <span class='ocrx_word' id='word_1_207' title='bbox 3152 1726 3379 1797; x_wconf 88' lang='lat' dir='ltr'><strong>proprio</strong></span> <span class='ocrx_word' id='word_1_208' title='bbox 3423 1733 3636 1783; x_wconf 76' lang='lat' dir='ltr'><strong>restore</strong></span> 
     </span>
    </p>
   </div>
   <div class='ocr_carea' id='block_1_35' title="bbox 323 1811 1928 1884">
    <p class='ocr_par' dir='ltr' id='par_1_35' title="bbox 323 1811 1928 1884">
     <span class='ocr_line' id='line_1_35' title="bbox 323 1811 1928 1884; baseline -0.002 -15"><span class='ocrx_word' id='word_1_209' title='bbox 323 1815 518 1872; x_wconf 87' lang='lat' dir='ltr'><strong>vestris</strong></span> <span class='ocrx_word' id='word_1_210' title='bbox 549 1831 658 1870; x_wconf 90' lang='lat' dir='ltr'><strong>non</strong></span> <span class='ocrx_word' id='word_1_211' title='bbox 685 1815 860 1870; x_wconf 90' lang='lat' dir='ltr'><strong>solum</strong></span> <span class='ocrx_word' id='word_1_212' title='bbox 890 1813 1189 1884; x_wconf 89' lang='lat' dir='ltr'><strong>temporale</strong></span> <span class='ocrx_word' id='word_1_213' title='bbox 1221 1813 1417 1869; x_wconf 83' lang='lat' dir='ltr'><strong>exinde</strong></span> <span class='ocrx_word' id='word_1_214' title='bbox 1451 1811 1778 1878; x_wconf 89' lang='lat' dir='ltr'><strong>discrimen,</strong></span> <span class='ocrx_word' id='word_1_215' title='bbox 1829 1812 1928 1866; x_wconf 89' lang='lat' dir='ltr'><strong>sed</strong></span> 
     </span>
    </p>
   </div>
   <div class='ocr_carea' id='block_1_36' title="bbox 328 1901 1936 1974">
    <p class='ocr_par' dir='ltr' id='par_1_36' title="bbox 328 1901 1936 1974">
     <span class='ocr_line' id='line_1_36' title="bbox 328 1901 1936 1974; baseline -0.002 -16"><span class='ocrx_word' id='word_1_216' title='bbox 328 1904 491 1959; x_wconf 88' lang='lat' dir='ltr'><strong>etiam</strong></span> <span class='ocrx_word' id='word_1_217' title='bbox 533 1912 801 1959; x_wconf 73' lang='lat' dir='ltr'><strong>aeternum</strong></span> <span class='ocrx_word' id='word_1_218' title='bbox 855 1901 1149 1974; x_wconf 86' lang='lat' dir='ltr'><strong>acquiretis</strong></span> <span class='ocrx_word' id='word_1_219' title='bbox 1209 1901 1554 1973; x_wconf 85' lang='lat' dir='ltr'><strong>supplicium.</strong></span> <span class='ocrx_word' id='word_1_220' title='bbox 1619 1901 1779 1957; x_wconf 87' lang='lat' dir='ltr'><strong>Nunc</strong></span> <span class='ocrx_word' id='word_1_221' title='bbox 1833 1917 1936 1955; x_wconf 87' lang='lat' dir='ltr'><strong>au-</strong></span> 
     </span>
    </p>
   </div>
   <div class='ocr_carea' id='block_1_37' title="bbox 327 1989 1932 2064">
    <p class='ocr_par' dir='ltr' id='par_1_37' title="bbox 327 1989 1932 2064">
     <span class='ocr_line' id='line_1_37' title="bbox 327 1989 1932 2064; baseline -0.003 -16"><span class='ocrx_word' id='word_1_222' title='bbox 327 2001 439 2048; x_wconf 89' lang='lat' dir='ltr'><strong>tem</strong></span> <span class='ocrx_word' id='word_1_223' title='bbox 467 2007 586 2059; x_wconf 86' lang='lat' dir='ltr'><strong>vos,</strong></span> <span class='ocrx_word' id='word_1_224' title='bbox 617 1991 777 2064; x_wconf 86' lang='lat' dir='ltr'><strong>quasi</strong></span> <span class='ocrx_word' id='word_1_225' title='bbox 805 1990 947 2046; x_wconf 81' lang='lat' dir='ltr'><strong>ﬁlios</strong></span> <span class='ocrx_word' id='word_1_226' title='bbox 973 1991 1204 2046; x_wconf 85' lang='lat' dir='ltr'><strong>dilectos</strong></span> <span class='ocrx_word' id='word_1_227' title='bbox 1231 2005 1466 2061; x_wconf 90' lang='lat' dir='ltr'><strong>corpore</strong></span> <span class='ocrx_word' id='word_1_228' title='bbox 1492 1998 1546 2045; x_wconf 87' lang='lat' dir='ltr'><strong>et</strong></span> <span class='ocrx_word' id='word_1_229' title='bbox 1575 1989 1769 2060; x_wconf 86' lang='lat' dir='ltr'><strong>spiritu</strong></span> <span class='ocrx_word' id='word_1_230' title='bbox 1817 1989 1932 2044; x_wconf 82' lang='lat' dir='ltr'><strong>sal-</strong></span> 
     </span>
    </p>
   </div>
   <div class='ocr_carea' id='block_1_38' title="bbox 329 2077 1932 2150">
    <p class='ocr_par' dir='ltr' id='par_1_38' title="bbox 329 2077 1932 2150">
     <span class='ocr_line' id='line_1_38' title="bbox 329 2077 1932 2150; baseline -0.004 -12"><span class='ocrx_word' id='word_1_231' title='bbox 329 2089 459 2138; x_wconf 77' lang='lat' dir='ltr'><strong>v‘are</strong></span> <span class='ocrx_word' id='word_1_232' title='bbox 507 2080 770 2147; x_wconf 86' lang='lat' dir='ltr'><strong>volentes,</strong></span> <span class='ocrx_word' id='word_1_233' title='bbox 814 2079 900 2134; x_wconf 87' lang='lat' dir='ltr'><strong>his</strong></span> <span class='ocrx_word' id='word_1_234' title='bbox 951 2079 1287 2150; x_wconf 85' lang='lat' dir='ltr'><strong>apostolatus</strong></span> <span class='ocrx_word' id='word_1_235' title='bbox 1333 2079 1504 2135; x_wconf 87' lang='lat' dir='ltr'><strong>nostri</strong></span> <span class='ocrx_word' id='word_1_236' title='bbox 1552 2077 1746 2132; x_wconf 86' lang='lat' dir='ltr'><strong>litteris</strong></span> <span class='ocrx_word' id='word_1_237' title='bbox 1808 2093 1932 2132; x_wconf 89' lang='lat' dir='ltr'><strong>mo-</strong></span> 
     </span>
    </p>
   </div>
   <div class='ocr_carea' id='block_1_39' title="bbox 327 2167 1932 2235">
    <p class='ocr_par' dir='ltr' id='par_1_39' title="bbox 327 2167 1932 2235">
     <span class='ocr_line' id='line_1_39' title="bbox 327 2167 1932 2235; baseline -0.003 -10"><span class='ocrx_word' id='word_1_238' title='bbox 327 2186 524 2226; x_wconf 82' lang='lat' dir='ltr'><strong>nemus</strong></span> <span class='ocrx_word' id='word_1_239' title='bbox 553 2177 608 2224; x_wconf 87' lang='lat' dir='ltr'><strong>et</strong></span> <span class='ocrx_word' id='word_1_240' title='bbox 637 2170 922 2225; x_wconf 85' lang='lat' dir='ltr'><strong>hortamur</strong></span> <span class='ocrx_word' id='word_1_241' title='bbox 972 2167 1380 2223; x_wconf 86' lang='lat' dir='ltr'><strong>unanimitatem</strong></span> <span class='ocrx_word' id='word_1_242' title='bbox 1422 2174 1660 2223; x_wconf 81' lang='lat' dir='ltr'><strong>vestram</strong></span> <span class='ocrx_word' id='word_1_243' title='bbox 1709 2174 1786 2235; x_wconf 90' lang='lat' dir='ltr'><strong>ut,</strong></span> <span class='ocrx_word' id='word_1_244' title='bbox 1839 2183 1932 2221; x_wconf 79' lang='lat' dir='ltr'><strong>re-</strong></span> 
     </span>
    </p>
   </div>
   <div class='ocr_carea' id='block_1_40' title="bbox 327 2256 1932 2330">
    <p class='ocr_par' dir='ltr' id='par_1_40' title="bbox 327 2256 1932 2330">
     <span class='ocr_line' id='line_1_40' title="bbox 327 2256 1932 2330; baseline -0.002 -16"><span class='ocrx_word' id='word_1_245' title='bbox 327 2259 459 2316; x_wconf 87' lang='lat' dir='ltr'><strong>lieta</strong></span> <span class='ocrx_word' id='word_1_246' title='bbox 489 2275 634 2314; x_wconf 89' lang='lat' dir='ltr'><strong>nunc</strong></span> <span class='ocrx_word' id='word_1_247' title='bbox 660 2257 877 2330; x_wconf 87' lang='lat' dir='ltr'><strong>penitus</strong></span> <span class='ocrx_word' id='word_1_248' title='bbox 907 2258 1306 2312; x_wconf 88' lang='lat' dir='ltr'><strong>Saracenorum</strong></span> <span class='ocrx_word' id='word_1_249' title='bbox 1335 2256 1610 2326; x_wconf 79' lang='lat' dir='ltr'><strong>societate,</strong></span> <span class='ocrx_word' id='word_1_250' title='bbox 1646 2263 1932 2326; x_wconf 85' lang='lat' dir='ltr'><strong>corrupto-</strong></span> 
     </span>
    </p>
   </div>
   <div class='ocr_carea' id='block_1_41' title="bbox 329 2345 1932 2420">
    <p class='ocr_par' dir='ltr' id='par_1_41' title="bbox 329 2345 1932 2420">
     <span class='ocr_line' id='line_1_41' title="bbox 329 2345 1932 2420; baseline -0.004 -16"><span class='ocrx_word' id='word_1_251' title='bbox 329 2364 435 2420; x_wconf 88' lang='lat' dir='ltr'><strong>que</strong></span> <span class='ocrx_word' id='word_1_252' title='bbox 464 2346 670 2404; x_wconf 82' lang='lat' dir='ltr'><strong>foedere</strong></span> <span class='ocrx_word' id='word_1_253' title='bbox 699 2347 848 2419; x_wconf 87' lang='lat' dir='ltr'><strong>quod</strong></span> <span class='ocrx_word' id='word_1_254' title='bbox 875 2363 1000 2403; x_wconf 89' lang='lat' dir='ltr'><strong>cum</strong></span> <span class='ocrx_word' id='word_1_255' title='bbox 1027 2345 1109 2402; x_wconf 90' lang='lat' dir='ltr'><strong>eis</strong></span> <span class='ocrx_word' id='word_1_256' title='bbox 1137 2346 1206 2401; x_wconf 90' lang='lat' dir='ltr'><strong>ad</strong></span> <span class='ocrx_word' id='word_1_257' title='bbox 1237 2345 1600 2416; x_wconf 87' lang='lat' dir='ltr'><strong>perditionem</strong></span> <span class='ocrx_word' id='word_1_258' title='bbox 1629 2347 1932 2399; x_wconf 85' lang='lat' dir='ltr'><strong>animarum</strong></span> 
     </span>
    </p>
   </div>
   <div class='ocr_carea' id='block_1_42' title="bbox 326 2433 1932 2501">
    <p class='ocr_par' dir='ltr' id='par_1_42' title="bbox 326 2433 1932 2501">
     <span class='ocr_line' id='line_1_42' title="bbox 326 2433 1932 2501; baseline -0.002 -9"><span class='ocrx_word' id='word_1_259' title='bbox 326 2445 630 2492; x_wconf 82' lang='lat' dir='ltr'><strong>vestrarum</strong></span> <span class='ocrx_word' id='word_1_260' title='bbox 659 2444 710 2491; x_wconf 88' lang='lat' dir='ltr'><strong>et</strong></span> <span class='ocrx_word' id='word_1_261' title='bbox 738 2443 896 2491; x_wconf 63' lang='lat' dir='ltr'><strong>terra:</strong></span> <span class='ocrx_word' id='word_1_262' title='bbox 927 2435 1097 2490; x_wconf 84' lang='lat' dir='ltr'><strong>sancti</strong></span> <span class='ocrx_word' id='word_1_263' title='bbox 1128 2436 1273 2490; x_wconf 86' lang='lat' dir='ltr'><strong>Petri</strong></span> <span class='ocrx_word' id='word_1_264' title='bbox 1305 2433 1534 2501; x_wconf 85' lang='lat' dir='ltr'><strong>habetis,</strong></span> <span class='ocrx_word' id='word_1_265' title='bbox 1567 2433 1732 2490; x_wconf 87' lang='lat' dir='ltr'><strong>alacri</strong></span> <span class='ocrx_word' id='word_1_266' title='bbox 1751 2439 1932 2488; x_wconf 85' lang='lat' dir='ltr'><strong>mente</strong></span> 
     </span>
    </p>
   </div>
   <div class='ocr_carea' id='block_1_43' title="bbox 328 2521 1933 2597">
    <p class='ocr_par' dir='ltr' id='par_1_43' title="bbox 328 2521 1933 2597">
     <span class='ocr_line' id='line_1_43' title="bbox 328 2521 1933 2597; baseline -0.002 -17"><span class='ocrx_word' id='word_1_267' title='bbox 328 2525 526 2597; x_wconf 87' lang='lat' dir='ltr'><strong>piaque</strong></span> <span class='ocrx_word' id='word_1_268' title='bbox 555 2524 863 2590; x_wconf 86' lang='lat' dir='ltr'><strong>devotione,</strong></span> <span class='ocrx_word' id='word_1_269' title='bbox 893 2524 1002 2592; x_wconf 88' lang='lat' dir='ltr'><strong>jam</strong></span> <span class='ocrx_word' id='word_1_270' title='bbox 1054 2524 1218 2578; x_wconf 91' lang='lat' dir='ltr'><strong>modo</strong></span> <span class='ocrx_word' id='word_1_271' title='bbox 1272 2523 1345 2578; x_wconf 83' lang='lat' dir='ltr'><strong>ad</strong></span> <span class='ocrx_word' id='word_1_272' title='bbox 1399 2521 1672 2594; x_wconf 79' lang='lat' dir='ltr'><strong>gremium</strong></span> <span class='ocrx_word' id='word_1_273' title='bbox 1731 2528 1933 2577; x_wconf 73' lang='lat' dir='ltr'><strong>sanctze</strong></span> 
     </span>
    </p>
   </div>
   <div class='ocr_carea' id='block_1_44' title="bbox 325 2611 1929 2684">
    <p class='ocr_par' dir='ltr' id='par_1_44' title="bbox 325 2611 1929 2684">
     <span class='ocr_line' id='line_1_44' title="bbox 325 2611 1929 2684; baseline -0.004 -12"><span class='ocrx_word' id='word_1_274' title='bbox 325 2613 610 2672; x_wconf 63' lang='lat' dir='ltr'><strong>catholica</strong></span> <span class='ocrx_word' id='word_1_275' title='bbox 665 2622 718 2668; x_wconf 89' lang='lat' dir='ltr'><strong>et</strong></span> <span class='ocrx_word' id='word_1_276' title='bbox 771 2613 1088 2684; x_wconf 85' lang='lat' dir='ltr'><strong>apostolicae</strong></span> <span class='ocrx_word' id='word_1_277' title='bbox 1142 2611 1410 2668; x_wconf 66' lang='lat' dir='ltr'><strong>Ecclesia:</strong></span> <span class='ocrx_word' id='word_1_278' title='bbox 1462 2611 1651 2666; x_wconf 87' lang='lat' dir='ltr'><strong>matris</strong></span> <span class='ocrx_word' id='word_1_279' title='bbox 1735 2618 1929 2666; x_wconf 65' lang='lat' dir='ltr'><strong>vestra</strong></span> 
     </span>
    </p>
   </div>
   <div class='ocr_carea' id='block_1_45' title="bbox 323 2699 1929 2766">
    <p class='ocr_par' dir='ltr' id='par_1_45' title="bbox 323 2699 1929 2766">
     <span class='ocr_line' id='line_1_45' title="bbox 323 2699 1929 2766; baseline -0.002 -8"><span class='ocrx_word' id='word_1_280' title='bbox 323 2701 689 2766; x_wconf 87' lang='lat' dir='ltr'><strong>revertamini,</strong></span> <span class='ocrx_word' id='word_1_281' title='bbox 709 2708 763 2756; x_wconf 86' lang='lat' dir='ltr'><strong>et</strong></span> <span class='ocrx_word' id='word_1_282' title='bbox 805 2701 876 2756; x_wconf 81' lang='lat' dir='ltr'><strong>ad</strong></span> <span class='ocrx_word' id='word_1_283' title='bbox 919 2701 1236 2756; x_wconf 87' lang='lat' dir='ltr'><strong>societatem</strong></span> <span class='ocrx_word' id='word_1_284' title='bbox 1255 2709 1310 2761; x_wconf 84' lang='lat' dir='ltr'><strong>et</strong></span> <span class='ocrx_word' id='word_1_285' title='bbox 1359 2699 1810 2756; x_wconf 88' lang='lat' dir='ltr'><strong>communionem</strong></span> <span class='ocrx_word' id='word_1_286' title='bbox 1825 2713 1929 2756; x_wconf 79' lang='lat' dir='ltr'><strong>no-</strong></span> 
     </span>
    </p>
   </div>
   <div class='ocr_carea' id='block_1_46' title="bbox 329 2788 1932 2846">
    <p class='ocr_par' dir='ltr' id='par_1_46' title="bbox 329 2788 1932 2846">
     <span class='ocr_line' id='line_1_46' title="bbox 329 2788 1932 2846; baseline -0.003 0"><span class='ocrx_word' id='word_1_287' title='bbox 329 2800 490 2846; x_wconf 86' lang='lat' dir='ltr'><strong>stram</strong></span> <span class='ocrx_word' id='word_1_288' title='bbox 523 2791 703 2846; x_wconf 89' lang='lat' dir='ltr'><strong>redire</strong></span> <span class='ocrx_word' id='word_1_289' title='bbox 735 2789 1018 2846; x_wconf 77' lang='lat' dir='ltr'><strong>studentis.</strong></span> <span class='ocrx_word' id='word_1_290' title='bbox 1053 2791 1121 2844; x_wconf 87' lang='lat' dir='ltr'><strong>Et</strong></span> <span class='ocrx_word' id='word_1_291' title='bbox 1161 2789 1412 2844; x_wconf 89' lang='lat' dir='ltr'><strong>dabimus</strong></span> <span class='ocrx_word' id='word_1_292' title='bbox 1469 2788 1622 2844; x_wconf 92' lang='lat' dir='ltr'><strong>vobis</strong></span> <span class='ocrx_word' id='word_1_293' title='bbox 1679 2804 1824 2844; x_wconf 86' lang='lat' dir='ltr'><strong>nunc</strong></span> <span class='ocrx_word' id='word_1_294' title='bbox 1877 2795 1932 2843; x_wconf 89' lang='lat' dir='ltr'><strong>et</strong></span> 
     </span>
    </p>
   </div>
   <div class='ocr_carea' id='block_1_47' title="bbox 328 2875 1926 2951">
    <p class='ocr_par' dir='ltr' id='par_1_47' title="bbox 328 2875 1926 2951">
     <span class='ocr_line' id='line_1_47' title="bbox 328 2875 1926 2951; baseline -0.004 -16"><span class='ocrx_word' id='word_1_295' title='bbox 328 2897 430 2950; x_wconf 90' lang='lat' dir='ltr'><strong>per</strong></span> <span class='ocrx_word' id='word_1_296' title='bbox 459 2879 703 2951; x_wconf 87' lang='lat' dir='ltr'><strong>singulos</strong></span> <span class='ocrx_word' id='word_1_297' title='bbox 749 2894 940 2942; x_wconf 89' lang='lat' dir='ltr'><strong>annos,</strong></span> <span class='ocrx_word' id='word_1_298' title='bbox 988 2877 1128 2934; x_wconf 88' lang='lat' dir='ltr'><strong>sicut</strong></span> <span class='ocrx_word' id='word_1_299' title='bbox 1174 2877 1313 2932; x_wconf 89' lang='lat' dir='ltr'><strong>inter</strong></span> <span class='ocrx_word' id='word_1_300' title='bbox 1354 2893 1455 2932; x_wconf 92' lang='lat' dir='ltr'><strong>nos</strong></span> <span class='ocrx_word' id='word_1_301' title='bbox 1503 2884 1759 2932; x_wconf 87' lang='lat' dir='ltr'><strong>statutum</strong></span> <span class='ocrx_word' id='word_1_302' title='bbox 1807 2875 1926 2942; x_wconf 84' lang='lat' dir='ltr'><strong>fuit,</strong></span> 
     </span>
    </p>
   </div>
   <div class='ocr_carea' id='block_1_48' title="bbox 329 2964 1928 3038">
    <p class='ocr_par' dir='ltr' id='par_1_48' title="bbox 329 2964 1928 3038">
     <span class='ocr_line' id='line_1_48' title="bbox 329 2964 1928 3038; baseline -0.003 -13"><span class='ocrx_word' id='word_1_303' title='bbox 329 2970 522 3025; x_wconf 89' lang='lat' dir='ltr'><strong>decem</strong></span> <span class='ocrx_word' id='word_1_304' title='bbox 569 2967 741 3022; x_wconf 87' lang='lat' dir='ltr'><strong>millia</strong></span> <span class='ocrx_word' id='word_1_305' title='bbox 796 2983 1180 3022; x_wconf 88' lang='lat' dir='ltr'><strong>mancosorum</strong></span> <span class='ocrx_word' id='word_1_306' title='bbox 1238 2965 1489 3038; x_wconf 78' lang='lat' dir='ltr'><strong>argenti;</strong></span> <span class='ocrx_word' id='word_1_307' title='bbox 1523 2973 1575 3020; x_wconf 89' lang='lat' dir='ltr'><strong>et</strong></span> <span class='ocrx_word' id='word_1_308' title='bbox 1625 2964 1729 3020; x_wconf 90' lang='lat' dir='ltr'><strong>isto</strong></span> <span class='ocrx_word' id='word_1_309' title='bbox 1783 2980 1928 3036; x_wconf 74' lang='lat' dir='ltr'><strong>prae-</strong></span> 
     </span>
    </p>
   </div>
   <div class='ocr_carea' id='block_1_49' title="bbox 328 3051 1926 3126">
    <p class='ocr_par' dir='ltr' id='par_1_49' title="bbox 328 3051 1926 3126">
     <span class='ocr_line' id='line_1_49' title="bbox 328 3051 1926 3126; baseline -0.004 -14"><span class='ocrx_word' id='word_1_310' title='bbox 328 3056 472 3112; x_wconf 91' lang='lat' dir='ltr'><strong>senti</strong></span> <span class='ocrx_word' id='word_1_311' title='bbox 496 3071 639 3111; x_wconf 87' lang='lat' dir='ltr'><strong>anno</strong></span> <span class='ocrx_word' id='word_1_312' title='bbox 668 3057 860 3110; x_wconf 82' lang='lat' dir='ltr'><strong>damus</strong></span> <span class='ocrx_word' id='word_1_313' title='bbox 891 3055 1047 3110; x_wconf 91' lang='lat' dir='ltr'><strong>vobis</strong></span> <span class='ocrx_word' id='word_1_314' title='bbox 1076 3070 1172 3126; x_wconf 89' lang='lat' dir='ltr'><strong>pro</strong></span> <span class='ocrx_word' id='word_1_315' title='bbox 1200 3053 1580 3110; x_wconf 85' lang='lat' dir='ltr'><strong>benedictione</strong></span> <span class='ocrx_word' id='word_1_316' title='bbox 1600 3067 1766 3124; x_wconf 87' lang='lat' dir='ltr'><strong>supra</strong></span> <span class='ocrx_word' id='word_1_317' title='bbox 1777 3051 1926 3107; x_wconf 89' lang='lat' dir='ltr'><strong>mille</strong></span> 
     </span>
    </p>
   </div>
   <div class='ocr_carea' id='block_1_50' title="bbox 329 3141 1921 3214">
    <p class='ocr_par' dir='ltr' id='par_1_50' title="bbox 329 3141 1921 3214">
     <span class='ocr_line' id='line_1_50' title="bbox 329 3141 1921 3214; baseline -0.003 -14"><span class='ocrx_word' id='word_1_318' title='bbox 329 3161 639 3209; x_wconf 85' lang='lat' dir='ltr'><strong>mancosos,</strong></span> <span class='ocrx_word' id='word_1_319' title='bbox 673 3151 728 3200; x_wconf 89' lang='lat' dir='ltr'><strong>et</strong></span> <span class='ocrx_word' id='word_1_320' title='bbox 755 3143 1028 3200; x_wconf 89' lang='lat' dir='ltr'><strong>teloneum</strong></span> <span class='ocrx_word' id='word_1_321' title='bbox 1055 3143 1201 3214; x_wconf 85' lang='lat' dir='ltr'><strong>quod</strong></span> <span class='ocrx_word' id='word_1_322' title='bbox 1231 3142 1288 3196; x_wconf 90' lang='lat' dir='ltr'><strong>in</strong></span> <span class='ocrx_word' id='word_1_323' title='bbox 1339 3149 1495 3213; x_wconf 90' lang='lat' dir='ltr'><strong>portu</strong></span> <span class='ocrx_word' id='word_1_324' title='bbox 1548 3149 1732 3196; x_wconf 84' lang='lat' dir='ltr'><strong>nostro</strong></span> <span class='ocrx_word' id='word_1_325' title='bbox 1789 3141 1921 3196; x_wconf 91' lang='lat' dir='ltr'><strong>dare</strong></span> 
     </span>
    </p>
   </div>
   <div class='ocr_carea' id='block_1_51' title="bbox 327 3227 1922 3300">
    <p class='ocr_par' dir='ltr' id='par_1_51' title="bbox 327 3227 1922 3300">
     <span class='ocr_line' id='line_1_51' title="bbox 327 3227 1922 3300; baseline -0.003 -12"><span class='ocrx_word' id='word_1_326' title='bbox 327 3233 560 3298; x_wconf 84' lang='lat' dir='ltr'><strong>debetis,</strong></span> <span class='ocrx_word' id='word_1_327' title='bbox 591 3233 746 3289; x_wconf 86' lang='lat' dir='ltr'><strong>vobis</strong></span> <span class='ocrx_word' id='word_1_328' title='bbox 789 3232 1162 3288; x_wconf 88' lang='lat' dir='ltr'><strong>concedimus.</strong></span> <span class='ocrx_word' id='word_1_329' title='bbox 1218 3229 1379 3300; x_wconf 89' lang='lat' dir='ltr'><strong>Quod</strong></span> <span class='ocrx_word' id='word_1_330' title='bbox 1427 3230 1473 3284; x_wconf 90' lang='lat' dir='ltr'><strong>si</strong></span> <span class='ocrx_word' id='word_1_331' title='bbox 1520 3229 1577 3284; x_wconf 92' lang='lat' dir='ltr'><strong>in</strong></span> <span class='ocrx_word' id='word_1_332' title='bbox 1619 3228 1709 3284; x_wconf 88' lang='lat' dir='ltr'><strong>tali</strong></span> <span class='ocrx_word' id='word_1_333' title='bbox 1755 3227 1922 3298; x_wconf 90' lang='lat' dir='ltr'><strong>impio</strong></span> 
     </span>
    </p>
   </div>
   <div class='ocr_carea' id='block_1_52' title="bbox 329 3319 1932 3390">
    <p class='ocr_par' dir='ltr' id='par_1_52' title="bbox 329 3319 1932 3390">
     <span class='ocr_line' id='line_1_52' title="bbox 329 3319 1932 3390; baseline -0.004 -12"><span class='ocrx_word' id='word_1_334' title='bbox 329 3322 564 3388; x_wconf 87' lang='lat' dir='ltr'><strong>scelere,</strong></span> <span class='ocrx_word' id='word_1_335' title='bbox 597 3321 815 3378; x_wconf 87' lang='lat' dir='ltr'><strong>diabolo</strong></span> <span class='ocrx_word' id='word_1_336' title='bbox 842 3321 1124 3387; x_wconf 87' lang='lat' dir='ltr'><strong>suadente,</strong></span> <span class='ocrx_word' id='word_1_337' title='bbox 1159 3319 1394 3390; x_wconf 90' lang='lat' dir='ltr'><strong>amplius</strong></span> <span class='ocrx_word' id='word_1_338' title='bbox 1424 3332 1750 3389; x_wconf 88' lang='lat' dir='ltr'><strong>permanere</strong></span> <span class='ocrx_word' id='word_1_339' title='bbox 1792 3331 1932 3388; x_wconf 86' lang='lat' dir='ltr'><strong>prae-</strong></span> 
     </span>
    </p>
   </div>
   <div class='ocr_carea' id='block_1_53' title="bbox 331 3405 1928 3482">
    <p class='ocr_par' dir='ltr' id='par_1_53' title="bbox 331 3405 1928 3482">
     <span class='ocr_line' id='line_1_53' title="bbox 331 3405 1928 3482; baseline -0.004 -16"><span class='ocrx_word' id='word_1_340' title='bbox 331 3409 690 3482; x_wconf 87' lang='lat' dir='ltr'><strong>sumpseritis,</strong></span> <span class='ocrx_word' id='word_1_341' title='bbox 725 3418 779 3466; x_wconf 89' lang='lat' dir='ltr'><strong>et</strong></span> <span class='ocrx_word' id='word_1_342' title='bbox 805 3409 985 3480; x_wconf 89' lang='lat' dir='ltr'><strong>ipsum</strong></span> <span class='ocrx_word' id='word_1_343' title='bbox 1015 3417 1233 3480; x_wconf 89' lang='lat' dir='ltr'><strong>pactum</strong></span> <span class='ocrx_word' id='word_1_344' title='bbox 1261 3408 1333 3463; x_wconf 91' lang='lat' dir='ltr'><strong>de</strong></span> <span class='ocrx_word' id='word_1_345' title='bbox 1361 3405 1618 3478; x_wconf 65' lang='lat' dir='ltr'><strong>praesenti</strong></span> <span class='ocrx_word' id='word_1_346' title='bbox 1651 3421 1761 3460; x_wconf 91' lang='lat' dir='ltr'><strong>non</strong></span> <span class='ocrx_word' id='word_1_347' title='bbox 1803 3420 1928 3461; x_wconf 91' lang='lat' dir='ltr'><strong>cor-</strong></span> 
     </span>
    </p>
   </div>
   <div class='ocr_carea' id='block_1_54' title="bbox 326 3493 1936 3571">
    <p class='ocr_par' dir='ltr' id='par_1_54' title="bbox 326 3493 1936 3571">
     <span class='ocr_line' id='line_1_54' title="bbox 326 3493 1936 3571; baseline -0.004 -16"><span class='ocrx_word' id='word_1_348' title='bbox 326 3499 600 3571; x_wconf 87' lang='lat' dir='ltr'><strong>ruperitis,</strong></span> <span class='ocrx_word' id='word_1_349' title='bbox 635 3499 977 3570; x_wconf 76' lang='lat' dir='ltr'><strong>praecipimus</strong></span> <span class='ocrx_word' id='word_1_350' title='bbox 1029 3498 1154 3552; x_wconf 89' lang='lat' dir='ltr'><strong>huic</strong></span> <span class='ocrx_word' id='word_1_351' title='bbox 1202 3496 1459 3568; x_wconf 90' lang='lat' dir='ltr'><strong>episcopo</strong></span> <span class='ocrx_word' id='word_1_352' title='bbox 1502 3502 1690 3551; x_wconf 91' lang='lat' dir='ltr'><strong>nostro</strong></span> <span class='ocrx_word' id='word_1_353' title='bbox 1739 3493 1936 3550; x_wconf 88' lang='lat' dir='ltr'><strong>Domi-</strong></span> 
     </span>
    </p>
   </div>
   <div class='ocr_carea' id='block_1_55' title="bbox 330 3583 1936 3644">
    <p class='ocr_par' dir='ltr' id='par_1_55' title="bbox 330 3583 1936 3644">
     <span class='ocr_line' id='line_1_55' title="bbox 330 3583 1936 3644; baseline -0.003 -3"><span class='ocrx_word' id='word_1_354' title='bbox 330 3588 454 3644; x_wconf 90' lang='lat' dir='ltr'><strong>nico</strong></span> <span class='ocrx_word' id='word_1_355' title='bbox 481 3595 539 3642; x_wconf 89' lang='lat' dir='ltr'><strong>ut</strong></span> <span class='ocrx_word' id='word_1_356' title='bbox 567 3588 682 3644; x_wconf 88' lang='lat' dir='ltr'><strong>vice</strong></span> <span class='ocrx_word' id='word_1_357' title='bbox 711 3593 898 3642; x_wconf 85' lang='lat' dir='ltr'><strong>nostra</strong></span> <span class='ocrx_word' id='word_1_358' title='bbox 943 3586 1091 3642; x_wconf 90' lang='lat' dir='ltr'><strong>omni</strong></span> <span class='ocrx_word' id='word_1_359' title='bbox 1137 3583 1509 3642; x_wconf 88' lang='lat' dir='ltr'><strong>ecclesiastica</strong></span> <span class='ocrx_word' id='word_1_360' title='bbox 1553 3599 1650 3638; x_wconf 92' lang='lat' dir='ltr'><strong>vos</strong></span> <span class='ocrx_word' id='word_1_361' title='bbox 1692 3597 1936 3638; x_wconf 88' lang='lat' dir='ltr'><strong>commu-</strong></span> 
     </span>
    </p>
   </div>
   <div class='ocr_carea' id='block_1_56' title="bbox 331 3673 1934 3747">
    <p class='ocr_par' dir='ltr' id='par_1_56' title="bbox 331 3673 1934 3747">
     <span class='ocr_line' id='line_1_56' title="bbox 331 3673 1934 3747; baseline -0.003 -15"><span class='ocrx_word' id='word_1_362' title='bbox 331 3676 494 3732; x_wconf 86' lang='lat' dir='ltr'><strong>nione</strong></span> <span class='ocrx_word' id='word_1_363' title='bbox 521 3675 740 3746; x_wconf 83' lang='lat' dir='ltr'><strong>privare</strong></span> <span class='ocrx_word' id='word_1_364' title='bbox 768 3683 1025 3747; x_wconf 87' lang='lat' dir='ltr'><strong>procuret</strong></span> <span class='ocrx_word' id='word_1_365' title='bbox 1055 3693 1070 3741; x_wconf 86' lang='lat'><strong>;</strong></span> <span class='ocrx_word' id='word_1_366' title='bbox 1103 3675 1333 3745; x_wconf 88' lang='lat' dir='ltr'><strong>ipsoque</strong></span> <span class='ocrx_word' id='word_1_367' title='bbox 1378 3673 1708 3742; x_wconf 87' lang='lat' dir='ltr'><strong>rever’tente,</strong></span> <span class='ocrx_word' id='word_1_368' title='bbox 1763 3685 1934 3743; x_wconf 86' lang='lat' dir='ltr'><strong>syno-</strong></span> 
     </span>
    </p>
   </div>
   <div class='ocr_carea' id='block_1_57' title="bbox 333 3758 1932 3836">
    <p class='ocr_par' dir='ltr' id='par_1_57' title="bbox 333 3758 1932 3836">
     <span class='ocr_line' id='line_1_57' title="bbox 333 3758 1932 3836; baseline -0.004 -16"><span class='ocrx_word' id='word_1_369' title='bbox 333 3765 455 3822; x_wconf 91' lang='lat' dir='ltr'><strong>dice</strong></span> <span class='ocrx_word' id='word_1_370' title='bbox 487 3781 586 3821; x_wconf 91' lang='lat' dir='ltr'><strong>vos</strong></span> <span class='ocrx_word' id='word_1_371' title='bbox 613 3764 811 3821; x_wconf 87' lang='lat' dir='ltr'><strong>iterum</strong></span> <span class='ocrx_word' id='word_1_372' title='bbox 838 3763 1087 3836; x_wconf 85' lang='lat' dir='ltr'><strong>perpetui</strong></span> <span class='ocrx_word' id='word_1_373' title='bbox 1136 3761 1494 3818; x_wconf 82' lang='lat' dir='ltr'><strong>anathematis</strong></span> <span class='ocrx_word' id='word_1_374' title='bbox 1535 3759 1764 3818; x_wconf 88' lang='lat' dir='ltr'><strong>vinculis</strong></span> <span class='ocrx_word' id='word_1_375' title='bbox 1808 3758 1932 3814; x_wconf 84' lang='lat' dir='ltr'><strong>alli-</strong></span> 
     </span>
    </p>
   </div>
   <div class='ocr_carea' id='block_1_58' title="bbox 327 3847 1934 3926">
    <p class='ocr_par' dir='ltr' id='par_1_58' title="bbox 327 3847 1934 3926">
     <span class='ocr_line' id='line_1_58' title="bbox 327 3847 1934 3926; baseline -0.004 -17"><span class='ocrx_word' id='word_1_376' title='bbox 327 3853 585 3926; x_wconf 74' lang='lat' dir='ltr'><strong>gabimus</strong></span> <span class='ocrx_word' id='word_1_377' title='bbox 616 3871 629 3908; x_wconf 92' lang='lat'>:</span> <span class='ocrx_word' id='word_1_378' title='bbox 662 3861 716 3908; x_wconf 88' lang='lat' dir='ltr'><strong>et</strong></span> <span class='ocrx_word' id='word_1_379' title='bbox 772 3853 1014 3909; x_wconf 90' lang='lat' dir='ltr'><strong>omnium</strong></span> <span class='ocrx_word' id='word_1_380' title='bbox 1040 3848 1047 3854; x_wconf 83' lang='grc'><em>’</em></span> <span class='ocrx_word' id='word_1_381' title='bbox 1069 3860 1335 3907; x_wconf 87' lang='lat' dir='ltr'><strong>terrarum</strong></span> <span class='ocrx_word' id='word_1_382' title='bbox 1386 3849 1586 3918; x_wconf 88' lang='lat' dir='ltr'><strong>aditus,</strong></span> <span class='ocrx_word' id='word_1_383' title='bbox 1621 3848 1680 3904; x_wconf 91' lang='lat' dir='ltr'><strong>in</strong></span> <span class='ocrx_word' id='word_1_384' title='bbox 1736 3847 1934 3920; x_wconf 83' lang='lat' dir='ltr'><strong>quibus</strong></span> 
     </span>
    </p>
   </div>
   <div class='ocr_carea' id='block_1_59' title="bbox 327 3938 1934 4016">
    <p class='ocr_par' dir='ltr' id='par_1_59' title="bbox 327 3938 1934 4016">
     <span class='ocr_line' id='line_1_59' title="bbox 327 3938 1934 4016; baseline -0.004 -18"><span class='ocrx_word' id='word_1_385' title='bbox 327 3941 592 4016; x_wconf 76' lang='lat' dir='ltr'><strong>negotiari</strong></span> <span class='ocrx_word' id='word_1_386' title='bbox 621 3941 765 3997; x_wconf 87' lang='lat' dir='ltr'><strong>soliti</strong></span> <span class='ocrx_word' id='word_1_387' title='bbox 809 3941 960 4007; x_wconf 89' lang='lat' dir='ltr'><strong>estis,</strong></span> <span class='ocrx_word' id='word_1_388' title='bbox 1014 3940 1166 3996; x_wconf 91' lang='lat' dir='ltr'><strong>vobis</strong></span> <span class='ocrx_word' id='word_1_389' title='bbox 1216 3939 1438 3996; x_wconf 87' lang='lat' dir='ltr'><strong>omnino</strong></span> <span class='ocrx_word' id='word_1_390' title='bbox 1488 3938 1828 4004; x_wconf 87' lang='lat' dir='ltr'><strong>claudemus,</strong></span> <span class='ocrx_word' id='word_1_391' title='bbox 1876 3943 1934 3992; x_wconf 89' lang='lat' dir='ltr'><strong>ut</strong></span> 
     </span>
    </p>
   </div>
   <div class='ocr_carea' id='block_1_60' title="bbox 335 4025 1932 4102">
    <p class='ocr_par' dir='ltr' id='par_1_60' title="bbox 335 4025 1932 4102">
     <span class='ocr_line' id='line_1_60' title="bbox 335 4025 1932 4102; baseline -0.004 -16"><span class='ocrx_word' id='word_1_392' title='bbox 335 4030 450 4086; x_wconf 88' lang='lat' dir='ltr'><strong>illic</strong></span> <span class='ocrx_word' id='word_1_393' title='bbox 476 4031 623 4088; x_wconf 88' lang='lat' dir='ltr'><strong>nulla</strong></span> <span class='ocrx_word' id='word_1_394' title='bbox 653 4029 875 4102; x_wconf 87' lang='lat' dir='ltr'><strong>possitis</strong></span> <span class='ocrx_word' id='word_1_395' title='bbox 902 4045 1160 4086; x_wconf 87' lang='lat' dir='ltr'><strong>exercere</strong></span> <span class='ocrx_word' id='word_1_396' title='bbox 1190 4029 1429 4100; x_wconf 82' lang='lat' dir='ltr'><strong>negotia.</strong></span> <span class='ocrx_word' id='word_1_397' title='bbox 1463 4027 1604 4083; x_wconf 88' lang='lat' dir='ltr'><strong>Sane</strong></span> <span class='ocrx_word' id='word_1_398' title='bbox 1637 4027 1684 4082; x_wconf 87' lang='lat' dir='ltr'><strong>si</strong></span> <span class='ocrx_word' id='word_1_399' title='bbox 1713 4027 1782 4081; x_wconf 91' lang='lat' dir='ltr'><strong>de</strong></span> <span class='ocrx_word' id='word_1_400' title='bbox 1811 4025 1932 4080; x_wconf 88' lang='lat' dir='ltr'><strong>aliis</strong></span> 
     </span>
    </p>
   </div>
   <div class='ocr_carea' id='block_1_61' title="bbox 335 4117 1932 4190">
    <p class='ocr_par' dir='ltr' id='par_1_61' title="bbox 335 4117 1932 4190">
     <span class='ocr_line' id='line_1_61' title="bbox 335 4117 1932 4190; baseline -0.005 -14"><span class='ocrx_word' id='word_1_401' title='bbox 335 4119 645 4176; x_wconf 82' lang='lat' dir='ltr'><strong>civitatibus</strong></span> <span class='ocrx_word' id='word_1_402' title='bbox 673 4119 930 4176; x_wconf 87' lang='lat' dir='ltr'><strong>dubitatis</strong></span> <span class='ocrx_word' id='word_1_403' title='bbox 961 4117 1108 4190; x_wconf 90' lang='lat' dir='ltr'><strong>quod</strong></span> <span class='ocrx_word' id='word_1_404' title='bbox 1137 4126 1354 4188; x_wconf 89' lang='lat' dir='ltr'><strong>pactum</strong></span> <span class='ocrx_word' id='word_1_405' title='bbox 1381 4131 1492 4172; x_wconf 90' lang='lat' dir='ltr'><strong>non</strong></span> <span class='ocrx_word' id='word_1_406' title='bbox 1521 4122 1792 4186; x_wconf 87' lang='lat' dir='ltr'><strong>rumpant,</strong></span> <span class='ocrx_word' id='word_1_407' title='bbox 1819 4128 1932 4170; x_wconf 83' lang='lat' dir='ltr'><strong>cre-</strong></span> 
     </span>
    </p>
   </div>
   <div class='ocr_carea' id='block_1_62' title="bbox 335 4201 1932 4280">
    <p class='ocr_par' dir='ltr' id='par_1_62' title="bbox 335 4201 1932 4280">
     <span class='ocr_line' id='line_1_62' title="bbox 335 4201 1932 4280; baseline -0.003 -18"><span class='ocrx_word' id='word_1_408' title='bbox 335 4208 514 4263; x_wconf 88' lang='lat' dir='ltr'><strong>dimus</strong></span> <span class='ocrx_word' id='word_1_409' title='bbox 545 4207 671 4280; x_wconf 86' lang='lat' dir='ltr'><strong>quia</strong></span> <span class='ocrx_word' id='word_1_410' title='bbox 699 4215 942 4264; x_wconf 88' lang='lat' dir='ltr'><strong>nostram</strong></span> <span class='ocrx_word' id='word_1_411' title='bbox 974 4206 1175 4262; x_wconf 83' lang='lat' dir='ltr'><strong>facient</strong></span> <span class='ocrx_word' id='word_1_412' title='bbox 1203 4205 1532 4261; x_wconf 88' lang='lat' dir='ltr'><strong>voluntatem</strong></span> <span class='ocrx_word' id='word_1_413' title='bbox 1567 4221 1578 4256; x_wconf 93' lang='lat'>:</span> <span class='ocrx_word' id='word_1_414' title='bbox 1611 4219 1740 4258; x_wconf 90' lang='lat' dir='ltr'><strong>nam</strong></span> <span class='ocrx_word' id='word_1_415' title='bbox 1769 4201 1932 4258; x_wconf 88' lang='lat' dir='ltr'><strong>modo</strong></span> 
     </span>
    </p>
   </div>
   <div class='ocr_carea' id='block_1_63' title="bbox 334 4289 1931 4368">
    <p class='ocr_par' dir='ltr' id='par_1_63' title="bbox 334 4289 1931 4368">
     <span class='ocr_line' id='line_1_63' title="bbox 334 4289 1931 4368; baseline -0.006 -16"><span class='ocrx_word' id='word_1_416' title='bbox 334 4313 437 4368; x_wconf 88' lang='lat' dir='ltr'><strong>per</strong></span> <span class='ocrx_word' id='word_1_417' title='bbox 465 4312 564 4352; x_wconf 88' lang='lat' dir='ltr'><strong>vos</strong></span> <span class='ocrx_word' id='word_1_418' title='bbox 590 4297 823 4352; x_wconf 89' lang='lat' dir='ltr'><strong>habeant</strong></span> <span class='ocrx_word' id='word_1_419' title='bbox 851 4295 1276 4352; x_wconf 87' lang='lat' dir='ltr'><strong>excusationem.</strong></span> <span class='ocrx_word' id='word_1_420' title='bbox 1310 4295 1378 4349; x_wconf 87' lang='lat' dir='ltr'><strong>Et</strong></span> <span class='ocrx_word' id='word_1_421' title='bbox 1406 4293 1453 4347; x_wconf 89' lang='lat' dir='ltr'><strong>si</strong></span> <span class='ocrx_word' id='word_1_422' title='bbox 1480 4293 1660 4364; x_wconf 88' lang='lat' dir='ltr'><strong>aliqua</strong></span> <span class='ocrx_word' id='word_1_423' title='bbox 1711 4291 1780 4346; x_wconf 89' lang='lat' dir='ltr'><strong>de</strong></span> <span class='ocrx_word' id='word_1_424' title='bbox 1821 4289 1931 4344; x_wconf 90' lang='lat' dir='ltr'><strong>illis</strong></span> 
     </span>
    </p>
   </div>
   <div class='ocr_carea' id='block_1_64' title="bbox 335 4379 1928 4457">
    <p class='ocr_par' dir='ltr' id='par_1_64' title="bbox 335 4379 1928 4457">
     <span class='ocr_line' id='line_1_64' title="bbox 335 4379 1928 4457; baseline -0.005 -17"><span class='ocrx_word' id='word_1_425' title='bbox 335 4385 494 4440; x_wconf 82' lang='lat' dir='ltr'><strong>fuerit</strong></span> <span class='ocrx_word' id='word_1_426' title='bbox 524 4402 646 4457; x_wconf 80' lang='lat' dir='ltr'><strong>quae</strong></span> <span class='ocrx_word' id='word_1_427' title='bbox 673 4385 812 4441; x_wconf 89' lang='lat' dir='ltr'><strong>sicut</strong></span> <span class='ocrx_word' id='word_1_428' title='bbox 841 4401 942 4441; x_wconf 86' lang='lat' dir='ltr'><strong>vos</strong></span> <span class='ocrx_word' id='word_1_429' title='bbox 989 4383 1174 4440; x_wconf 83' lang='lat' dir='ltr'><strong>facere</strong></span> <span class='ocrx_word' id='word_1_430' title='bbox 1202 4381 1455 4450; x_wconf 88' lang='lat' dir='ltr'><strong>voluerit,</strong></span> <span class='ocrx_word' id='word_1_431' title='bbox 1488 4397 1594 4436; x_wconf 90' lang='lat' dir='ltr'><strong>una</strong></span> <span class='ocrx_word' id='word_1_432' title='bbox 1643 4379 1928 4436; x_wconf 89' lang='lat' dir='ltr'><strong>vobiscum</strong></span> 
     </span>
    </p>
   </div>
   <div class='ocr_carea' id='block_1_65' title="bbox 335 4464 2010 4544">
    <p class='ocr_par' dir='ltr' id='par_1_65' title="bbox 335 4464 2010 4544">
     <span class='ocr_line' id='line_1_65' title="bbox 335 4464 2010 4544; baseline -0.001 -16"><span class='ocrx_word' id='word_1_433' title='bbox 335 4474 453 4543; x_wconf 84' lang='lat' dir='ltr'><strong>ejus</strong></span> <span class='ocrx_word' id='word_1_434' title='bbox 502 4474 860 4544; x_wconf 88' lang='lat' dir='ltr'><strong>perditionem</strong></span> <span class='ocrx_word' id='word_1_435' title='bbox 902 4472 1288 4530; x_wconf 90' lang='lat' dir='ltr'><strong>ordinabimus.</strong></span> <span class='ocrx_word' id='word_1_436' title='bbox 1339 4471 1508 4526; x_wconf 70' lang='lat' dir='ltr'><strong>Porro</strong></span> <span class='ocrx_word' id='word_1_437' title='bbox 1553 4469 1744 4524; x_wconf 87' lang='lat' dir='ltr'><strong>scitote</strong></span> <span class='ocrx_word' id='word_1_438' title='bbox 1807 4464 2010 4540; x_wconf 72' lang='lat' dir='ltr'><strong>quia-ID</strong></span> 
     </span>
    </p>
   </div>
   <div class='ocr_carea' id='block_1_66' title="bbox 335 4555 1932 4635">
    <p class='ocr_par' dir='ltr' id='par_1_66' title="bbox 335 4555 1932 4635">
     <span class='ocr_line' id='line_1_66' title="bbox 335 4555 1932 4635; baseline -0.005 -17"><span class='ocrx_word' id='word_1_439' title='bbox 335 4564 574 4618; x_wconf 85' lang='lat' dir='ltr'><strong>Leonem</strong></span> <span class='ocrx_word' id='word_1_440' title='bbox 600 4563 980 4635; x_wconf 84' lang='lat' dir='ltr'><strong>presbyterum</strong></span> <span class='ocrx_word' id='word_1_441' title='bbox 1009 4569 1249 4617; x_wconf 88' lang='lat' dir='ltr'><strong>vestrum</strong></span> <span class='ocrx_word' id='word_1_442' title='bbox 1277 4574 1447 4631; x_wconf 89' lang='lat' dir='ltr'><strong>penes</strong></span> <span class='ocrx_word' id='word_1_443' title='bbox 1473 4573 1573 4614; x_wconf 93' lang='lat' dir='ltr'><strong>nos</strong></span> <span class='ocrx_word' id='word_1_444' title='bbox 1591 4555 1932 4614; x_wconf 85' lang='lat' dir='ltr'><strong>retinuimus.</strong></span> 
     </span>
    </p>
   </div>
   <div class='ocr_carea' id='block_1_67' title="bbox 338 4651 797 4724">
    <p class='ocr_par' dir='ltr' id='par_1_67' title="bbox 338 4651 797 4724">
     <span class='ocr_line' id='line_1_67' title="bbox 338 4651 797 4724; baseline 0 -18"><span class='ocrx_word' id='word_1_445' title='bbox 338 4651 480 4706; x_wconf 83' lang='lat' dir='ltr'><strong>Data</strong></span> <span class='ocrx_word' id='word_1_446' title='bbox 509 4655 576 4708; x_wconf 83' lang='lat' dir='ltr'><strong>ut</strong></span> <span class='ocrx_word' id='word_1_447' title='bbox 602 4669 797 4724; x_wconf 85' lang='lat' dir='ltr'><strong>supra.</strong></span> 
     </span>
    </p>
   </div>
   <div class='ocr_carea' id='block_1_68' title="bbox 935 4767 1332 4822">
    <p class='ocr_par' dir='ltr' id='par_1_68' title="bbox 935 4767 1332 4822">
     <span class='ocr_line' id='line_1_68' title="bbox 935 4767 1332 4822; baseline -0.008 0"><span class='ocrx_word' id='word_1_448' title='bbox 935 4767 1332 4822; x_wconf 81' lang='lat' dir='ltr'><strong>CCLXXXIX.</strong></span> 
     </span>
    </p>
   </div>
   <div class='ocr_carea' id='block_1_69' title="bbox 551 4866 1722 4914">
    <p class='ocr_par' dir='ltr' id='par_1_69' title="bbox 551 4866 1722 4914">
     <span class='ocr_line' id='line_1_69' title="bbox 551 4866 1722 4914; baseline -0.007 -1"><span class='ocrx_word' id='word_1_449' title='bbox 551 4872 623 4913; x_wconf 78' lang='lat' dir='ltr'><strong>AD</strong></span> <span class='ocrx_word' id='word_1_450' title='bbox 663 4871 920 4914; x_wconf 64' lang='lat' dir='ltr'><strong>CAROLUM</strong></span> <span class='ocrx_word' id='word_1_451' title='bbox 965 4869 1215 4911; x_wconf 76' lang='grc' dir='ltr'>οιιΑεεσιι</span> <span class='ocrx_word' id='word_1_452' title='bbox 1266 4867 1452 4910; x_wconf 69' lang='lat' dir='ltr'><strong>REGBI</strong></span> <span class='ocrx_word' id='word_1_453' title='bbox 1499 4866 1722 4908; x_wconf 68' lang='grc' dir='ltr'>ιτΑιιιιιζ.</span> 
     </span>
    </p>
   </div>
   <div class='ocr_carea' id='block_1_70' title="bbox 925 4943 1282 5016">
    <p class='ocr_par' dir='ltr' id='par_1_70' title="bbox 925 4943 1282 5016">
     <span class='ocr_line' id='line_1_70' title="bbox 925 4943 1282 5016; baseline -0.008 -16"><span class='ocrx_word' id='word_1_454' title='bbox 925 4947 1106 5016; x_wconf 84' lang='lat' dir='ltr'><strong>(Anno</strong></span> <span class='ocrx_word' id='word_1_455' title='bbox 1133 4943 1282 5014; x_wconf 92' lang='lat'><strong>880.)</strong></span> 
     </span>
    </p>
   </div>
   <div class='ocr_carea' id='block_1_71' title="bbox 345 5029 1941 5112">
    <p class='ocr_par' dir='ltr' id='par_1_71' title="bbox 345 5029 1941 5112">
     <span class='ocr_line' id='line_1_71' title="bbox 345 5029 1941 5112; baseline -0.009 -16"><span class='ocrx_word' id='word_1_456' title='bbox 345 5041 518 5112; x_wconf 81' lang='lat' dir='ltr'><strong>Rogat</strong></span> <span class='ocrx_word' id='word_1_457' title='bbox 549 5053 735 5110; x_wconf 87' lang='lat' dir='ltr'><strong>regem</strong></span> <span class='ocrx_word' id='word_1_458' title='bbox 772 5039 841 5112; x_wconf 69' lang='lat' dir='ltr'><strong>ut</strong></span> <span class='ocrx_word' id='word_1_459' title='bbox 868 5037 1269 5112; x_wconf 76' lang='lat' dir='ltr'><strong>Hieronymum</strong></span> <span class='ocrx_word' id='word_1_460' title='bbox 1291 5031 1705 5112; x_wconf 44' lang='lat' dir='ltr'><strong>episcopatum-</strong></span> <span class='ocrx_word' id='word_1_461' title='bbox 1729 5029 1941 5112; x_wconf 58' lang='grc' dir='ltr'><strong>Ιταιιεα-</strong></span> 
     </span>
    </p>
   </div>
   <div class='ocr_carea' id='block_1_72' title="bbox 412 5099 1941 5180">
    <p class='ocr_par' dir='ltr' id='par_1_72' title="bbox 412 5099 1941 5180">
     <span class='ocr_line' id='line_1_72' title="bbox 412 5099 1941 5180; baseline -0.009 -14"><span class='ocrx_word' id='word_1_462' title='bbox 412 5099 648 5166; x_wconf 66' lang='grc' dir='ltr'><strong>ἦθηεθιῆι</strong></span> <span class='ocrx_word' id='word_1_463' title='bbox 665 5107 897 5180; x_wconf 70' lang='lat' dir='ltr'><strong>paci/ise</strong></span> <span class='ocrx_word' id='word_1_464' title='bbox 934 5099 1202 5180; x_wconf 63' lang='lat' dir='ltr'><strong>retenere</strong></span> <span class='ocrx_word' id='word_1_465' title='bbox 1223 5099 1534 5180; x_wconf 49' lang='lat' dir='ltr'><strong>permittit,</strong></span> <span class='ocrx_word' id='word_1_466' title='bbox 1565 5103 1622 5156; x_wconf 81' lang='lat' dir='ltr'><strong>et</strong></span> <span class='ocrx_word' id='word_1_467' title='bbox 1656 5099 1941 5180; x_wconf 63' lang='lat' dir='ltr'><strong>{Iubonem</strong></span> 
     </span>
    </p>
   </div>
   <div class='ocr_carea' id='block_1_73' title="bbox 411 5170 1867 5242">
    <p class='ocr_par' dir='ltr' id='par_1_73' title="bbox 411 5170 1867 5242">
     <span class='ocr_line' id='line_1_73' title="bbox 411 5170 1867 5242; baseline -0.009 -5"><span class='ocrx_word' id='word_1_468' title='bbox 411 5197 502 5237; x_wconf 82' lang='lat' dir='ltr'><strong>res</strong></span> <span class='ocrx_word' id='word_1_469' title='bbox 529 5170 1128 5236; x_wconf 53' lang='lat' dir='ltr'><strong>Ecclesim&#39;Bisuntim</strong></span> <span class='ocrx_word' id='word_1_470' title='bbox 1147 5170 1365 5230; x_wconf 69' lang='lat' dir='ltr'><strong>abiete:</strong></span> <span class='ocrx_word' id='word_1_471' title='bbox 1394 5171 1627 5228; x_wconf 83' lang='lat' dir='ltr'><strong>reddere</strong></span> <span class='ocrx_word' id='word_1_472' title='bbox 1650 5170 1867 5242; x_wconf 80' lang='lat' dir='ltr'><strong>jubeat.</strong></span> 
     </span>
    </p>
   </div>
   <div class='ocr_carea' id='block_1_74' title="bbox 412 5275 1832 5356">
    <p class='ocr_par' dir='ltr' id='par_1_74' title="bbox 412 5275 1832 5356">
     <span class='ocr_line' id='line_1_74' title="bbox 412 5275 1832 5356; baseline -0.01 -13"><span class='ocrx_word' id='word_1_473' title='bbox 412 5287 619 5343; x_wconf 89' lang='lat' dir='ltr'><strong>Dilecto</strong></span> <span class='ocrx_word' id='word_1_474' title='bbox 647 5301 710 5341; x_wconf 88' lang='lat' dir='ltr'><strong>ac</strong></span> <span class='ocrx_word' id='word_1_475' title='bbox 741 5283 964 5356; x_wconf 88' lang='lat' dir='ltr'><strong>spiritali</strong></span> <span class='ocrx_word' id='word_1_476' title='bbox 994 5281 1104 5338; x_wconf 81' lang='lat' dir='ltr'><strong>tilio</strong></span> <span class='ocrx_word' id='word_1_477' title='bbox 1134 5283 1358 5338; x_wconf 70' lang='lat' dir='ltr'><strong>Canono</strong></span> <span class='ocrx_word' id='word_1_478' title='bbox 1387 5277 1634 5352; x_wconf 81' lang='lat' dir='ltr'><strong>glorioso</strong></span> <span class='ocrx_word' id='word_1_479' title='bbox 1693 5275 1832 5347; x_wconf 84' lang='lat' dir='ltr'><strong>regi.</strong></span> 
     </span>
    </p>
   </div>
   <div class='ocr_carea' id='block_1_75' title="bbox 431 5363 1942 5447">
    <p class='ocr_par' dir='ltr' id='par_1_75' title="bbox 431 5363 1942 5447">
     <span class='ocr_line' id='line_1_75' title="bbox 431 5363 1942 5447; baseline -0.009 -16"><span class='ocrx_word' id='word_1_480' title='bbox 431 5373 855 5447; x_wconf 78' lang='lat' dir='ltr'><strong>Magnitudinem</strong></span> <span class='ocrx_word' id='word_1_481' title='bbox 884 5379 1121 5428; x_wconf 87' lang='lat' dir='ltr'><strong>vestram</strong></span> <span class='ocrx_word' id='word_1_482' title='bbox 1151 5367 1360 5441; x_wconf 84' lang='lat' dir='ltr'><strong>ingenti</strong></span> <span class='ocrx_word' id='word_1_483' title='bbox 1386 5365 1544 5422; x_wconf 88' lang='lat' dir='ltr'><strong>nobis</strong></span> <span class='ocrx_word' id='word_1_484' title='bbox 1573 5379 1756 5420; x_wconf 86' lang='lat' dir='ltr'><strong>amore</strong></span> <span class='ocrx_word' id='word_1_485' title='bbox 1801 5363 1942 5418; x_wconf 89' lang='lat' dir='ltr'><strong>dile-</strong></span> 
     </span>
    </p>
   </div>
   <div class='ocr_carea' id='block_1_76' title="bbox 343 5452 1944 5532">
    <p class='ocr_par' dir='ltr' id='par_1_76' title="bbox 343 5452 1944 5532">
     <span class='ocr_line' id='line_1_76' title="bbox 343 5452 1944 5532; baseline -0.011 -10"><span class='ocrx_word' id='word_1_486' title='bbox 343 5473 490 5522; x_wconf 88' lang='lat' dir='ltr'><strong>ctam</strong></span> <span class='ocrx_word' id='word_1_487' title='bbox 513 5479 676 5520; x_wconf 89' lang='lat' dir='ltr'><strong>nosse</strong></span> <span class='ocrx_word' id='word_1_488' title='bbox 706 5462 977 5526; x_wconf 87' lang='lat' dir='ltr'><strong>volumus,</strong></span> <span class='ocrx_word' id='word_1_489' title='bbox 1011 5459 1141 5532; x_wconf 87' lang='lat' dir='ltr'><strong>quia</strong></span> <span class='ocrx_word' id='word_1_490' title='bbox 1170 5457 1532 5527; x_wconf 84' lang='lat' dir='ltr'><strong>Hieronymus</strong></span> <span class='ocrx_word' id='word_1_491' title='bbox 1561 5459 1764 5510; x_wconf 67' lang='lat' dir='ltr'><strong>sanctae</strong></span> <span class='ocrx_word' id='word_1_492' title='bbox 1803 5452 1944 5506; x_wconf 85' lang='lat' dir='ltr'><strong>Lau-</strong></span> 
     </span>
    </p>
   </div>
   <div class='ocr_carea' id='block_1_77' title="bbox 342 5543 1943 5621">
    <p class='ocr_par' dir='ltr' id='par_1_77' title="bbox 342 5543 1943 5621">
     <span class='ocr_line' id='line_1_77' title="bbox 342 5543 1943 5621; baseline -0.01 -11"><span class='ocrx_word' id='word_1_493' title='bbox 342 5553 595 5612; x_wconf 74' lang='lat' dir='ltr'><strong>san’emis</strong></span> <span class='ocrx_word' id='word_1_494' title='bbox 621 5549 884 5610; x_wconf 68' lang='lat' dir='ltr'><strong>Ecclesia:</strong></span> <span class='ocrx_word' id='word_1_495' title='bbox 915 5549 1225 5621; x_wconf 82' lang='lat' dir='ltr'><strong>episcopus.</strong></span> <span class='ocrx_word' id='word_1_496' title='bbox 1257 5545 1401 5618; x_wconf 83' lang='lat' dir='ltr'><strong>apud</strong></span> <span class='ocrx_word' id='word_1_497' title='bbox 1443 5545 1502 5600; x_wconf 83' lang='grc' dir='ltr'><strong>Β.</strong></span> <span class='ocrx_word' id='word_1_498' title='bbox 1552 5543 1767 5598; x_wconf 85' lang='lat' dir='ltr'><strong>Petrum</strong></span> <span class='ocrx_word' id='word_1_499' title='bbox 1812 5547 1943 5615; x_wconf 74' lang='lat' dir='ltr'><strong>apo-</strong></span> 
     </span>
    </p>
   </div>
   <div class='ocr_carea' id='block_1_78' title="bbox 2035 1814 3624 1888">
    <p class='ocr_par' dir='ltr' id='par_1_78' title="bbox 2035 1814 3624 1888">
     <span class='ocr_line' id='line_1_78' title="bbox 2035 1814 3624 1888; baseline 0 -16"><span class='ocrx_word' id='word_1_500' title='bbox 2035 1817 2318 1872; x_wconf 86' lang='lat' dir='ltr'><strong>consistat.</strong></span> <span class='ocrx_word' id='word_1_501' title='bbox 2351 1817 2490 1870; x_wconf 88' lang='lat' dir='ltr'><strong>Nam</strong></span> <span class='ocrx_word' id='word_1_502' title='bbox 2517 1814 2846 1888; x_wconf 84' lang='lat' dir='ltr'><strong>regulariter</strong></span> <span class='ocrx_word' id='word_1_503' title='bbox 2876 1814 3026 1870; x_wconf 91' lang='lat' dir='ltr'><strong>illum</strong></span> <span class='ocrx_word' id='word_1_504' title='bbox 3057 1814 3308 1882; x_wconf 88' lang='lat' dir='ltr'><strong>electum,</strong></span> <span class='ocrx_word' id='word_1_505' title='bbox 3344 1832 3375 1872; x_wconf 91' lang='lat' dir='ltr'><strong>e</strong></span> <span class='ocrx_word' id='word_1_506' title='bbox 3401 1815 3624 1888; x_wconf 82' lang='lat' dir='ltr'><strong>preprio</strong></span> 
     </span>
    </p>
   </div>
   <div class='ocr_carea' id='block_1_79' title="bbox 2035 1901 3640 1976">
    <p class='ocr_par' dir='ltr' id='par_1_79' title="bbox 2035 1901 3640 1976">
     <span class='ocr_line' id='line_1_79' title="bbox 2035 1901 3640 1976; baseline -0.001 -16"><span class='ocrx_word' id='word_1_507' title='bbox 2035 1903 2448 1976; x_wconf 85' lang='lat' dir='ltr'><strong>archiepiscopo</strong></span> <span class='ocrx_word' id='word_1_508' title='bbox 2492 1919 2660 1958; x_wconf 87' lang='lat' dir='ltr'><strong>causa</strong></span> <span class='ocrx_word' id='word_1_509' title='bbox 2706 1901 3034 1958; x_wconf 85' lang='lat' dir='ltr'><strong>infirmitatis</strong></span> <span class='ocrx_word' id='word_1_510' title='bbox 3076 1903 3357 1975; x_wconf 64' lang='lat' dir='ltr'><strong>praebente</strong></span> <span class='ocrx_word' id='word_1_511' title='bbox 3407 1919 3640 1960; x_wconf 85' lang='lat' dir='ltr'><strong>consen-</strong></span> 
     </span>
    </p>
   </div>
   <div class='ocr_carea' id='block_1_80' title="bbox 2035 1991 3640 2066">
    <p class='ocr_par' dir='ltr' id='par_1_80' title="bbox 2035 1991 3640 2066">
     <span class='ocr_line' id='line_1_80' title="bbox 2035 1991 3640 2066; baseline 0.001 -19"><span class='ocrx_word' id='word_1_512' title='bbox 2035 2009 2175 2059; x_wconf 92' lang='lat' dir='ltr'><strong>sum,</strong></span> <span class='ocrx_word' id='word_1_513' title='bbox 2209 2002 2260 2048; x_wconf 87' lang='lat' dir='ltr'><strong>et</strong></span> <span class='ocrx_word' id='word_1_514' title='bbox 2290 1992 2580 2064; x_wconf 90' lang='lat' dir='ltr'><strong>episcopos</strong></span> <span class='ocrx_word' id='word_1_515' title='bbox 2609 1999 3024 2049; x_wconf 88' lang='lat' dir='ltr'><strong>consecratores</strong></span> <span class='ocrx_word' id='word_1_516' title='bbox 3065 1991 3208 2046; x_wconf 91' lang='lat' dir='ltr'><strong>illius</strong></span> <span class='ocrx_word' id='word_1_517' title='bbox 3260 1991 3468 2062; x_wconf 86' lang='lat' dir='ltr'><strong>litteris,</strong></span> <span class='ocrx_word' id='word_1_518' title='bbox 3501 2008 3640 2066; x_wconf 88' lang='lat' dir='ltr'><strong>quas</strong></span> 
     </span>
    </p>
   </div>
   <div class='ocr_carea' id='block_1_81' title="bbox 2038 2079 3640 2153">
    <p class='ocr_par' dir='ltr' id='par_1_81' title="bbox 2038 2079 3640 2153">
     <span class='ocr_line' id='line_1_81' title="bbox 2038 2079 3640 2153; baseline 0 -17"><span class='ocrx_word' id='word_1_519' title='bbox 2038 2082 2198 2137; x_wconf 92' lang='lat' dir='ltr'><strong>nobis</strong></span> <span class='ocrx_word' id='word_1_520' title='bbox 2248 2079 2508 2150; x_wconf 89' lang='lat' dir='ltr'><strong>ostendit,</strong></span> <span class='ocrx_word' id='word_1_521' title='bbox 2570 2087 2819 2153; x_wconf 84' lang='lat' dir='ltr'><strong>rogante,</strong></span> <span class='ocrx_word' id='word_1_522' title='bbox 2879 2088 3256 2136; x_wconf 87' lang='lat' dir='ltr'><strong>consecratum</strong></span> <span class='ocrx_word' id='word_1_523' title='bbox 3312 2079 3480 2136; x_wconf 87' lang='lat' dir='ltr'><strong>fuisse</strong></span> <span class='ocrx_word' id='word_1_524' title='bbox 3527 2081 3640 2150; x_wconf 88' lang='lat' dir='ltr'><strong>jam</strong></span> 
     </span>
    </p>
   </div>
   <div class='ocr_carea' id='block_1_82' title="bbox 2035 2168 3635 2242">
    <p class='ocr_par' dir='ltr' id='par_1_82' title="bbox 2035 2168 3635 2242">
     <span class='ocr_line' id='line_1_82' title="bbox 2035 2168 3635 2242; baseline -0.001 -16"><span class='ocrx_word' id='word_1_525' title='bbox 2035 2171 2195 2226; x_wconf 66' lang='lat' dir='ltr'><strong>dictae</strong></span> <span class='ocrx_word' id='word_1_526' title='bbox 2224 2169 2490 2226; x_wconf 70' lang='lat' dir='ltr'><strong>Ecclesiae</strong></span> <span class='ocrx_word' id='word_1_527' title='bbox 2511 2169 2850 2240; x_wconf 89' lang='lat' dir='ltr'><strong>episcopum,</strong></span> <span class='ocrx_word' id='word_1_528' title='bbox 2873 2169 3248 2225; x_wconf 88' lang='lat' dir='ltr'><strong>incunctanter</strong></span> <span class='ocrx_word' id='word_1_529' title='bbox 3266 2168 3635 2242; x_wconf 78' lang='lat' dir='ltr'><strong>agnoscimus.</strong></span> 
     </span>
    </p>
   </div>
   <div class='ocr_carea' id='block_1_83' title="bbox 2034 2255 3636 2330">
    <p class='ocr_par' dir='ltr' id='par_1_83' title="bbox 2034 2255 3636 2330">
     <span class='ocr_line' id='line_1_83' title="bbox 2034 2255 3636 2330; baseline -0.001 -16"><span class='ocrx_word' id='word_1_530' title='bbox 2034 2259 2100 2314; x_wconf 88' lang='lat' dir='ltr'><strong>Et</strong></span> <span class='ocrx_word' id='word_1_531' title='bbox 2129 2258 2336 2314; x_wconf 89' lang='lat' dir='ltr'><strong>idcirco</strong></span> <span class='ocrx_word' id='word_1_532' title='bbox 2368 2257 2620 2314; x_wconf 88' lang='lat' dir='ltr'><strong>volumus</strong></span> <span class='ocrx_word' id='word_1_533' title='bbox 2650 2263 2704 2313; x_wconf 87' lang='lat' dir='ltr'><strong>et</strong></span> <span class='ocrx_word' id='word_1_534' title='bbox 2733 2271 2994 2330; x_wconf 81' lang='lat' dir='ltr'><strong>regamus</strong></span> <span class='ocrx_word' id='word_1_535' title='bbox 3023 2264 3082 2312; x_wconf 86' lang='lat' dir='ltr'><strong>ut</strong></span> <span class='ocrx_word' id='word_1_536' title='bbox 3121 2257 3330 2328; x_wconf 90' lang='lat' dir='ltr'><strong>absque</strong></span> <span class='ocrx_word' id='word_1_537' title='bbox 3373 2255 3636 2329; x_wconf 88' lang='lat' dir='ltr'><strong>temporis</strong></span> 
     </span>
    </p>
   </div>
   <div class='ocr_carea' id='block_1_84' title="bbox 2029 2346 3638 2419">
    <p class='ocr_par' dir='ltr' id='par_1_84' title="bbox 2029 2346 3638 2419">
     <span class='ocr_line' id='line_1_84' title="bbox 2029 2346 3638 2419; baseline -0.001 -16"><span class='ocrx_word' id='word_1_538' title='bbox 2029 2347 2414 2419; x_wconf 88' lang='lat' dir='ltr'><strong>protelatione,</strong></span> <span class='ocrx_word' id='word_1_539' title='bbox 2447 2346 2534 2402; x_wconf 90' lang='lat' dir='ltr'><strong>vel</strong></span> <span class='ocrx_word' id='word_1_540' title='bbox 2561 2346 2744 2418; x_wconf 85' lang='lat' dir='ltr'><strong>aliqua</strong></span> <span class='ocrx_word' id='word_1_541' title='bbox 2801 2346 3278 2413; x_wconf 83' lang='lat' dir='ltr'><strong>eontracdictione,</strong></span> <span class='ocrx_word' id='word_1_542' title='bbox 3341 2363 3518 2413; x_wconf 87' lang='lat' dir='ltr'><strong>suum,</strong></span> <span class='ocrx_word' id='word_1_543' title='bbox 3579 2355 3638 2402; x_wconf 89' lang='lat' dir='ltr'><strong>ut</strong></span> 
     </span>
    </p>
   </div>
   <div class='ocr_carea' id='block_1_85' title="bbox 2031 2433 3633 2506">
    <p class='ocr_par' dir='ltr' id='par_1_85' title="bbox 2031 2433 3633 2506">
     <span class='ocr_line' id='line_1_85' title="bbox 2031 2433 3633 2506; baseline -0.002 -14"><span class='ocrx_word' id='word_1_544' title='bbox 2031 2435 2288 2502; x_wconf 85' lang='lat' dir='ltr'><strong>diximus,</strong></span> <span class='ocrx_word' id='word_1_545' title='bbox 2324 2435 2698 2506; x_wconf 88' lang='lat' dir='ltr'><strong>episcopatum</strong></span> <span class='ocrx_word' id='word_1_546' title='bbox 2729 2434 2944 2502; x_wconf 89' lang='lat' dir='ltr'><strong>habeat,</strong></span> <span class='ocrx_word' id='word_1_547' title='bbox 2979 2441 3158 2490; x_wconf 86' lang='lat' dir='ltr'><strong>teneat</strong></span> <span class='ocrx_word' id='word_1_548' title='bbox 3187 2442 3350 2506; x_wconf 90' lang='lat' dir='ltr'><strong>atque</strong></span> <span class='ocrx_word' id='word_1_549' title='bbox 3379 2449 3502 2491; x_wconf 90' lang='lat' dir='ltr'><strong>cum</strong></span> <span class='ocrx_word' id='word_1_550' title='bbox 3532 2433 3633 2490; x_wconf 88' lang='lat' dir='ltr'><strong>Dei</strong></span> 
     </span>
    </p>
   </div>
   <div class='ocr_carea' id='block_1_86' title="bbox 2030 2522 3634 2595">
    <p class='ocr_par' dir='ltr' id='par_1_86' title="bbox 2030 2522 3634 2595">
     <span class='ocr_line' id='line_1_86' title="bbox 2030 2522 3634 2595; baseline 0 -17"><span class='ocrx_word' id='word_1_551' title='bbox 2030 2524 2338 2581; x_wconf 87' lang='lat' dir='ltr'><strong>reverentia</strong></span> <span class='ocrx_word' id='word_1_552' title='bbox 2365 2523 2638 2594; x_wconf 87' lang='lat' dir='ltr'><strong>disponat,</strong></span> <span class='ocrx_word' id='word_1_553' title='bbox 2671 2522 2929 2595; x_wconf 87' lang='lat' dir='ltr'><strong>quoniam</strong></span> <span class='ocrx_word' id='word_1_554' title='bbox 2959 2539 3062 2578; x_wconf 89' lang='lat' dir='ltr'><strong>nos</strong></span> <span class='ocrx_word' id='word_1_555' title='bbox 3089 2522 3146 2576; x_wconf 91' lang='lat' dir='ltr'><strong>in</strong></span> <span class='ocrx_word' id='word_1_556' title='bbox 3175 2522 3396 2578; x_wconf 83' lang='lat' dir='ltr'><strong>alterius</strong></span> <span class='ocrx_word' id='word_1_557' title='bbox 3451 2523 3634 2578; x_wconf 89' lang='lat' dir='ltr'><strong>nomi-</strong></span> 
     </span>
    </p>
   </div>
   <div class='ocr_carea' id='block_1_87' title="bbox 2029 2611 3634 2670">
    <p class='ocr_par' dir='ltr' id='par_1_87' title="bbox 2029 2611 3634 2670">
     <span class='ocr_line' id='line_1_87' title="bbox 2029 2611 3634 2670; baseline -0.001 -2"><span class='ocrx_word' id='word_1_558' title='bbox 2029 2615 2114 2669; x_wconf 80' lang='lat' dir='ltr'><strong>nis</strong></span> <span class='ocrx_word' id='word_1_559' title='bbox 2141 2613 2407 2670; x_wconf 88' lang='lat' dir='ltr'><strong>electione</strong></span> <span class='ocrx_word' id='word_1_560' title='bbox 2437 2611 2526 2668; x_wconf 88' lang='lat' dir='ltr'><strong>vel</strong></span> <span class='ocrx_word' id='word_1_561' title='bbox 2555 2611 2971 2668; x_wconf 84' lang='lat' dir='ltr'><strong>consecratione</strong></span> <span class='ocrx_word' id='word_1_562' title='bbox 2997 2611 3106 2667; x_wconf 88' lang='lat' dir='ltr'><strong>isto</strong></span> <span class='ocrx_word' id='word_1_563' title='bbox 3141 2611 3358 2668; x_wconf 85' lang='lat' dir='ltr'><strong>vivente</strong></span> <span class='ocrx_word' id='word_1_564' title='bbox 3401 2627 3634 2668; x_wconf 83' lang='lat' dir='ltr'><strong>consen-</strong></span> 
     </span>
    </p>
   </div>
   <div class='ocr_carea' id='block_1_88' title="bbox 2033 2697 3634 2772">
    <p class='ocr_par' dir='ltr' id='par_1_88' title="bbox 2033 2697 3634 2772">
     <span class='ocr_line' id='line_1_88' title="bbox 2033 2697 3634 2772; baseline 0.001 -18"><span class='ocrx_word' id='word_1_565' title='bbox 2033 2703 2131 2758; x_wconf 88' lang='lat' dir='ltr'><strong>tire</strong></span> <span class='ocrx_word' id='word_1_566' title='bbox 2160 2701 2310 2757; x_wconf 92' lang='lat' dir='ltr'><strong>nullo</strong></span> <span class='ocrx_word' id='word_1_567' title='bbox 2338 2701 2504 2756; x_wconf 92' lang='lat' dir='ltr'><strong>modo</strong></span> <span class='ocrx_word' id='word_1_568' title='bbox 2529 2700 2795 2772; x_wconf 86' lang='lat' dir='ltr'><strong>patiemur</strong></span> <span class='ocrx_word' id='word_1_569' title='bbox 2822 2711 2888 2756; x_wconf 87' lang='lat' dir='ltr'><strong>eo</strong></span> <span class='ocrx_word' id='word_1_570' title='bbox 2919 2700 3066 2772; x_wconf 84' lang='lat' dir='ltr'><strong>quod</strong></span> <span class='ocrx_word' id='word_1_571' title='bbox 3097 2697 3379 2772; x_wconf 69' lang='lat' dir='ltr'><strong>praecipua</strong></span> <span class='ocrx_word' id='word_1_572' title='bbox 3419 2709 3634 2756; x_wconf 90' lang='lat' dir='ltr'><strong>sancto-</strong></span> 
     </span>
    </p>
   </div>
   <div class='ocr_carea' id='block_1_89' title="bbox 2031 2787 3631 2859">
    <p class='ocr_par' dir='ltr' id='par_1_89' title="bbox 2031 2787 3631 2859">
     <span class='ocr_line' id='line_1_89' title="bbox 2031 2787 3631 2859; baseline -0.001 -14"><span class='ocrx_word' id='word_1_573' title='bbox 2031 2807 2150 2845; x_wconf 90' lang='lat' dir='ltr'><strong>rum</strong></span> <span class='ocrx_word' id='word_1_574' title='bbox 2177 2791 2397 2846; x_wconf 85' lang='lat' dir='ltr'><strong>Patrum</strong></span> <span class='ocrx_word' id='word_1_575' title='bbox 2425 2789 2716 2846; x_wconf 88' lang='lat' dir='ltr'><strong>auctoritas</strong></span> <span class='ocrx_word' id='word_1_576' title='bbox 2738 2787 2944 2859; x_wconf 75' lang='lat' dir='ltr'><strong>iubeat,</strong></span> <span class='ocrx_word' id='word_1_577' title='bbox 2997 2789 3138 2844; x_wconf 90' lang='lat' dir='ltr'><strong>duos</strong></span> <span class='ocrx_word' id='word_1_578' title='bbox 3195 2787 3357 2843; x_wconf 89' lang='lat' dir='ltr'><strong>simul</strong></span> <span class='ocrx_word' id='word_1_579' title='bbox 3408 2789 3466 2842; x_wconf 89' lang='lat' dir='ltr'><strong>in</strong></span> <span class='ocrx_word' id='word_1_580' title='bbox 3521 2793 3631 2844; x_wconf 72' lang='lat' dir='ltr'><strong>una</strong></span> 
     </span>
    </p>
   </div>
   <div class='ocr_carea' id='block_1_90' title="bbox 2030 2875 3629 2949">
    <p class='ocr_par' dir='ltr' id='par_1_90' title="bbox 2030 2875 3629 2949">
     <span class='ocr_line' id='line_1_90' title="bbox 2030 2875 3629 2949; baseline -0.002 -14"><span class='ocrx_word' id='word_1_581' title='bbox 2030 2878 2242 2935; x_wconf 89' lang='lat' dir='ltr'><strong>civitate</strong></span> <span class='ocrx_word' id='word_1_582' title='bbox 2273 2894 2383 2934; x_wconf 89' lang='lat' dir='ltr'><strong>non</strong></span> <span class='ocrx_word' id='word_1_583' title='bbox 2423 2878 2626 2934; x_wconf 90' lang='lat' dir='ltr'><strong>debere</strong></span> <span class='ocrx_word' id='word_1_584' title='bbox 2683 2893 2808 2934; x_wconf 90' lang='lat' dir='ltr'><strong>esse</strong></span> <span class='ocrx_word' id='word_1_585' title='bbox 2864 2877 3174 2949; x_wconf 85' lang='lat' dir='ltr'><strong>episcopos.</strong></span> <span class='ocrx_word' id='word_1_586' title='bbox 3233 2875 3629 2946; x_wconf 81' lang='lat' dir='ltr'><strong>Quamobrem,</strong></span> 
     </span>
    </p>
   </div>
   <div class='ocr_carea' id='block_1_91' title="bbox 2029 2965 3624 3038">
    <p class='ocr_par' dir='ltr' id='par_1_91' title="bbox 2029 2965 3624 3038">
     <span class='ocr_line' id='line_1_91' title="bbox 2029 2965 3624 3038; baseline -0.002 -14"><span class='ocrx_word' id='word_1_587' title='bbox 2029 2967 2344 3024; x_wconf 88' lang='lat' dir='ltr'><strong>charissime</strong></span> <span class='ocrx_word' id='word_1_588' title='bbox 2393 2965 2488 3038; x_wconf 83' lang='lat' dir='ltr'><strong>ﬁli,</strong></span> <span class='ocrx_word' id='word_1_589' title='bbox 2541 2967 2826 3022; x_wconf 89' lang='lat' dir='ltr'><strong>hortamur</strong></span> <span class='ocrx_word' id='word_1_590' title='bbox 2868 2965 3220 3021; x_wconf 83' lang='lat' dir='ltr'><strong>nihilominus</strong></span> <span class='ocrx_word' id='word_1_591' title='bbox 3268 2973 3321 3020; x_wconf 87' lang='lat' dir='ltr'><strong>et</strong></span> <span class='ocrx_word' id='word_1_592' title='bbox 3368 2965 3624 3022; x_wconf 58' lang='lat' dir='ltr'><strong>obsecra.ab</strong></span> 
     </span>
    </p>
   </div>
   <div class='ocr_carea' id='block_1_92' title="bbox 2029 3053 3636 3128">
    <p class='ocr_par' dir='ltr' id='par_1_92' title="bbox 2029 3053 3636 3128">
     <span class='ocr_line' id='line_1_92' title="bbox 2029 3053 3636 3128; baseline -0.001 -18"><span class='ocrx_word' id='word_1_593' title='bbox 2029 3072 2150 3110; x_wconf 88' lang='lat' dir='ltr'><strong>mus</strong></span> <span class='ocrx_word' id='word_1_594' title='bbox 2177 3055 2390 3128; x_wconf 84' lang='lat' dir='ltr'><strong>regiam</strong></span> <span class='ocrx_word' id='word_1_595' title='bbox 2419 3055 2653 3128; x_wconf 83' lang='lat' dir='ltr'><strong>gloriam</strong></span> <span class='ocrx_word' id='word_1_596' title='bbox 2683 3063 2938 3120; x_wconf 85' lang='lat' dir='ltr'><strong>vestram,</strong></span> <span class='ocrx_word' id='word_1_597' title='bbox 2977 3061 3034 3109; x_wconf 87' lang='lat' dir='ltr'><strong>ut</strong></span> <span class='ocrx_word' id='word_1_598' title='bbox 3063 3055 3178 3108; x_wconf 89' lang='lat' dir='ltr'><strong>Deo</strong></span> <span class='ocrx_word' id='word_1_599' title='bbox 3207 3053 3498 3108; x_wconf 84' lang='lat' dir='ltr'><strong>auxiliante</strong></span> <span class='ocrx_word' id='word_1_600' title='bbox 3513 3053 3636 3124; x_wconf 73' lang='lat' dir='ltr'><strong>ipsa</strong></span> 
     </span>
    </p>
   </div>
   <div class='ocr_carea' id='block_1_93' title="bbox 2037 3141 3635 3216">
    <p class='ocr_par' dir='ltr' id='par_1_93' title="bbox 2037 3141 3635 3216">
     <span class='ocr_line' id='line_1_93' title="bbox 2037 3141 3635 3216; baseline -0.001 -18"><span class='ocrx_word' id='word_1_601' title='bbox 2037 3143 2302 3211; x_wconf 88' lang='lat' dir='ltr'><strong>Ecclesia,</strong></span> <span class='ocrx_word' id='word_1_602' title='bbox 2333 3143 2551 3216; x_wconf 89' lang='lat' dir='ltr'><strong>proprio</strong></span> <span class='ocrx_word' id='word_1_603' title='bbox 2583 3158 2726 3200; x_wconf 88' lang='lat' dir='ltr'><strong>nunc</strong></span> <span class='ocrx_word' id='word_1_604' title='bbox 2754 3149 2974 3214; x_wconf 89' lang='lat' dir='ltr'><strong>recepto</strong></span> <span class='ocrx_word' id='word_1_605' title='bbox 3001 3149 3244 3212; x_wconf 87' lang='lat' dir='ltr'><strong>pastore,</strong></span> <span class='ocrx_word' id='word_1_606' title='bbox 3296 3141 3398 3196; x_wconf 90' lang='lat' dir='ltr'><strong>sub</strong></span> <span class='ocrx_word' id='word_1_607' title='bbox 3442 3143 3635 3197; x_wconf 55' lang='lat' dir='ltr'><strong>vestra</strong></span> 
     </span>
    </p>
   </div>
   <div class='ocr_carea' id='block_1_94' title="bbox 2039 3229 3632 3302">
    <p class='ocr_par' dir='ltr' id='par_1_94' title="bbox 2039 3229 3632 3302">
     <span class='ocr_line' id='line_1_94' title="bbox 2039 3229 3632 3302; baseline -0.003 -14"><span class='ocrx_word' id='word_1_608' title='bbox 2039 3232 2342 3288; x_wconf 66' lang='lat' dir='ltr'><strong>clementiae</strong></span> <span class='ocrx_word' id='word_1_609' title='bbox 2371 3231 2628 3288; x_wconf 86' lang='lat' dir='ltr'><strong>tutamine</strong></span> <span class='ocrx_word' id='word_1_610' title='bbox 2657 3229 2888 3302; x_wconf 83' lang='lat' dir='ltr'><strong>paciﬁca</strong></span> <span class='ocrx_word' id='word_1_611' title='bbox 2909 3231 3023 3301; x_wconf 87' lang='lat' dir='ltr'><strong>jam</strong></span> <span class='ocrx_word' id='word_1_612' title='bbox 3052 3237 3104 3284; x_wconf 90' lang='lat' dir='ltr'><strong>et</strong></span> <span class='ocrx_word' id='word_1_613' title='bbox 3133 3229 3316 3301; x_wconf 86' lang='lat' dir='ltr'><strong>quieta</strong></span> <span class='ocrx_word' id='word_1_614' title='bbox 3353 3229 3632 3296; x_wconf 80' lang='lat' dir='ltr'><strong>consistat,</strong></span> 
     </span>
    </p>
   </div>
   <div class='ocr_carea' id='block_1_95' title="bbox 2037 3317 3638 3390">
    <p class='ocr_par' dir='ltr' id='par_1_95' title="bbox 2037 3317 3638 3390">
     <span class='ocr_line' id='line_1_95' title="bbox 2037 3317 3638 3390; baseline -0.001 -16"><span class='ocrx_word' id='word_1_615' title='bbox 2037 3327 2096 3374; x_wconf 91' lang='lat' dir='ltr'><strong>ut</strong></span> <span class='ocrx_word' id='word_1_616' title='bbox 2124 3321 2240 3390; x_wconf 83' lang='lat' dir='ltr'><strong>ejus</strong></span> <span class='ocrx_word' id='word_1_617' title='bbox 2270 3319 2526 3390; x_wconf 88' lang='lat' dir='ltr'><strong>precibus</strong></span> <span class='ocrx_word' id='word_1_618' title='bbox 2557 3319 2746 3388; x_wconf 84' lang='lat' dir='ltr'><strong>adjuti,</strong></span> <span class='ocrx_word' id='word_1_619' title='bbox 2778 3326 2903 3390; x_wconf 91' lang='lat' dir='ltr'><strong>post</strong></span> <span class='ocrx_word' id='word_1_620' title='bbox 2927 3317 3033 3374; x_wconf 90' lang='lat' dir='ltr'><strong>hoc</strong></span> <span class='ocrx_word' id='word_1_621' title='bbox 3079 3333 3314 3390; x_wconf 83' lang='lat' dir='ltr'><strong>regnum</strong></span> <span class='ocrx_word' id='word_1_622' title='bbox 3361 3319 3638 3373; x_wconf 82' lang='lat' dir='ltr'><strong>terrenum</strong></span> 
     </span>
    </p>
   </div>
   <div class='ocr_carea' id='block_1_96' title="bbox 2037 3405 3637 3479">
    <p class='ocr_par' dir='ltr' id='par_1_96' title="bbox 2037 3405 3637 3479">
     <span class='ocr_line' id='line_1_96' title="bbox 2037 3405 3637 3479; baseline -0.001 -15"><span class='ocrx_word' id='word_1_623' title='bbox 2037 3407 2192 3464; x_wconf 90' lang='lat' dir='ltr'><strong>vobis</strong></span> <span class='ocrx_word' id='word_1_624' title='bbox 2243 3423 2590 3474; x_wconf 85' lang='lat' dir='ltr'><strong>concessum,</strong></span> <span class='ocrx_word' id='word_1_625' title='bbox 2644 3407 3042 3479; x_wconf 84' lang='lat' dir='ltr'><strong>sempiternum</strong></span> <span class='ocrx_word' id='word_1_626' title='bbox 3087 3405 3376 3478; x_wconf 87' lang='lat' dir='ltr'><strong>percipere</strong></span> <span class='ocrx_word' id='word_1_627' title='bbox 3419 3412 3637 3462; x_wconf 73' lang='lat' dir='ltr'><strong>mereo:-</strong></span> 
     </span>
    </p>
   </div>
   <div class='ocr_carea' id='block_1_97' title="bbox 2035 3490 3637 3567">
    <p class='ocr_par' dir='ltr' id='par_1_97' title="bbox 2035 3490 3637 3567">
     <span class='ocr_line' id='line_1_97' title="bbox 2035 3490 3637 3567; baseline -0.001 -15"><span class='ocrx_word' id='word_1_628' title='bbox 2035 3497 2185 3552; x_wconf 87' lang='lat' dir='ltr'><strong>mini.</strong></span> <span class='ocrx_word' id='word_1_629' title='bbox 2221 3499 2494 3553; x_wconf 65' lang='lat' dir='ltr'><strong>Praeterea</strong></span> <span class='ocrx_word' id='word_1_630' title='bbox 2519 3505 2573 3565; x_wconf 84' lang='lat' dir='ltr'><strong>et</strong></span> <span class='ocrx_word' id='word_1_631' title='bbox 2600 3495 2970 3553; x_wconf 89' lang='lat' dir='ltr'><strong>Theodoricus</strong></span> <span class='ocrx_word' id='word_1_632' title='bbox 3036 3502 3239 3551; x_wconf 72' lang='lat' dir='ltr'><strong>sanctae</strong></span> <span class='ocrx_word' id='word_1_633' title='bbox 3287 3490 3637 3567; x_wconf 71' lang='lat' dir='ltr'><strong>Chrysopoli-</strong></span> 
     </span>
    </p>
   </div>
   <div class='ocr_carea' id='block_1_98' title="bbox 2036 3580 3634 3656">
    <p class='ocr_par' dir='ltr' id='par_1_98' title="bbox 2036 3580 3634 3656">
     <span class='ocr_line' id='line_1_98' title="bbox 2036 3580 3634 3656; baseline -0.001 -16"><span class='ocrx_word' id='word_1_634' title='bbox 2036 3594 2173 3643; x_wconf 69' lang='lat' dir='ltr'><strong>tanm</strong></span> <span class='ocrx_word' id='word_1_635' title='bbox 2201 3586 2347 3644; x_wconf 87' lang='lat' dir='ltr'><strong>sedis</strong></span> <span class='ocrx_word' id='word_1_636' title='bbox 2377 3585 2820 3656; x_wconf 90' lang='lat' dir='ltr'><strong>archiepiscopus</strong></span> <span class='ocrx_word' id='word_1_637' title='bbox 2849 3583 3046 3640; x_wconf 88' lang='lat' dir='ltr'><strong>multas</strong></span> <span class='ocrx_word' id='word_1_638' title='bbox 3075 3582 3274 3640; x_wconf 89' lang='lat' dir='ltr'><strong>nostris</strong></span> <span class='ocrx_word' id='word_1_639' title='bbox 3319 3580 3634 3654; x_wconf 83' lang='lat' dir='ltr'><strong>apostolicis</strong></span> 
     </span>
    </p>
   </div>
   <div class='ocr_carea' id='block_1_99' title="bbox 2035 3671 3632 3747">
    <p class='ocr_par' dir='ltr' id='par_1_99' title="bbox 2035 3671 3632 3747">
     <span class='ocr_line' id='line_1_99' title="bbox 2035 3671 3632 3747; baseline -0.002 -17"><span class='ocrx_word' id='word_1_640' title='bbox 2035 3675 2255 3731; x_wconf 87' lang='lat' dir='ltr'><strong>auribus</strong></span> <span class='ocrx_word' id='word_1_641' title='bbox 2293 3692 2456 3747; x_wconf 86' lang='lat' dir='ltr'><strong>super</strong></span> <span class='ocrx_word' id='word_1_642' title='bbox 2495 3673 2783 3731; x_wconf 86' lang='lat' dir='ltr'><strong>Hubonem</strong></span> <span class='ocrx_word' id='word_1_643' title='bbox 2831 3672 3049 3729; x_wconf 82' lang='lat' dir='ltr'><strong>fidelem</strong></span> <span class='ocrx_word' id='word_1_644' title='bbox 3094 3679 3332 3729; x_wconf 90' lang='lat' dir='ltr'><strong>vestrum</strong></span> <span class='ocrx_word' id='word_1_645' title='bbox 3377 3671 3632 3744; x_wconf 77' lang='lat' dir='ltr'><strong>querelas</strong></span> 
     </span>
    </p>
   </div>
   <div class='ocr_carea' id='block_1_100' title="bbox 2033 3758 3635 3836">
    <p class='ocr_par' dir='ltr' id='par_1_100' title="bbox 2033 3758 3635 3836">
     <span class='ocr_line' id='line_1_100' title="bbox 2033 3758 3635 3836; baseline -0.002 -17"><span class='ocrx_word' id='word_1_646' title='bbox 2033 3763 2248 3832; x_wconf 85' lang='lat' dir='ltr'><strong>direxit,</strong></span> <span class='ocrx_word' id='word_1_647' title='bbox 2284 3779 2350 3820; x_wconf 94' lang='lat' dir='ltr'><strong>eo</strong></span> <span class='ocrx_word' id='word_1_648' title='bbox 2379 3764 2530 3836; x_wconf 89' lang='lat' dir='ltr'><strong>quod</strong></span> <span class='ocrx_word' id='word_1_649' title='bbox 2559 3781 2653 3819; x_wconf 90' lang='lat' dir='ltr'><strong>res</strong></span> <span class='ocrx_word' id='word_1_650' title='bbox 2701 3761 2970 3820; x_wconf 74' lang='lat' dir='ltr'><strong>Ecclesiae</strong></span> <span class='ocrx_word' id='word_1_651' title='bbox 3011 3761 3156 3818; x_wconf 90' lang='lat' dir='ltr'><strong>illius</strong></span> <span class='ocrx_word' id='word_1_652' title='bbox 3198 3760 3478 3817; x_wconf 87' lang='lat' dir='ltr'><strong>invaserit.</strong></span> <span class='ocrx_word' id='word_1_653' title='bbox 3527 3758 3635 3816; x_wconf 63' lang='lat' dir='ltr'><strong>ne</strong></span> 
     </span>
    </p>
   </div>
   <div class='ocr_carea' id='block_1_101' title="bbox 2033 3848 3634 3925">
    <p class='ocr_par' dir='ltr' id='par_1_101' title="bbox 2033 3848 3634 3925">
     <span class='ocr_line' id='line_1_101' title="bbox 2033 3848 3634 3925; baseline -0.002 -17"><span class='ocrx_word' id='word_1_654' title='bbox 2033 3870 2140 3925; x_wconf 91' lang='lat' dir='ltr'><strong>quo</strong></span> <span class='ocrx_word' id='word_1_655' title='bbox 2182 3853 2342 3909; x_wconf 89' lang='lat' dir='ltr'><strong>etiam</strong></span> <span class='ocrx_word' id='word_1_656' title='bbox 2383 3867 2670 3924; x_wconf 87' lang='lat' dir='ltr'><strong>precamur</strong></span> <span class='ocrx_word' id='word_1_657' title='bbox 2709 3860 2766 3907; x_wconf 89' lang='lat' dir='ltr'><strong>ut</strong></span> <span class='ocrx_word' id='word_1_658' title='bbox 2812 3852 3036 3907; x_wconf 88' lang='lat' dir='ltr'><strong>easdem</strong></span> <span class='ocrx_word' id='word_1_659' title='bbox 3081 3862 3174 3907; x_wconf 87' lang='lat' dir='ltr'><strong>res</strong></span> <span class='ocrx_word' id='word_1_660' title='bbox 3234 3848 3634 3906; x_wconf 83' lang='lat' dir='ltr'><strong>ecclesiasticas</strong></span> 
     </span>
    </p>
   </div>
   <div class='ocr_carea' id='block_1_102' title="bbox 2027 3937 3633 4014">
    <p class='ocr_par' dir='ltr' id='par_1_102' title="bbox 2027 3937 3633 4014">
     <span class='ocr_line' id='line_1_102' title="bbox 2027 3937 3633 4014; baseline -0.002 -17"><span class='ocrx_word' id='word_1_661' title='bbox 2027 3943 2141 4012; x_wconf 87' lang='lat' dir='ltr'><strong>jam</strong></span> <span class='ocrx_word' id='word_1_662' title='bbox 2174 3943 2318 3998; x_wconf 90' lang='lat' dir='ltr'><strong>dicto</strong></span> <span class='ocrx_word' id='word_1_663' title='bbox 2347 3941 2758 4013; x_wconf 88' lang='lat' dir='ltr'><strong>archiepiscopo</strong></span> <span class='ocrx_word' id='word_1_664' title='bbox 2787 3941 2888 3996; x_wconf 89' lang='lat' dir='ltr'><strong>sub</strong></span> <span class='ocrx_word' id='word_1_665' title='bbox 2916 3940 3228 4014; x_wconf 83' lang='lat' dir='ltr'><strong>integritate</strong></span> <span class='ocrx_word' id='word_1_666' title='bbox 3273 3939 3502 3994; x_wconf 91' lang='lat' dir='ltr'><strong>reddere</strong></span> <span class='ocrx_word' id='word_1_667' title='bbox 3549 3937 3633 3993; x_wconf 69' lang='lat' dir='ltr'><strong>fa:-</strong></span> 
     </span>
    </p>
   </div>
   <div class='ocr_carea' id='block_1_103' title="bbox 2033 4026 3636 4102">
    <p class='ocr_par' dir='ltr' id='par_1_103' title="bbox 2033 4026 3636 4102">
     <span class='ocr_line' id='line_1_103' title="bbox 2033 4026 3636 4102; baseline -0.002 -16"><span class='ocrx_word' id='word_1_668' title='bbox 2033 4031 2188 4087; x_wconf 90' lang='lat' dir='ltr'><strong>ciatis</strong></span> <span class='ocrx_word' id='word_1_669' title='bbox 2218 4047 2319 4102; x_wconf 90' lang='lat' dir='ltr'><strong>pro</strong></span> <span class='ocrx_word' id='word_1_670' title='bbox 2351 4045 2535 4086; x_wconf 90' lang='lat' dir='ltr'><strong>amore</strong></span> <span class='ocrx_word' id='word_1_671' title='bbox 2567 4029 2664 4084; x_wconf 93' lang='lat' dir='ltr'><strong>Dei</strong></span> <span class='ocrx_word' id='word_1_672' title='bbox 2699 4036 2751 4083; x_wconf 88' lang='lat' dir='ltr'><strong>et</strong></span> <span class='ocrx_word' id='word_1_673' title='bbox 2780 4037 2988 4096; x_wconf 88' lang='lat' dir='ltr'><strong>nostro,</strong></span> <span class='ocrx_word' id='word_1_674' title='bbox 3022 4035 3076 4082; x_wconf 91' lang='lat' dir='ltr'><strong>et</strong></span> <span class='ocrx_word' id='word_1_675' title='bbox 3105 4027 3250 4082; x_wconf 86' lang='lat' dir='ltr'><strong>nulla</strong></span> <span class='ocrx_word' id='word_1_676' title='bbox 3279 4027 3539 4097; x_wconf 89' lang='lat' dir='ltr'><strong>deinceps</strong></span> <span class='ocrx_word' id='word_1_677' title='bbox 3585 4026 3636 4083; x_wconf 73' lang='lat' dir='ltr'><strong>e‘i</strong></span> 
     </span>
    </p>
   </div>
   <div class='ocr_carea' id='block_1_104' title="bbox 2031 4112 3636 4189">
    <p class='ocr_par' dir='ltr' id='par_1_104' title="bbox 2031 4112 3636 4189">
     <span class='ocr_line' id='line_1_104' title="bbox 2031 4112 3636 4189; baseline -0.002 -17"><span class='ocrx_word' id='word_1_678' title='bbox 2031 4119 2354 4189; x_wconf 89' lang='lat' dir='ltr'><strong>permittatis</strong></span> <span class='ocrx_word' id='word_1_679' title='bbox 2383 4119 2617 4173; x_wconf 87' lang='lat' dir='ltr'><strong>adversa</strong></span> <span class='ocrx_word' id='word_1_680' title='bbox 2650 4116 2735 4172; x_wconf 88' lang='lat' dir='ltr'><strong>vel</strong></span> <span class='ocrx_word' id='word_1_681' title='bbox 2767 4115 3042 4172; x_wconf 86' lang='lat' dir='ltr'><strong>contraria</strong></span> <span class='ocrx_word' id='word_1_682' title='bbox 3089 4114 3312 4170; x_wconf 84' lang='lat' dir='ltr'><strong>inferre.</strong></span> <span class='ocrx_word' id='word_1_683' title='bbox 3361 4115 3496 4168; x_wconf 89' lang='lat' dir='ltr'><strong>Data</strong></span> <span class='ocrx_word' id='word_1_684' title='bbox 3543 4112 3636 4169; x_wconf 69' lang='lat' dir='ltr'><strong>die</strong></span> 
     </span>
    </p>
   </div>
   <div class='ocr_carea' id='block_1_105' title="bbox 2030 4204 3026 4274">
    <p class='ocr_par' dir='ltr' id='par_1_105' title="bbox 2030 4204 3026 4274">
     <span class='ocr_line' id='line_1_105' title="bbox 2030 4204 3026 4274; baseline -0.006 -11"><span class='ocrx_word' id='word_1_685' title='bbox 2030 4211 2098 4264; x_wconf 72' lang='lat'><strong>20</strong></span> <span class='ocrx_word' id='word_1_686' title='bbox 2128 4206 2334 4263; x_wconf 89' lang='lat' dir='ltr'><strong>mensis</strong></span> <span class='ocrx_word' id='word_1_687' title='bbox 2358 4205 2524 4274; x_wconf 82' lang='lat' dir='ltr'><strong>Junii,</strong></span> <span class='ocrx_word' id='word_1_688' title='bbox 2556 4204 2850 4260; x_wconf 90' lang='lat' dir='ltr'><strong>indictione</strong></span> <span class='ocrx_word' id='word_1_689' title='bbox 2899 4219 3026 4260; x_wconf 82' lang='lat' dir='ltr'><strong>xm.</strong></span> 
     </span>
    </p>
   </div>
   <div class='ocr_carea' id='block_1_106' title="bbox 2727 4346 2932 4403">
    <p class='ocr_par' dir='ltr' id='par_1_106' title="bbox 2727 4346 2932 4403">
     <span class='ocr_line' id='line_1_106' title="bbox 2727 4346 2932 4403; baseline -0.01 -1"><span class='ocrx_word' id='word_1_690' title='bbox 2727 4346 2932 4403; x_wconf 83' lang='lat' dir='ltr'>CGXC.</span> 
     </span>
    </p>
   </div>
   <div class='ocr_carea' id='block_1_107' title="bbox 2192 4455 3498 4510">
    <p class='ocr_par' dir='ltr' id='par_1_107' title="bbox 2192 4455 3498 4510">
     <span class='ocr_line' id='line_1_107' title="bbox 2192 4455 3498 4510; baseline -0.002 -2"><span class='ocrx_word' id='word_1_691' title='bbox 2192 4469 2264 4509; x_wconf 78' lang='grc' dir='ltr'><strong>Αι)</strong></span> <span class='ocrx_word' id='word_1_692' title='bbox 2293 4455 2674 4510; x_wconf 72' lang='lat' dir='ltr'><strong>Lwrwnnuu</strong></span> <span class='ocrx_word' id='word_1_693' title='bbox 2704 4467 3012 4509; x_wconf 75' lang='lat' dir='ltr'><strong>nriscoron</strong></span> <span class='ocrx_word' id='word_1_694' title='bbox 3043 4463 3498 4507; x_wconf 72' lang='lat' dir='ltr'><strong>VERCBLLI&#39;NBBI.</strong></span> 
     </span>
    </p>
   </div>
   <div class='ocr_carea' id='block_1_108' title="bbox 2657 4537 3521 4614">
    <p class='ocr_par' dir='ltr' id='par_1_108' title="bbox 2657 4537 3521 4614">
     <span class='ocr_line' id='line_1_108' title="bbox 2657 4537 3521 4614; baseline -0.005 -16"><span class='ocrx_word' id='word_1_695' title='bbox 2657 4543 2836 4614; x_wconf 82' lang='lat' dir='ltr'><strong>(Anno</strong></span> <span class='ocrx_word' id='word_1_696' title='bbox 2865 4541 3016 4611; x_wconf 88' lang='lat'><strong>880.)</strong></span> <span class='ocrx_word' id='word_1_697' title='bbox 3517 4537 3521 4540; x_wconf 77' lang='grc'><strong>’</strong></span> 
     </span>
    </p>
   </div>
   <div class='ocr_carea' id='block_1_109' title="bbox 1939 4639 3634 4724">
    <p class='ocr_par' dir='ltr' id='par_1_109' title="bbox 1939 4639 3634 4724">
     <span class='ocr_line' id='line_1_109' title="bbox 1939 4639 3634 4724; baseline -0.004 -15"><span class='ocrx_word' id='word_1_698' title='bbox 1939 4693 1943 4697; x_wconf 68' lang='grc' dir='ltr'><strong>ι</strong></span> <span class='ocrx_word' id='word_1_699' title='bbox 2041 4653 2106 4708; x_wconf 85' lang='lat' dir='ltr'><strong>Ut</strong></span> <span class='ocrx_word' id='word_1_700' title='bbox 2146 4652 2466 4723; x_wconf 78' lang='lat' dir='ltr'><strong>Hieronymi</strong></span> <span class='ocrx_word' id='word_1_701' title='bbox 2501 4651 2741 4724; x_wconf 78' lang='lat' dir='ltr'><strong>episcopi</strong></span> <span class='ocrx_word' id='word_1_702' title='bbox 2779 4649 3160 4704; x_wconf 68' lang='lat' dir='ltr'><strong>Lautanensis</strong></span> <span class='ocrx_word' id='word_1_703' title='bbox 3197 4663 3430 4724; x_wconf 83' lang='lat' dir='ltr'><strong>causam</strong></span> <span class='ocrx_word' id='word_1_704' title='bbox 3484 4639 3634 4718; x_wconf 69' lang='lat' dir='ltr'><strong>apud</strong></span> 
     </span>
    </p>
   </div>
   <div class='ocr_carea' id='block_1_110' title="bbox 2427 4721 3238 4792">
    <p class='ocr_par' dir='ltr' id='par_1_110' title="bbox 2427 4721 3238 4792">
     <span class='ocr_line' id='line_1_110' title="bbox 2427 4721 3238 4792; baseline -0.006 -14"><span class='ocrx_word' id='word_1_705' title='bbox 2427 4721 2690 4778; x_wconf 71' lang='lat' dir='ltr'><strong>Curatum</strong></span> <span class='ocrx_word' id='word_1_706' title='bbox 2717 4735 2902 4792; x_wconf 82' lang='lat' dir='ltr'><strong>regem</strong></span> <span class='ocrx_word' id='word_1_707' title='bbox 2957 4721 3238 4790; x_wconf 75' lang='lat' dir='ltr'><strong>procuret.</strong></span> 
     </span>
    </p>
   </div>
   <div class='ocr_carea' id='block_1_111' title="bbox 2109 4816 3634 4890">
    <p class='ocr_par' dir='ltr' id='par_1_111' title="bbox 2109 4816 3634 4890">
     <span class='ocr_line' id='line_1_111' title="bbox 2109 4816 3634 4890; baseline -0.006 -9"><span class='ocrx_word' id='word_1_708' title='bbox 2109 4823 2583 4881; x_wconf 85' lang='lat' dir='ltr'><strong>Reverendissimo</strong></span> <span class='ocrx_word' id='word_1_709' title='bbox 2613 4830 2667 4879; x_wconf 92' lang='lat' dir='ltr'><strong>et</strong></span> <span class='ocrx_word' id='word_1_710' title='bbox 2721 4819 3062 4877; x_wconf 86' lang='lat' dir='ltr'><strong>sanctissimo</strong></span> <span class='ocrx_word' id='word_1_711' title='bbox 3119 4820 3456 4874; x_wconf 71' lang='lat' dir='ltr'><strong>Lw&#39;rwaano</strong></span> <span class='ocrx_word' id='word_1_712' title='bbox 3511 4816 3634 4890; x_wconf 58' lang='lat' dir='ltr'><strong>epia-</strong></span> 
     </span>
    </p>
   </div>
   <div class='ocr_carea' id='block_1_112' title="bbox 2039 4908 3142 4985">
    <p class='ocr_par' dir='ltr' id='par_1_112' title="bbox 2039 4908 3142 4985">
     <span class='ocr_line' id='line_1_112' title="bbox 2039 4908 3142 4985; baseline -0.005 -17"><span class='ocrx_word' id='word_1_713' title='bbox 2039 4929 2210 4985; x_wconf 79' lang='lat' dir='ltr'><strong>scapo</strong></span> <span class='ocrx_word' id='word_1_714' title='bbox 2241 4921 2438 4970; x_wconf 77' lang='lat' dir='ltr'><strong>sancta:</strong></span> <span class='ocrx_word' id='word_1_715' title='bbox 2467 4910 2730 4970; x_wconf 71' lang='lat' dir='ltr'><strong>Ecclesia:</strong></span> <span class='ocrx_word' id='word_1_716' title='bbox 2759 4908 3142 4965; x_wconf 82' lang='lat' dir='ltr'><strong>Vercellensis.</strong></span> 
     </span>
    </p>
   </div>
   <div class='ocr_carea' id='block_1_113' title="bbox 2115 4995 3635 5070">
    <p class='ocr_par' dir='ltr' id='par_1_113' title="bbox 2115 4995 3635 5070">
     <span class='ocr_line' id='line_1_113' title="bbox 2115 4995 3635 5070; baseline -0.005 -10"><span class='ocrx_word' id='word_1_717' title='bbox 2115 5001 2403 5060; x_wconf 87' lang='lat' dir='ltr'><strong>Dilectioni</strong></span> <span class='ocrx_word' id='word_1_718' title='bbox 2431 5008 2628 5066; x_wconf 68' lang='lat' dir='ltr'><strong>vestrm</strong></span> <span class='ocrx_word' id='word_1_719' title='bbox 2653 4997 2907 5054; x_wconf 85' lang='lat' dir='ltr'><strong>familiari</strong></span> <span class='ocrx_word' id='word_1_720' title='bbox 2953 4997 3188 5068; x_wconf 82' lang='lat' dir='ltr'><strong>quodam</strong></span> <span class='ocrx_word' id='word_1_721' title='bbox 3227 4996 3390 5053; x_wconf 90' lang='lat' dir='ltr'><strong>modo</strong></span> <span class='ocrx_word' id='word_1_722' title='bbox 3436 4995 3635 5070; x_wconf 86' lang='lat' dir='ltr'><strong>pioque</strong></span> 
     </span>
    </p>
   </div>
   <div class='ocr_carea' id='block_1_114' title="bbox 2041 5083 3638 5158">
    <p class='ocr_par' dir='ltr' id='par_1_114' title="bbox 2041 5083 3638 5158">
     <span class='ocr_line' id='line_1_114' title="bbox 2041 5083 3638 5158; baseline -0.006 -9"><span class='ocrx_word' id='word_1_723' title='bbox 2041 5092 2255 5158; x_wconf 74' lang='lat' dir='ltr'><strong>aﬂ’ectu,</strong></span> <span class='ocrx_word' id='word_1_724' title='bbox 2287 5089 2454 5146; x_wconf 89' lang='lat' dir='ltr'><strong>veluti</strong></span> <span class='ocrx_word' id='word_1_725' title='bbox 2481 5087 2800 5144; x_wconf 88' lang='lat' dir='ltr'><strong>ﬁdelissimo</strong></span> <span class='ocrx_word' id='word_1_726' title='bbox 2829 5085 3009 5154; x_wconf 84' lang='lat' dir='ltr'><strong>nobis,</strong></span> <span class='ocrx_word' id='word_1_727' title='bbox 3040 5085 3364 5141; x_wconf 89' lang='lat' dir='ltr'><strong>mandantes</strong></span> <span class='ocrx_word' id='word_1_728' title='bbox 3389 5083 3638 5141; x_wconf 90' lang='lat' dir='ltr'><strong>commit-</strong></span> 
     </span>
    </p>
   </div>
   <div class='ocr_carea' id='block_1_115' title="bbox 2043 5173 3635 5249">
    <p class='ocr_par' dir='ltr' id='par_1_115' title="bbox 2043 5173 3635 5249">
     <span class='ocr_line' id='line_1_115' title="bbox 2043 5173 3635 5249; baseline -0.006 -11"><span class='ocrx_word' id='word_1_729' title='bbox 2043 5183 2205 5238; x_wconf 86' lang='lat' dir='ltr'><strong>timus</strong></span> <span class='ocrx_word' id='word_1_730' title='bbox 2235 5187 2292 5236; x_wconf 91' lang='lat' dir='ltr'><strong>ut</strong></span> <span class='ocrx_word' id='word_1_731' title='bbox 2321 5179 2648 5249; x_wconf 90' lang='lat' dir='ltr'><strong>recipientes</strong></span> <span class='ocrx_word' id='word_1_732' title='bbox 2675 5174 3018 5230; x_wconf 72' lang='lat' dir='ltr'><strong>hanc&#39;nostri</strong></span> <span class='ocrx_word' id='word_1_733' title='bbox 3043 5173 3380 5244; x_wconf 87' lang='lat' dir='ltr'><strong>apostolatus</strong></span> <span class='ocrx_word' id='word_1_734' title='bbox 3426 5174 3635 5244; x_wconf 75' lang='lat' dir='ltr'><strong>episto-</strong></span> 
     </span>
    </p>
   </div>
   <div class='ocr_carea' id='block_1_116' title="bbox 2045 5260 3635 5341">
    <p class='ocr_par' dir='ltr' id='par_1_116' title="bbox 2045 5260 3635 5341">
     <span class='ocr_line' id='line_1_116' title="bbox 2045 5260 3635 5341; baseline -0.005 -15"><span class='ocrx_word' id='word_1_735' title='bbox 2045 5271 2174 5337; x_wconf 88' lang='lat' dir='ltr'><strong>lam,</strong></span> <span class='ocrx_word' id='word_1_736' title='bbox 2207 5267 2479 5341; x_wconf 88' lang='lat' dir='ltr'><strong>legatione</strong></span> <span class='ocrx_word' id='word_1_737' title='bbox 2509 5273 2699 5322; x_wconf 90' lang='lat' dir='ltr'><strong>nostra</strong></span> <span class='ocrx_word' id='word_1_738' title='bbox 2727 5263 2928 5319; x_wconf 87' lang='lat' dir='ltr'><strong>dilecto</strong></span> <span class='ocrx_word' id='word_1_739' title='bbox 2957 5277 3022 5320; x_wconf 87' lang='lat' dir='ltr'><strong>ac</strong></span> <span class='ocrx_word' id='word_1_740' title='bbox 3053 5262 3279 5334; x_wconf 76' lang='lat' dir='ltr'><strong>Spiritali</strong></span> <span class='ocrx_word' id='word_1_741' title='bbox 3305 5260 3418 5318; x_wconf 86' lang='lat' dir='ltr'><strong>filio</strong></span> <span class='ocrx_word' id='word_1_742' title='bbox 3447 5269 3635 5318; x_wconf 89' lang='lat' dir='ltr'><strong>nostro</strong></span> 
     </span>
    </p>
   </div>
   <div class='ocr_carea' id='block_1_117' title="bbox 2044 5351 3634 5425">
    <p class='ocr_par' dir='ltr' id='par_1_117' title="bbox 2044 5351 3634 5425">
     <span class='ocr_line' id='line_1_117' title="bbox 2044 5351 3634 5425; baseline -0.007 -9"><span class='ocrx_word' id='word_1_743' title='bbox 2044 5357 2239 5416; x_wconf 87' lang='lat' dir='ltr'><strong>Carolo</strong></span> <span class='ocrx_word' id='word_1_744' title='bbox 2283 5353 2736 5412; x_wconf 86' lang='lat' dir='ltr'><strong>excellentissimo</strong></span> <span class='ocrx_word' id='word_1_745' title='bbox 2765 5353 2908 5425; x_wconf 86' lang='lat' dir='ltr'><strong>regi,</strong></span> <span class='ocrx_word' id='word_1_746' title='bbox 2944 5367 3047 5424; x_wconf 89' lang='lat' dir='ltr'><strong>pro</strong></span> <span class='ocrx_word' id='word_1_747' title='bbox 3092 5351 3423 5424; x_wconf 83' lang='lat' dir='ltr'><strong>Hieronymo</strong></span> <span class='ocrx_word' id='word_1_748' title='bbox 3483 5351 3634 5405; x_wconf 89' lang='lat' dir='ltr'><strong>vide-</strong></span> 
     </span>
    </p>
   </div>
   <div class='ocr_carea' id='block_1_118' title="bbox 2043 5440 3608 5516">
    <p class='ocr_par' dir='ltr' id='par_1_118' title="bbox 2043 5440 3608 5516">
     <span class='ocr_line' id='line_1_118' title="bbox 2043 5440 3608 5516; baseline -0.006 -14"><span class='ocrx_word' id='word_1_749' title='bbox 2043 5449 2170 5504; x_wconf 86' lang='lat' dir='ltr'><strong>licet</strong></span> <span class='ocrx_word' id='word_1_750' title='bbox 2197 5444 2530 5500; x_wconf 83' lang='lat' dir='ltr'><strong>Lausanensi</strong></span> <span class='ocrx_word' id='word_1_751' title='bbox 2550 5443 2811 5516; x_wconf 87' lang='lat' dir='ltr'><strong>episcopo</strong></span> <span class='ocrx_word' id='word_1_752' title='bbox 2829 5441 3040 5498; x_wconf 87' lang='lat' dir='ltr'><strong>directa</strong></span> <span class='ocrx_word' id='word_1_753' title='bbox 3059 5440 3358 5514; x_wconf 78' lang='lat' dir='ltr'><strong>fungamini</strong></span> <span class='ocrx_word' id='word_1_754' title='bbox 3383 5457 3396 5494; x_wconf 89' lang='lat'><strong>:</strong></span> <span class='ocrx_word' id='word_1_755' title='bbox 3423 5446 3608 5494; x_wconf 82' lang='lat' dir='ltr'><strong>vestro</strong></span> 
     </span>
    </p>
   </div>
   <div class='ocr_carea' id='block_1_119' title="bbox 2043 5525 3634 5608">
    <p class='ocr_par' dir='ltr' id='par_1_119' title="bbox 2043 5525 3634 5608">
     <span class='ocr_line' id='line_1_119' title="bbox 2043 5525 3634 5608; baseline -0.005 -17"><span class='ocrx_word' id='word_1_756' title='bbox 2043 5551 2149 5608; x_wconf 88' lang='lat' dir='ltr'><strong>que</strong></span> <span class='ocrx_word' id='word_1_757' title='bbox 2179 5534 2387 5607; x_wconf 82' lang='lat' dir='ltr'><strong>ingenti</strong></span> <span class='ocrx_word' id='word_1_758' title='bbox 2411 5533 2725 5600; x_wconf 87' lang='lat' dir='ltr'><strong>certamine,</strong></span> <span class='ocrx_word' id='word_1_759' title='bbox 2769 5530 3132 5602; x_wconf 81' lang='lat' dir='ltr'><strong>prudentique</strong></span> <span class='ocrx_word' id='word_1_760' title='bbox 3169 5527 3416 5593; x_wconf 86' lang='lat' dir='ltr'><strong>consilio,</strong></span> <span class='ocrx_word' id='word_1_761' title='bbox 3463 5525 3634 5598; x_wconf 64' lang='lat' dir='ltr'><strong>ipoiu</strong></span> 
     </span>
    </p>
   </div>
  </div>
