4086 6306
527 238 630 290 903

1942 230 2242 289 JOANNIS
2287 233 2480 288 PAPrE
2539 229 2674 288 VIII.
3748 234 3844 289 905

520 375 670 448 regis
697 375 1130 449 magnitudinem
1157 377 1450 433 admonere
1479 383 1643 448 atque
1686 375 1961 432 exhortari
2007 391 2127 432 ma-
2147 356 2201 416 Α
2232 373 2440 447 ingenti
2486 389 2617 430 cura
2654 383 2708 430 et
2763 370 3127 432 sollicitudine
3177 390 3337 446 quam
3391 375 3539 432 circa
3597 382 3849 430 sanctam

521 480 768 538 gnopere
797 463 1078 531 studentis,
1112 473 1378 538 quatenus
1419 465 1672 521 eumdem
1721 465 2126 522 Lausanensem

521 551 916 625 episcopatum,
947 553 1025 608 illi
1051 553 1167 622 jam
1197 553 1324 609 olim
1347 553 1604 609 divinitus
1636 569 1980 618 concessum,
2025 569 2128 626 pro

524 656 709 711 amore
741 641 840 698 Dei
869 648 923 698 et
959 649 1146 699 nostro
1175 643 1245 698 de
1293 643 1547 714 presenti
1590 643 1824 698 reddere
1873 653 1923 698 et
1963 657 2128 698 secu-

523 729 660 786 riter
688 730 844 804 quasi
876 747 976 786 suo
1007 729 1154 786 ﬁdeli
1183 731 1390 787 habere
1419 731 1713 802 permittat.
1745 732 1885 787 Nam
1929 747 1996 787 eo
2040 730 2128 787 vi-

519 827 682 876 vente
713 819 769 874 in
797 819 1026 875 alterius
1057 819 1323 876 electione
1354 819 1439 875 vel
1484 819 1780 892 episcOpali
1827 835 2127 876 consecra-

521 907 668 964 tione
699 923 987 964 assensum
1018 908 1164 964 nullo
1196 909 1358 964 modo
1389 908 1774 978 praebebimus,
1799 907 1927 981 quin
1948 908 2130 980 potius

520 996 825 1067 apostolica
853 997 958 1053 hoc
987 994 1102 1053 fieri
1133 995 1447 1052 auctoritate
1477 997 1653 1052 modis
1681 996 1936 1052 omnibus
1982 997 2128 1054 inhi-

527 1085 796 1150 bebimus,
830 1101 898 1141 ne
929 1093 1118 1141 contra
1147 1093 1340 1141 statuta
1371 1086 1586 1141 Patrum
1634 1087 1742 1142 duo
1791 1087 1847 1142 in
1891 1103 1996 1142 una
2043 1087 2129 1142 vi-

529 1173 766 1229 deantur
814 1174 1030 1230 civitate
1081 1190 1203 1230 esse
1261 1173 1522 1246 episcopi.
1575 1174 1925 1246 Quapropter
1970 1175 2130 1231 nobis

520 1262 671 1330 justa
697 1262 1076 1317 mandantibus
1105 1263 1253 1317 omni
1311 1261 1507 1318 annisu
1537 1271 1588 1319 et
1619 1264 1892 1319 voluntate
1944 1263 2130 1319 favere

523 1351 672 1407 nullo
718 1351 883 1408 modo
931 1351 1375 1422 praetermittatis,
1419 1368 1529 1422 quo
1583 1353 1763 1408 minus
1811 1360 2012 1409 nostra:
2041 1369 2137 1408 vo-

528 1439 749 1495 luntatis
799 1439 996 1513 legatio
1047 1440 1194 1512 apud
1245 1437 1656 1497 serenissimum
1705 1457 1896 1516 regem
1945 1441 2132 1497 salutis

2229 462 2531 518 Romanam
2561 463 2868 519 Ecclesiam
2909 470 3141 519 matrem
3181 472 3418 519 vestram
3457 462 3701 532 habetis,
3743 471 3828 516 at-

2227 566 2334 622 que
2364 567 2468 622 pro
2499 559 2696 608 vestra:
2725 551 3031 608 devotionis
3062 551 3374 608 sinceritate
3405 567 3514 623 qua
3552 567 3659 608 nos
3689 567 3842 622 purae

2228 639 2428 694 mentis
2457 637 2652 696 aﬁ‘ectu
2680 657 2836 696 more
2865 650 3147 712 parentum
3174 649 3484 696 vestrorum
3513 639 3752 714 diligitis
3794 648 3846 696 et

2226 727 2284 783 in
2313 728 2564 784 omnibus
2593 730 2853 800 adjuvare
2902 729 3156 786 alacriter
3199 730 3417 801 cupitis.
3457 731 3527 786 Et
3565 730 3692 802 quia
3740 745 3841 800 pro

2228 817 2553 874 exaltatione
2589 825 2754 889 atque
2797 817 3022 874 utilitate
3063 819 3212 874 sedis
3256 818 3588 889 apostolicae,
3642 817 3840 873 totius-

2229 923 2335 979 que
2391 914 2554 962 terraa
2609 906 2782 963 sancti
2838 907 2982 962 Petri
3045 906 3384 972 defensione,
3426 923 3527 963 vos
3587 915 3847 978 prompta

2226 1003 2410 1050 mente
2437 995 2711 1051 desudare
2741 995 2885 1051 velle
2915 996 3318 1070 cognoscimus,
3367 995 3422 1050 in
3470 1011 3580 1068 quo
3637 995 3850 1053 scilicet

2228 1083 2394 1140 vestri
2450 1083 2708 1140 desiderii
2764 1083 2963 1142 aﬁ‘ectu
3005 1085 3251 1156 piissimo
3289 1093 3343 1140 et
3397 1085 3639 1140 divinam
3697 1085 3844 1141 circa

2229 1174 2442 1246 regiam
2471 1173 2708 1246 gloriam
2739 1181 2978 1230 vestram
3005 1173 3274 1230 habebitis
3301 1173 3620 1242 adjutricem
3639 1182 3698 1228 et
3717 1173 3840 1245 pla-

2231 1263 2462 1318 cabilem
2490 1262 2847 1332 majestatem,
2879 1269 2930 1318 et
2979 1262 3200 1334 dignam
3249 1278 3357 1318 non
3405 1261 3582 1318 solum
3625 1263 3686 1317 in
3735 1263 3840 1319 hoc

2231 1351 2453 1417 saeculo,
2495 1351 2593 1406 sed
2621 1351 2786 1405 etiam
2834 1351 2890 1405 in
2934 1350 3146 1407 caelesti
3200 1351 3548 1422 postmodum
3605 1351 3840 1424 regione

2231 1439 2642 1495 retributionem
2692 1439 2884 1510 procul
2933 1439 3098 1495 dubio
3144 1439 3434 1510 recipietis.
3490 1440 3648 1509 Quod
3703 1455 3840 1497 vero

522 1536 577 1584 et
604 1529 759 1599 pacis
802 1528 1188 1585 ecclesiasticae
1234 1545 1332 1600 per
1379 1537 1619 1586 vestrum
1665 1538 1942 1587 certamen
1993 1530 2130 1588 eﬁ'e-
2228 1528 2547 1594 mandastis,
2581 1536 2638 1583 ut
2665 1527 3014 1584 marchiones
3043 1529 3210 1584 vestri
3238 1529 3328 1600 qui
3373 1529 3521 1585 circa
3567 1544 3672 1585 nos
3717 1529 3831 1585 exi-

522 1625 670 1674 ctum
699 1617 960 1683 obtineat,
992 1625 1260 1690 quatenus
1289 1618 1480 1674 eadem
1527 1619 1776 1675 Ecclesia
1826 1620 1946 1687 Dei,
1998 1637 2130 1692 pro-
2229 1624 2397 1684 stunt,
2427 1617 2496 1672 ad
2524 1616 2898 1672 defensionem
2929 1616 3299 1672 necessariam
3322 1617 3695 1690 peragendam
3725 1633 3831 1674 no-

521 1705 642 1777 prio
685 1715 910 1778 recepto
956 1713 1197 1778 pastore,
1249 1706 1399 1762 salva
1445 1707 1502 1762 in
1545 1708 1798 1764 omnibus
1849 1717 1902 1764 et
1949 1711 2128 1782 quieta
2157 1715 2210 1775 Β
2233 1705 2439 1762 hiscum
2497 1706 2702 1777 pariter
2738 1705 3018 1762 decertare
3082 1706 3419 1772 debuissent,
3488 1707 3591 1762 hoc
3649 1715 3830 1762 autem

519 1794 802 1850 consistat.
836 1795 970 1850 Data
1000 1795 1091 1850 die
1121 1799 1191 1852 20
1228 1795 1435 1852 mensis
1464 1796 1628 1864 Junii,
1662 1797 1957 1854 indictione
2005 1814 2130 1855 xm.

568 2032 639 2072 AD
669 2033 1068 2075 TllEODORICUI
1099 2034 1577 2076 ARCHIEPISCOPUI
1625 2037 2089 2080 BISUNTINENSEM.

1159 2110 1339 2179 (Anno
1370 2111 1518 2180 880.)

527 2195 825 2268 Signiﬁcat
853 2213 911 2252 se
941 2197 1007 2252 de
1037 2199 1216 2269 ipsius
1246 2215 1420 2254 causa
1442 2199 1636 2256 Carolo
1649 2201 1769 2273 regi
1786 2202 2076 2275 scripsisse
2109 2223 2127 2270 ;

597 2301 664 2340 ac
695 2285 764 2340 de
793 2285 1126 2359 Hieronymo
1165 2287 1418 2360 episcopo
1440 2288 1809 2346 Laudunensi
1841 2291 2124 2358 hortatur,

603 2378 670 2428 ut
699 2374 972 2446 adjuvare
1003 2375 1172 2431 illum
1203 2377 1452 2433 studeat.

595 2462 1076 2518 Reverendissimo
1107 2471 1160 2519 et
1190 2465 1533 2521 sanctissimo
1563 2467 1924 2523 THBODORICO
1949 2469 2126 2525 archi-

527 2550 788 2622 episcopo
823 2560 1022 2608 sanctm
1053 2551 1518 2625 Chrysopolitanaa
1559 2555 1840 2613 Ecclesiae.

545 2655 551 2664 ‘
595 2641 700 2695 Pro
733 2648 808 2696 tot
837 2648 892 2696 et
918 2641 1081 2696 tantis
1107 2643 1608 2712 perturbationibus
1647 2653 1699 2700 et
1729 2645 2126 2702 calamitatibus

520 2743 658 2801 quas
689 2729 760 2784 ab
793 2729 992 2802 iniquis
1021 2737 1075 2785 et
1103 2731 1280 2786 Deum
1303 2746 1414 2787 non
1445 2731 1760 2788 timentibus
1787 2734 1920 2790 viris
1942 2736 2126 2791 Eccle-

524 2816 661 2872 siam
707 2817 802 2872 tibi
848 2817 1194 2874 commissam
1245 2820 1484 2892 quotidie
1531 2820 1640 2892 pati
1691 2823 1887 2877 vestris
1935 2823 2124 2879 litteris

523 2904 885 2961 referentibus
915 2907 1285 2980 agnoscimus,
1335 2908 1628 2979 plurimum
1671 2911 2026 2967 condolemus
2071 2922 2124 2968 et

521 3009 822 3067 congruum
869 2995 1136 3066 cupimus,
1197 2997 1312 3052 Deo
1359 2996 1591 3067 favente,
1661 2999 1816 3054 vobis
1880 3001 2122 3072 praebere

523 3081 791 3150 solatium,
843 3093 1110 3156 quatenus
1176 3086 1323 3140 sedis
1362 3095 1557 3143 vestrae
1619 3088 1864 3161 vigorem
1939 3091 2119 3162 pristi-
2149 3079 2200 3142 C

521 3187 652 3227 num
705 3171 1024 3228 indiminuto
1082 3173 1203 3242 jure
1287 3173 1518 3230 feliciter
1587 3177 1898 3233 obtineatis.
1985 3180 2122 3234 Nam

524 3259 725 3316 dilecto
783 3275 849 3316 ac
900 3261 1136 3332 spiritali
1195 3261 1306 3317 filio
1361 3273 1550 3320 nostro
1609 3265 1805 3320 Carolo
1878 3266 2122 3340 glorioso

522 3348 638 3420 regi
704 3364 802 3419 pro
868 3358 973 3405 tuae
1037 3366 1202 3406 causa
1295 3351 1538 3406 utilitatis
1629 3369 1836 3426 proque
1925 3365 2122 3413 vestrae

520 3436 698 3508 plebis
729 3437 905 3492 salute
946 3439 1325 3512 suggessimus
1359 3459 1372 3506 ;
1415 3449 1472 3495 ut
1513 3457 1614 3512 pro
1671 3458 1858 3499 amore
1916 3444 2014 3500 Dei
2069 3453 2121 3501 et

519 3533 728 3592 nostro,
761 3541 861 3581 suo
891 3542 987 3582 vos
1047 3527 1246 3582 auxilio
1293 3543 1357 3584 ac
1405 3528 1722 3586 defensione
1767 3531 1821 3586 in
1866 3533 2120 3588 omnibus

518 3621 750 3681 tueatur,
783 3623 836 3670 et
867 3616 935 3670 de
963 3614 1048 3669 his
1077 3617 1168 3687 qui
1199 3633 1289 3672 res
1319 3617 1582 3675 Ecclesiae
1613 3628 1810 3676 vestrae
1857 3621 2119 3679 invadere

518 3712 1007 3774 praesumpserunt,
1049 3704 1310 3774 justitiam
1355 3706 1535 3762 facere
1573 3707 1848 3780 dignetur,
1919 3727 2119 3784 resque

520 3791 670 3862 ipsas
701 3791 801 3845 sub
832 3791 1140 3864 integritate
1171 3793 1326 3848 vobis
1357 3795 1567 3849 restitui
1607 3795 1816 3864 jebeat.
1874 3799 1980 3854 Vos
2031 3809 2116 3855 ta-

519 3895 666 3948 men,
698 3895 850 3935 more
875 3878 1003 3935 boni
1031 3876 1282 3952 pastoris,
1316 3881 1452 3938 sicut
1477 3882 1531 3937 in
1557 3885 1834 3956 prosperis
1863 3887 2112 3954 humiles,

517 3967 594 4022 ita
623 3983 840 4040 quoque
871 3967 925 4023 in
953 3967 1200 4026 adversis
1250 3969 1419 4027 fortes
1461 3971 1695 4040 existite,
1748 3983 1802 4029 ut
1853 3977 2116 4047 populum

515 4055 735 4112 Domini
764 4056 860 4112 tibi
902 4058 1252 4118 commissum
1295 4077 1396 4132 pro
1418 4061 1686 4118 malorum
1745 4063 2110 4132 infestatione,

514 4161 676 4218 quam
731 4145 994 4217 patimini,
1045 4156 1262 4206 strenue
1307 4167 1496 4223 regere
1533 4169 1642 4208 non
1687 4153 1964 4210 omittatis.
2007 4151 2112 4212 Pro

516 4233 636 4305 ipso
667 4234 828 4296 etiam
858 4235 1190 4309 Hieronymo
1221 4240 1480 4311 episcopo
1523 4241 1702 4297 eidem
1746 4243 1868 4317 regi
1913 4243 2112 4300 direxi-

511 4337 634 4378 mus
698 4331 756 4378 ut
821 4324 1228 4382 Lausanensem
1285 4328 1659 4398 episcopatum
1714 4331 1791 4386 illi
1853 4332 2110 4389 divinitus

515 4425 860 4478 concessum,
894 4421 946 4467 et
988 4423 1181 4470 nostra
1227 4416 1532 4486 apOstolica
1574 4420 1894 4476 auctoritate
1935 4422 2108 4496 largi-
2137 4435 2192 4498 ι)

512 4506 645 4562 tum.
680 4500 947 4556 securiter
993 4503 1189 4557 amodo
1235 4503 1472 4559 retinere
1517 4507 1810 4576 permittat.
1863 4511 1930 4565 Et
1993 4511 2118 4568 ideo

512 4596 694 4644 vestra
721 4587 1029 4644 fraternitas
1059 4606 1182 4645 eum
1211 4590 1268 4644 in
1318 4591 1421 4647 hoc
1468 4592 1725 4661 adjuvare
1766 4613 1864 4667 pro
1913 4598 2118 4656 viribus

514 4691 626 4732 non
653 4677 1046 4747 praetermittat.
1081 4679 1216 4733 Data
1259 4679 1347 4733 die
1395 4684 1464 4736 20
1504 4683 1709 4737 mensis
1749 4685 1913 4754 Junii,
1969 4688 2114 4743 indi-

521 4764 700 4820 ctione
730 4780 853 4820 xui.

1207 4877 1462 4933 CCXCII.

1009 4977 1082 5016 AD
1121 4980 1374 5022 οΑιιοιυιι
1413 4983 1620 5024 REGEI.

1145 5058 1325 5123 (Anno
1355 5060 1501 5129 880).

518 5139 882 5214 Contmendat
909 5144 1030 5211 ejus
1067 5159 1194 5214 erga
1229 5147 1536 5202 Romanam
1571 5149 1874 5205 Ecclesium
1921 5152 2107 5207 obser-

581 5211 839 5265 vantiam
870 5217 1067 5284 ;rogat
1099 5211 1163 5270 ut
1197 5216 1447 5288 legatum
1476 5218 1581 5272 sibi
1633 5221 1856 5276 auxilio
1885 5223 2104 5277 mittat.

582 5315 789 5370 Dilecto
822 5333 882 5371 ac
911 5318 1134 5388 spiritali
1164 5319 1272 5378 filio
1303 5323 1526 5378 ΟΑιιοιιο
1559 5325 1800 5398 glorioso
1833 5326 1969 5400 regi.

579 5404 898 5476 Multiplices
929 5408 1097 5480 regite
1127 5411 1484 5484 magnitudini
1534 5422 1726 5470 vestra:
1777 5415 1859 5470 his
1905 5418 2105 5474 nostris

511 5494 822 5564 apostolicis
857 5495 1046 5550 litteris
1079 5499 1281 5563 gratias
1312 5501 1526 5569 agimus
1585 5519 1682 5572 pro
1741 5514 1919 5558 vestra
1999 5515 2102 5560 tam

2231 1794 2348 1850 sine
2401 1803 2595 1850 vestrae
2641 1794 2944 1864 majestatis
2985 1795 3294 1866 praesentia,
3345 1795 3431 1849 vel
3471 1796 3592 1851 sine
3645 1795 3832 1852 idonei

2229 1883 2504 1954 optimatis
2534 1883 2719 1944 vestri.
2751 1883 2900 1938 nullo
2929 1884 3094 1939 modo
3150 1884 3290 1940 sicut
3333 1892 3546 1955 oportet
3591 1885 3836 1956 proderit

2229 1971 2406 2042 nobis,
2441 1988 2507 2029 eo
2538 1971 2686 2044 quod
2716 1972 2820 2044 ipsi
2849 1973 3191 2028 marchiones
3218 1973 3468 2030 homines
3497 1973 3565 2030 de
3595 1973 3832 2030 civitati-

2229 2060 2330 2116 bus
2361 2069 2415 2117 et
2444 2060 2679 2132 pr0priis
2708 2059 2906 2116 finibus
2964 2061 3182 2130 nostris,
3243 2077 3367 2117 cum
3423 2061 3620 2133 quibus
3675 2063 3834 2118 terri-

2228 2149 2425 2206 torium
2474 2149 2646 2205 sancti
2689 2149 2835 2205 Petri
2875 2158 3188 2221 poteramus
3235 2150 3368 2206 satis
3414 2148 3732 2220 defendere,
3775 2151 3832 2206 in

2227 2253 2328 2294 suo
2372 2237 2594 2293 assiduo
2645 2237 2864 2293 servitio
2909 2239 3128 2306 habent,
3181 2246 3234 2292 et
3283 2238 3575 2310 nonnullos
3634 2254 3824 2295 eorum

2225 2326 2466 2398 potentia
2495 2342 2592 2381 sua
2620 2325 2937 2394 defendunt,
2971 2335 3026 2382 et
3053 2326 3128 2381 ita
3156 2325 3476 2398 impediunt,
3499 2335 3557 2382 ut
3583 2335 3828 2383 nostrum

2225 2415 2503 2470 servitium
2543 2415 2838 2472 secundum
2905 2415 3237 2471 voluntatem
3303 2426 3544 2472 nostram
3605 2417 3828 2472 minime

2227 2503 2498 2576 perﬁcere
2527 2505 2760 2561 valeant.
2795 2505 2952 2560 Unde
2978 2520 3264 2576 precamur
3309 2505 3686 2561 excellentiam
3737 2522 3828 2561 ves

2227 2601 2396 2648 stram
2427 2601 2484 2649 ut
2511 2610 2613 2664 pro
2660 2608 2849 2649 amore
2895 2593 2994 2648 Dei
3050 2601 3103 2648 et
3147 2593 3414 2666 principis
3457 2595 3826 2666 apostolorum

2224 2683 2452 2750 honore,
2489 2681 2654 2738 talem
2684 2681 2843 2738 nobis
2877 2681 2947 2738 de
2974 2682 3230 2754 praesenti
3277 2683 3502 2738 missum
3557 2683 3821 2755 dirigatis,

2223 2786 2349 2827 cum
2378 2787 2486 2843 quo
2517 2787 2613 2842 per
2643 2779 2836 2826 vestrae
2864 2771 3198 2827 auctoritatis
3225 2772 3542 2842 potentiam,
3589 2787 3657 2826 ea
3697 2788 3820 2844 qua

2224 2868 2424 2916 sancta:
2457 2859 2554 2914 Dei
2583 2859 2846 2915 Ecclesia:
2876 2868 2929 2915 et
2958 2860 3116 2915 nobis
3135 2859 3428 2931 pertinent,
3448 2861 3820 2916 incunctanter

2223 2947 2500 3003 valeamus
2529 2949 2816 3018 perficere,
2847 2957 3116 3019 quatenus
3157 2949 3382 3004 eosdem
3427 2949 3674 3004 homines
3715 2965 3818 3005 no-

2221 3044 2385 3102 stros,
2417 3036 2507 3108 qui
2537 3036 2694 3091 nobis
2723 3037 2915 3091 sublati
2944 3045 3085 3104 sunt,
3119 3037 3445 3092 omnimodis
3475 3037 3815 3108 recipiamus.

2224 3133 2278 3179 ut
2326 3125 2504 3180 omnis
2536 3125 2711 3180 honor
2741 3133 2793 3180 et
2822 3125 2977 3196 vigor
3024 3133 3226 3181 sanctae
3255 3126 3510 3181 Romana:
3563 3126 3822 3182 Ecclesia:

2221 3213 2418 3269 vestris
2447 3213 2638 3269 diebus
2667 3213 2722 3268 in
2751 3213 3003 3269 omnibus
3031 3214 3246 3284 integer
3290 3223 3582 3279 accrescat,
3635 3223 3688 3270 et
3734 3215 3815 3270 in-

2219 3301 2518 3357 diminutus
2560 3311 2910 3374 permaneat,
2971 3303 3222 3374 quoniam
3281 3302 3451 3374 ipsius
3526 3304 3697 3359 honor
3768 3313 3819 3359 et

2219 3391 2494 3457 exaltatio,
2555 3400 2738 3447 vestra
2797 3393 2886 3448 hic
2923 3400 2976 3446 et
3013 3391 3068 3446 in
3107 3399 3367 3447 aeternum
3423 3401 3504 3447 est
3563 3393 3710 3448 salus
3765 3401 3817 3448 et

2219 3479 2414 3552 gloria.
2448 3481 2586 3535 Nam
2617 3489 2670 3536 et
2699 3497 2798 3536 nos
2829 3496 2896 3536 ea
2924 3497 3046 3553 quae
3087 3490 3281 3536 vestrae
3332 3481 3527 3554 gloriae
3574 3479 3819 3552 proficua

2220 3577 2361 3637 sunt,
2417 3569 2775 3625 libentissime
2829 3567 3096 3640 perficere
3151 3569 3416 3640 cupimus,
3492 3579 3545 3626 et
3617 3571 3816 3626 nostris

2219 3657 2454 3713 assiduis
2483 3658 2734 3728 precibus
2761 3675 2860 3714 vos
2889 3658 3122 3714 Domino
3151 3659 3555 3726 commendare,
3599 3668 3818 3730 aposto—

2217 3746 2392 3802 lorum
2440 3746 2869 3820 suffragantibus
2924 3748 3152 3814 meritis,
3213 3764 3427 3818 semper
3483 3748 3805 3822 satagimus.

2216 3835 2344 3891 Haec
2377 3835 2560 3909 itaque
2579 3852 2678 3908 pro
2705 3836 2933 3893 utilitate
2961 3845 3161 3893 sanctae
3189 3836 3451 3893 Ecclesiae
3496 3838 3660 3894 modo
3702 3836 3814 3893 ﬁeri

2214 3925 2468 3995 petimus,
2503 3933 2560 3980 ut
2589 3941 2714 3981 cum
2745 3933 2984 3982 vestrum
3015 3925 3312 3998 gloriosum
3363 3925 3678 3993 adventum,
3733 3925 3816 3981 fa-

2213 4021 2372 4070 vente
2403 4013 2656 4081 Domino,
2688 4013 3154 4086 conspexerimus,
3187 4021 3377 4085 optata
3407 4022 3461 4070 et
3490 4015 3696 4087 ingenii
3724 4031 3817 4086 pa-

2213 4101 2346 4158 riter
2372 4101 2560 4158 ltetitia
2589 4102 2831 4159 exultare
2891 4102 3184 4159 valeamus.
3234 4103 3373 4158 Data
3420 4103 3509 4158 die
3552 4107 3620 4160 23
3665 4119 3814 4160 men-

2211 4191 2288 4246 sis
2314 4191 2474 4258 Junii,
2507 4190 2800 4248 indictione
2864 4207 2983 4248 xui.

2899 4280 3176 4336 CCXCIII.

2571 4367 2642 4405 AD
2671 4366 3144 4406 SFENTOPULCBUI
3190 4367 3454 4408 COIITBI.

2855 4442 3034 4509 (Anno
3052 4441 3204 4508 880.)

2223 4528 2559 4601 Gratulatur
2579 4529 2646 4586 de
2667 4531 2789 4601 ejus
2807 4533 2866 4584 et
2879 4529 3229 4586 subditorum
3269 4531 3428 4586 illius
3459 4530 3810 4601 obseruantia

2287 4616 2418 4672 ergo
2455 4599 2642 4686 sedem
2676 4599 3062 4686 apostolicam,
3110 4602 3314 4686 recipit
3369 4617 3458 4686 eos
3524 4601 3587 4656 in
3645 4600 3810 4686 ﬁdem

2287 4619 2418 4672 ergo
2455 4619 2642 4656 seaem
2676 4619 3062 4686 aposroncam,
3110 4619 3314 4726 remitti
3369 4619 3458 4657 eos
3524 4619 3587 4656 ιη
3645 4619 3806 4669 pacm

2285 4687 2481 4754 s_uam:
2503 4670 2750 4754 ostendit
2774 4671 3110 4754 Methodium
3129 4689 3226 4727 are
3271 4673 3610 4754 iepiscopum
3629 4672 3806 4754 ortho-

2284 4741 2494 4798 doxam
2512 4742 2682 4815 ﬁdem
2694 4743 2876 4813 fuisse
2895 4745 3250 4815 professum;
3275 4741 3436 4814 cujus
3449 4741 3589 4815 jura
3611 4746 3668 4797 et
3684 4744 3807 4815 pri-

2284 4815 2486 4885 uilegia
2507 4813 2832 4885 conﬁrmat,
2857 4813 3094 4885 eumque
3111 4813 3184 4868 ad
3203 4829 3292 4869 eos
3311 4813 3582 4885 regendos
3601 4813 3803 4868 mittit.

2284 4884 2564 4956 Nitrensis
2587 4884 2850 4956 Ecclesia:
2871 4884 3191 4955 episcopum
3220 4884 3609 4940 consecratum
3627 4885 3808 4956 signi-

2281 4954 2436 5040 ﬁcat,
2457 4959 2514 5010 et
2530 4956 2715 5040 alium
2735 4954 2808 5040 ad
2824 4971 2882 5040 se
2903 4954 3026 5010 uult
3047 4954 3223 5040 mitti,
3281 4971 3442 5040 quem
3479 4956 3585 5039 alii
3630 4954 3798 5040 eccle-

2281 5029 2380 5082 sia:
2399 5026 2676 5098 prwﬁciat
2693 5026 2875 5095 :iubet
2893 5027 3123 5082 omnesi
3165 5029 3214 5082 si
3246 5026 3658 5099 archiepiscopo
3679 5028 3803 5082 obe-

2280 5097 2402 5169 dire
2425 5117 2442 5164 ;
2465 5098 2720 5154 concedit
2741 5101 2807 5153 ut
2825 5097 3018 5154 divina
3047 5045 3230 5167 officia
3258 5098 3584 5154 Sclavonica
3615 5098 3807 5169 lingua

2279 5168 2514 5223 recitari
2563 5169 2800 5239 possint,
2861 5169 3156 5224 dummodo
3210 5169 3574 5239 Evangelium
3603 5168 3806 5223 Latina

2278 5239 2441 5310 prius
2461 5239 2756 5295 recitetur.

2281 5327 2491 5383 Dilecto
2522 5326 2632 5384 filio
2665 5329 3101 5384 Sranroruacao
3127 5329 3372 5402 glorioso
3393 5328 3593 5386 comiti.

2279 5415 2566 5472 Industrite
2597 5426 2700 5473 tua:
2730 5426 2915 5474 notum
2945 5435 3067 5475 esse
3100 5419 3352 5475 volumus
3384 5419 3660 5492 quoniam,
3687 5434 3807 5476 conc

2209 5504 2372 5560 fratre
2393 5514 2578 5560 nostro
2611 5507 2880 5562 Methodio
2915 5509 3376 5562 reverendissimo
3400 5508 3805 5579 archiepiscopo
