4086 6342
223 324 331 378 905

1405 320 1762 378 EPISTOLJE
1792 320 1882 375 ET
1936 321 2282 379 DECRETA.

3426 327 3531 382 906

229 453 433 502 sancta:
448 445 709 502 Ecclesiae
728 445 1067 503 Moravensis
1086 461 1196 501 una
1211 462 1336 502 cum
1357 446 1657 502 Semisisno
1678 444 1823 501 ﬁdeli
1853 446 1909 506 A
1931 447 2176 504 similiter
2221 449 2277 503 in
2323 448 2426 503 alia
2472 449 2737 518 Ecclesia,
2784 424 2865 504 in.
2887 466 2995 522 qua
3021 418 3396 522 Episcopalem
3425 465 3524 505 ve-

228 544 323 591 tuo
351 535 419 590 ad
456 534 643 590 limina
677 542 989 592 sanctorum
1019 535 1393 606 apostolorum
1427 534 1567 590 Petri
1597 543 1649 590 et
1677 534 1832 589 Pauli

228 631 583 696 nostramque
612 622 979 694 pontiﬁcalem
1001 624 1348 695 praesentiam
1382 623 1655 690 veniente,
1675 630 1831 694 atque

230 726 486 768 sermone
517 711 737 768 lucifluo
765 711 1058 777 referente,
1091 712 1381 769 didicimus
1403 720 1509 768 tuas
1529 711 1831 767 devotionis

232 800 619 866 sinceritatem,
665 808 717 855 et
765 801 930 856 totius
977 801 1165 872 pepuli
1194 802 1271 855 tui
1302 800 1650 866 desiderium,
1686 800 1830 871 quod

232 889 381 945 circa
430 889 618 944 sedem
659 888 1014 960 apostolicam
1061 897 1115 945 et
1162 896 1405 944 nostram
1449 888 1831 960 paternitatem

233 978 462 1033 habetis.
494 978 650 1046 Nam,
696 977 877 1032 divina
921 978 1102 1050 gratia
1148 977 1466 1048 inspirante,
1507 976 1830 1048 contemptis

231 1065 356 1121 aliis
383 1066 564 1122 saeculi
590 1066 750 1135 hujus
779 1066 1131 1136 principibus,
1182 1067 1397 1121 beatum
1445 1067 1660 1120 Petrum
1691 1080 1829 1136 apo—

233 1153 411 1210 stolici
438 1154 646 1208 ordinis
687 1153 988 1224 principem
1030 1154 1408 1225 vicariumque
1454 1154 1598 1208 illius
1626 1153 1829 1208 habere

233 1252 524 1313 patronum
552 1250 605 1297 et
633 1242 689 1296 in
729 1241 981 1297 omnibus
1021 1242 1326 1312 adjutorem
1369 1258 1433 1298 ac
1480 1241 1829 1297 defensorem

232 1331 433 1401 pariter
478 1346 601 1386 cum
646 1330 919 1385 nobilibus
965 1329 1096 1386 viris
1139 1328 1392 1385 ﬁdelibus
1436 1330 1560 1401 tuis,
1607 1338 1660 1385 et
1704 1346 1829 1386 cum

233 1420 382 1474 omni
410 1419 610 1490 p0pulo
638 1426 796 1474 terra
826 1426 931 1473 tua;
959 1434 1148 1474 amore
1171 1418 1488 1474 ﬁdelissimo
1510 1418 1742 1490 elegisti,
1776 1426 1830 1474 et

235 1524 409 1579 usque
437 1508 504 1562 ad
533 1505 696 1562 ﬁnem
725 1507 828 1562 sub
857 1507 1028 1578 ipsius
1057 1515 1111 1562 et
1149 1507 1329 1563 vicarii
1363 1508 1479 1576 ejus
1510 1506 1828 1563 defensione

233 1596 376 1652 colla
404 1595 744 1661 submittens,
777 1595 868 1666 pio
886 1594 1083 1651 affectu
1112 1596 1285 1666 cupis,
1317 1596 1609 1651 auxiliante
1636 1595 1824 1651 Domi-

1931 544 2095 592 stram
2125 538 2191 610 (f.
2218 538 2405 593 sedem
2426 539 2511 594 vel
2532 538 2871 610 cathedram)
2892 540 3106 596 noveris
3128 556 3249 595 esse
3271 552 3526 595 necessa-

1929 627 2084 695 riam,
2117 626 2430 682 ordinemus
2479 628 2818 698 episcopum,
2869 635 2926 682 ut
2960 634 3090 683 'cum
3133 628 3216 682 his
3247 627 3460 683 duobus
3492 643 3524 681 a

1929 715 2087 770 nobis
2144 716 2410 771 ordinatis
2460 716 2733 787 episcOpis
2780 715 3035 787 praefatus
3083 717 3524 788 archiepiscopus

1929 810 2128 869 vester,
2155 804 2308 872 juxta
2338 805 2617 860 decretum
2649 804 3028 875 apostolicum,
3053 821 3152 876 per
3178 804 3279 859 alia
3306 804 3447 875 loca,
3469 803 3525 858 in

1931 891 2125 962 quibus
2158 892 2397 963 episcOpi
2419 891 2715 948 honoriﬁce
2731 893 2932 948 debent
2953 901 3004 948 et
3021 901 3249 964 possunt
3266 892 3519 961 existere,

1928 981 2275 1050 postmodum
2305 982 2481 1036 valeat
2511 982 2783 1036 ordinare.
2829 982 3185 1053 Presbyteros
3229 996 3378 1047 vero,
3411 980 3522 1034 dia-

1929 1083 2118 1135 conos,
2151 1086 2247 1124 seu
2277 1070 2644 1142 cujuscunque
2687 1068 2894 1126 ordinis
2943 1070 3194 1136 clericos,
3230 1069 3342 1126 sive
3375 1067 3527 1124 Scla-

1928 1172 2045 1224 vos,
2080 1158 2194 1213 sive
2225 1159 2513 1228 cujuslibet
2543 1158 2742 1231 gentis,
2790 1158 2883 1230 qui
2925 1159 3066 1214 intra
3094 1157 3386 1230 provincias
3415 1164 3522 1212 tuae

1926 1242 2063 1300 ﬁnes
2083 1246 2400 1308 consistunt.
2433 1247 2782 1318 przecipimus
2829 1263 2951 1302 esse
2999 1247 3275 1316 subjectos
3305 1253 3355 1302 et
3382 1245 3519 1301 obe-

1927 1333 2138 1389 dientes
2168 1334 2224 1389 in
2253 1336 2504 1391 omnibus
2528 1336 2638 1405 jam
2667 1336 2812 1391 dicto
2843 1334 3101 1391 confratri
3129 1342 3318 1390 nostro
3347 1333 3521 1389 archi-

1928 1419 2186 1490 episcopo
2206 1427 2408 1488 vestro,
2428 1427 2486 1474 ut
2506 1419 2638 1474 nihil
2658 1420 2878 1475 omnino
2899 1427 3092 1491 praeter
3105 1419 3222 1489 ejus
3237 1419 3522 1476 conscien-

1929 1507 2057 1562 tiam
2103 1516 2286 1581 agant.
2338 1508 2495 1577 Quod
2542 1509 2607 1575 si,
2654 1516 3005 1564 contumaces
3049 1516 3103 1563 et
3142 1507 3518 1564 inobedientes

1928 1595 2241 1666 existentes,
2294 1597 2612 1652 scandalum
2655 1597 2894 1669 aliquod,
2940 1605 3028 1652 aut
3072 1596 3309 1651 schisma
3338 1595 3521 1652 facere

236 1700 328 1754 no,
358 1692 541 1756 utpote
590 1682 732 1739 ﬁlius
777 1684 1178 1750 devotissimus,
1211 1700 1556 1755 permanere.
1589 1686 1692 1740 Pro
1722 1700 1829 1756 qua
1927 1684 2393 1756 prmsumpserint,
2428 1692 2480 1741 et
2509 1693 2632 1757 post
2661 1686 2894 1756 primam
2926 1692 2978 1741 et
3006 1685 3304 1741 secundam
3331 1684 3521 1740 admo-

237 1773 442 1829 scilicet
494 1781 638 1828 tanta
690 1773 797 1827 ﬁde
843 1789 905 1828 ac
950 1772 1240 1828 devotione
1287 1780 1377 1827 tua
1419 1781 1474 1828 et
1513 1773 1699 1844 populi
1728 1773 1821 1839 tui,
1854 1773 2188 1861 Bnitionem
2221 1790 2280 1830 se
2311 1775 2532 1829 minime
2579 1774 2936 1844 correxerint,
2989 1773 3143 1846 quasi
3189 1773 3520 1828 zizaniorum

238 1861 571 1932 apostolatus
614 1861 789 1916 nostri
831 1860 974 1915 ulnis
1018 1861 1276 1927 extensis,
1322 1869 1375 1916 te
1414 1860 1566 1932 quasi
1606 1861 1827 1917 unicum
1858 1860 1893 1861 ί
1929 1862 2287 1918 seminatores
2315 1863 2383 1917 ab
2413 1862 2660 1918 ecclesiis
2689 1872 2742 1919 et
2770 1862 2968 1918 finibus
2982 1863 3181 1918 vestris
3208 1862 3523 1919 auctoritate

234 1948 407 2005 ﬁlium
435 1964 622 2005 amore
662 1948 873 2022 ingenti
899 1949 1312 2019 amplectimur;
1347 1956 1398 2004 et
1429 1964 1551 2006 cum
1579 1949 1831 2005 omnibus
1929 1960 2117 2007 nostra
2134 1951 2478 2023 praecipimus
2500 1968 2622 2007 esse
2639 1952 2826 2023 procul
2846 1951 3199 2022 abjiciendos,
3222 1952 3523 2007 secundum

234 2037 487 2094 ﬁdelibus
517 2038 620 2093 tuis
647 2037 987 2109 paternitatis
1015 2046 1214 2093 nostra:
1242 2038 1474 2111 gremio,
1506 2037 1670 2093 veluti
1701 2054 1832 2094 oves
1930 2039 2304 2096 auctoritatem
2333 2040 2691 2111 capitulorum
2732 2057 2854 2113 quae
2900 2039 2978 2094 illi
3008 2039 3257 2095 dedimus
3287 2047 3339 2094 et
3366 2037 3523 2094 vobis

237 2126 454 2182 Domini
481 2126 638 2182 nobis
669 2126 1011 2191 commissas,
1044 2125 1602 2198 recipimus,vitaeque
1633 2126 1834 2197 pabulo
1931 2128 2246 2183 direximus.
2280 2129 2510 2184 Litteras
2541 2129 2777 2200 denique
2808 2128 3172 2195 Sclavonicas,
3207 2144 3237 2182 a
3265 2128 3528 2183 Constan-

239 2215 506 2272 clemente
561 2215 768 2270 nutrire
823 2222 1096 2285 optamus,
1146 2222 1309 2286 atque
1353 2214 1553 2269 nostris
1600 2214 1834 2269 assiduis
1934 2217 2045 2272 tino
2075 2217 2311 2288 quodam
2339 2217 2665 2288 phi1030pho
2688 2224 2947 2288 repertas,
2973 2217 3168 2288 quibus
3188 2217 3305 2271 Deo
3337 2214 3528 2270 laudes

237 2305 489 2376 precibus
517 2303 873 2374 omnipotenti
902 2311 954 2358 te
985 2303 1216 2359 Domino
1245 2304 1630 2359 commendare
1661 2303 1840 2358 stude-
1934 2304 2115 2359 debite
2145 2314 2417 2376 resonent,
2447 2306 2567 2375 jure
2597 2306 2912 2372 laudamus;
2956 2314 3009 2359 et
3038 2304 3093 2358 in
3123 2303 3312 2360 eadem
3341 2303 3529 2375 lingua

240 2409 358 2448 mus
393 2410 407 2446 :
439 2400 726 2465 quatenus,
778 2399 1091 2447 sanctorum
1136 2392 1511 2462 apostolorum
1535 2390 1837 2464 suﬁ'ragan-
1936 2393 2135 2449 Christi
2164 2394 2379 2450 Domini
2411 2394 2582 2450 nostri
2614 2393 2886 2465 praeconia
2915 2401 2968 2449 et
2997 2409 3159 2464 opera
3189 2400 3246 2447 ut
3266 2407 3528 2447 enarran-

239 2481 385 2536 tibus
413 2481 642 2547 meritis,
674 2488 728 2535 et
754 2481 809 2534 in
838 2481 943 2536 hoc
974 2480 1174 2535 saeculo
1202 2480 1436 2536 adversa
1465 2480 1647 2535 omnia
1677 2496 1840 2551 supe-

241 2586 388 2636 rare,
421 2578 474 2625 et
501 2570 557 2625 in
585 2569 793 2625 caelesti
827 2569 1172 2640 postmodum
1219 2569 1446 2642 regione
1473 2585 1595 2624 cum
1625 2568 1839 2624 Christo

244 2660 360 2714 Deo
384 2665 570 2714 nostro
614 2658 800 2713 valeas
845 2657 1193 2728 triumphare.
1243 2657 1415 2730 Igitur
1450 2659 1594 2712 hunc
1624 2658 1838 2711 Metho-

247 2747 397 2803 dium
427 2746 795 2803 venerabilem
827 2746 1302 2817 archiepiscopum
1329 2753 1567 2802 vestrum
1599 2745 1838 2800 interro-

246 2837 496 2910 gavimus
524 2852 706 2892 coram
736 2835 928 2906 positis
958 2834 1218 2889 fratribus
1240 2835 1441 2890 nostris
1472 2834 1763 2905 episcOpis,
1795 2833 1843 2888 si

247 2925 565 2981 orthodoxae
596 2922 719 2979 ﬁdei
750 2923 1056 2994 symbolum
1086 2923 1157 2977 ita
1189 2923 1457 2989 crederet,
1493 2931 1545 2977 et
1574 2922 1716 2976 inter
1747 2937 1841 2976 sa-

250 3028 342 3069 cra
367 3012 659 3067 missarum
690 3011 952 3066 solemnia
984 3018 1224 3073 caneret,
1260 3011 1417 3065 sicuti
1450 3018 1696 3065 sanctam
1728 3011 1844 3065 Ro-

244 3117 464 3157 manam
493 3100 792 3157 Ecclesiam
824 3107 1029 3167 tenere,
1069 3108 1123 3155 et
1170 3099 1225 3153 in
1265 3100 1469 3155 sanctis
1496 3115 1591 3153 sex
1617 3099 1842 3153 univer-

248 3191 449 3245 salibus
482 3188 705 3261 synodis
733 3205 766 3244 a
796 3189 999 3244 sanctis
1045 3188 1313 3254 Patribus,
1349 3188 1648 3243 secundum
1680 3203 1845 3242 evan-

248 3279 477 3353 gelicam
509 3278 707 3333 Christi
755 3278 855 3332 Dei
897 3277 1067 3332 nostri
1107 3276 1497 3344 auctoritatem,
1534 3276 1848 3348 promulga-

249 3375 363 3423 tum
390 3376 552 3440 atque
582 3366 834 3421 traditum
865 3373 1095 3421 constat.
1130 3365 1226 3420 Ille
1258 3372 1434 3420 autem
1454 3364 1737 3435 professus
1768 3371 1849 3419 est

248 3473 309 3512 se
322 3457 472 3527 juxta
488 3455 863 3529 evangelicum
888 3463 941 3510 et
961 3454 1320 3525 apostolicam
1341 3453 1665 3518 doctrinam,
1692 3452 1850 3508 sicuti

250 3553 434 3601 sancta
463 3546 704 3601 Romana
753 3543 999 3599 Ecclesia
1042 3544 1221 3609 docet,
1251 3551 1304 3597 et
1335 3559 1365 3595 a
1399 3541 1643 3613 patribus
1676 3541 1848 3596 tradi-

251 3641 363 3690 tum
392 3642 494 3701 est,
530 3641 715 3688 tenere
746 3641 798 3687 et
822 3632 1076 3703 psallere.
1109 3633 1223 3686 Nos
1253 3639 1435 3686 autem
1466 3631 1618 3684 illum
1648 3631 1702 3684 in
1734 3646 1849 3685 om-

249 3724 409 3779 nibus
457 3721 844 3779 ecclesiasticis
886 3720 1150 3776 doctrinis
1197 3728 1251 3775 et
1298 3719 1615 3774 utilitatibus
1661 3719 1849 3774 ortho-

249 3812 450 3868 doxum
480 3819 532 3866 et
560 3809 864 3882 proﬁcuum
906 3826 1028 3864 esse
1073 3809 1425 3879 reperientes,
1470 3808 1627 3864 vobis
1655 3808 1850 3863 iterum

250 3901 321 3956 ad
350 3900 644 3974 regendam
666 3899 1011 3955 commissam
1039 3898 1141 3952 sibi
1174 3897 1479 3953 Ecclesiam
1508 3897 1605 3951 Dei
1639 3895 1851 3950 remisi-

251 4006 395 4058 mus,
429 4005 589 4060 quem
610 3988 775 4043 veluti
796 3995 1074 4059 pastorem
1091 3986 1364 4057 proprium
1381 3994 1435 4040 ut
1456 3986 1624 4058 digno
1644 3986 1853 4039 honore

253 4088 308 4135 et
364 4077 667 4134 reverentia
723 4077 951 4147 laetaque
1008 4083 1191 4131 mente
1248 4074 1521 4144 recipiatis
1572 4074 1849 4142 jubemus,

254 4168 384 4241 quia
410 4175 612 4223 nostra:
640 4165 955 4236 apostolica;
998 4163 1332 4219 auctoritatis
1361 4169 1636 4233 praecepto
1666 4161 1852 4217 archi-

252 4258 596 4329 episcOpatus
626 4255 675 4310 ei
694 4254 1038 4326 privilegium
1067 4250 1529 4315 conﬁrmavimus,
1563 4258 1616 4305 et
1646 4251 1700 4303 in
1729 4265 1854 4321 per-

1935 2489 2044 2548 tur,
2073 2482 2348 2550 jubemus.
2380 2483 2572 2555 Neque
2602 2483 2745 2538 enim
2772 2482 2947 2536 tribus
2978 2488 3202 2547 tantum,
3235 2480 3334 2535 sed
3363 2478 3531 2534 omni-

1936 2571 2041 2625 bus
2068 2570 2270 2642 linguis
2301 2571 2591 2626 Dominum
2622 2570 2843 2626 laudare
2871 2569 3189 2625 auctoritate
3220 2583 3380 2624 sacra
3407 2582 3498 2622 mo

1942 2676 2155 2725 nemur,
2209 2676 2331 2731 qua:
2380 2659 2624 2730 praecipit
2669 2659 2858 2714 dicens
2892 2676 2905 2713 :
2937 2659 3187 2715 Laudate
3207 2657 3530 2723 Dominum,

1940 2765 2133 2805 omnes
2148 2752 2359 2821 gentes,
2376 2752 2431 2804 et
2451 2748 2770 2804 collaudate
2790 2764 2920 2803 eum
2941 2763 3131 2803 omnes
3151 2744 3534 2818 populi(Psal.

1941 2842 2116 2906 cxvr).
2150 2837 2217 2890 Et
2246 2836 2479 2906 apostoli
2532 2836 2721 2906 repleti
2772 2835 2972 2905 Spiritu
3009 2842 3194 2891 sancto
3226 2832 3391 2888 locuti
3422 2838 3546 2887 sunt

1942 2924 2193 2980 omnibus
2222 2924 2423 2996 linguis
2454 2923 2722 2997 magnalia
2752 2923 2852 2978 Dei
2882 2925 3025 2993 (Act.
3047 2922 3129 2995 ιι).
3150 2922 3285 2977 Hinc
3315 2928 3367 2975 et
3397 2920 3543 2974 Pau-

1943 3013 2028 3067 lus
2058 3012 2296 3068 coelestis
2323 3028 2542 3084 quoque
2582 3013 2710 3067 tuba
2755 3012 2988 3080 insonat,
3038 3026 3266 3066 monens
3300 3025 3312 3064 :
3350 3009 3545 3064 Omnis

1950 3103 2143 3173 lingua
2174 3102 2515 3170 conﬁteatur
2541 3103 2672 3173 quia
2700 3103 2972 3157 Dominus
2996 3103 3189 3155 noster
3206 3100 3364 3155 Iesus
3393 3096 3547 3152 Chri-

1949 3194 2071 3245 stus
2098 3190 2161 3243 in
2181 3190 2362 3260 gloria
2382 3193 2470 3245 est
2495 3191 2595 3245 Dei
2624 3190 2815 3244 Patris
2848 3188 3080 3259 (Philip.
3114 3188 3177 3256 ιι)
3222 3187 3302 3241 De
3352 3184 3548 3256 quibus

1949 3277 2110 3333 etiam
2138 3276 2339 3348 linguis
2368 3277 2423 3330 in
2452 3277 2628 3347 prima
2658 3278 2725 3331 ad
2756 3275 3065 3331 Corinthios
3089 3274 3332 3345 Epistola
3349 3273 3477 3327 satis
3497 3278 3551 3326 et

1947 3365 2230 3422 manifeste
2257 3383 2356 3422 nos
2387 3366 2662 3431 admonet,
2716 3374 2983 3437 quatenus
3033 3363 3235 3437 linguis
3261 3362 3548 3433 loquentes

1949 3456 2253 3512 Ecclesiam
2304 3456 2403 3511 Dei
2449 3453 2781 3511 aedificamus
2827 3455 2878 3523 (Ι
2916 3456 3037 3511 Cor.
3084 3451 3228 3523 xw).
3272 3452 3388 3506 Nec
3420 3465 3568 3507 sane.

1948 3543 2073 3600 ﬁdei
2097 3545 2180 3601 vel
2208 3546 2471 3601 doctrinas
2490 3543 2692 3615 aliquid
2710 3544 2890 3598 obstat
2912 3543 3025 3598 sive
3042 3541 3239 3595 missas
3268 3539 3324 3593 in
3354 3539 3549 3593 eadem

1951 3635 2269 3690 Sclavonica
2299 3635 2484 3706 lingua
2514 3649 2730 3696 canere,
2768 3632 2883 3687 sive
2915 3647 3135 3686 sacrum
3165 3628 3547 3701 Evangelium,

1949 3723 2037 3779 vel
2065 3724 2328 3779 lectiones
2359 3722 2571 3778 divinas
2595 3720 2735 3776 Novi
2756 3729 2810 3776 et
2830 3720 3041 3777 Veteris
3057 3717 3384 3774 Testamenti
3410 3717 3549 3772 bene

1952 3812 2240 3867 translatas
2271 3812 2728 3881 ctinterpretatas
2770 3810 2978 3883 legere,
3024 3816 3116 3863 aut
3158 3806 3263 3861 alia
3292 3807 3549 3861 horarum

1951 3899 2125 3956 oﬁicia
2154 3899 2334 3956 omnia
2355 3899 2613 3970 psallere,
2649 3898 2907 3971 quoniam
2928 3896 3018 3969 qui
3043 3895 3168 3952 fecit
3196 3903 3304 3950 tres
3334 3894 3549 3966 linguas

1950 3988 2301 4060 principales,
2334 3989 2623 4043 Hebraeam
2655 3987 2880 4051 scilicet,
2923 3986 3171 4040 Graecam
3201 3992 3253 4039 et
3284 3983 3543 4048 Latinam,

1950 4078 2069 4148 ipse
2099 4077 2300 4133 creavit
2352 4084 2404 4131 et
2452 4076 2589 4130 alias
2640 4091 2830 4130 omnes
2878 4074 2947 4128 ad
2990 4073 3204 4127 laudem
3235 4078 3288 4126 et
3317 4070 3545 4143 gloriam

1952 4181 2125 4219 suam.
2159 4165 2419 4219 Jubemus
2460 4171 2637 4218 tamen
2666 4171 2724 4218 ut
2751 4162 2805 4216 in
2836 4161 3087 4216 omnibus
3113 4158 3359 4215 ecclesiis
3389 4166 3546 4213 terrae

1952 4260 2150 4308 vestrae
2165 4260 2384 4323 propter
2400 4251 2656 4320 majorem
2677 4248 3162 4314 honoriﬁcentiam,
3192 4233 3547 4319 Evangelium

252 4354 496 4419 petuum,
532 4346 647 4400 Deo
671 4345 908 4412 juvante,
945 4341 1157 4396 ﬁrmum
1187 4356 1412 4395 manere
1442 4338 1748 4408 statuimus,
1783 4338 1855 4392 si-
1953 4342 2137 4397 Latine
2193 4342 2427 4414 legatur,
2489 4349 2541 4396 et
2599 4339 2945 4411 postmodum
3002 4336 3316 4393 Sclavonica
3362 4335 3545 4405 lingua

254 4435 366 4492 cuti
411 4442 819 4489 antecessorum
867 4439 1180 4486 nostrorum
1248 4428 1566 4484 auctoritate
1612 4427 1854 4483 omnium
1951 4431 2271 4486 translatum
2303 4430 2359 4484 in
2387 4430 2606 4484 auribus
2634 4428 2817 4499 populi
2848 4427 3034 4482 Latina
3060 4425 3231 4481 verba
3259 4438 3366 4479 non
3397 4421 3548 4476 intel-

252 4522 624 4581 Ecclesiarum
654 4521 755 4576 Dei
778 4521 900 4590 jura
929 4528 981 4575 et
1012 4518 1298 4590 privilegia
1335 4525 1531 4571 statuta
1557 4524 1607 4571 et
1635 4514 1847 4569 ﬁrmata
1874 4511 1929 4572 D
1953 4520 2190 4593 ligentis,
2251 4518 2593 4573 annuntietur
2646 4518 2784 4572 sicut
2836 4516 2890 4570 in
2940 4514 3262 4586 quibusdam
3299 4509 3546 4567 ecclesiis

254 4613 558 4670 consistunt
592 4625 605 4666 :
636 4610 712 4664 ita
740 4625 869 4664 sane
899 4616 956 4663 ut
981 4609 1132 4677 juxta
1162 4606 1480 4662 canonicam
1510 4604 1853 4660 traditionem
1953 4607 2069 4664 ﬁeri
2097 4608 2326 4663 videtur.
2362 4609 2425 4662 Et
2457 4607 2502 4661 si
2530 4606 2626 4661 tibi
2658 4615 2710 4661 et
2733 4605 3006 4674 judicibus
3024 4603 3128 4658 tuis
3144 4602 3319 4672 placet
3346 4599 3544 4654 missas

255 4702 498 4759 omnium
529 4699 874 4771 negotiorum
907 4696 1399 4753 ecclesiasticorum
1439 4710 1624 4750 curam
1655 4693 1854 4748 habeat
1954 4698 2140 4752 Latina
2185 4696 2368 4767 lingua
2410 4695 2585 4768 magis
2632 4694 2838 4763 audire,
2885 4691 3229 4763 praecipimus
3273 4697 3332 4743 ut
3360 4687 3543 4742 Latine

254 4791 396 4863 ipse,
429 4797 482 4845 et
511 4805 573 4844 ea
598 4788 745 4844 velut
792 4789 907 4842 Deo
955 4786 1354 4855 contemplante
1385 4783 1682 4854 dispenset.
1714 4783 1854 4837 Nam
1952 4786 2236 4841 missarum
2296 4785 2390 4839 tibi
2451 4783 2712 4840 solemnia
2766 4783 3129 4838 celebrentur.
3173 4780 3309 4834 Data
3354 4790 3544 4832 mense

256 4879 494 4953 populus
523 4877 740 4933 Domini
766 4876 842 4930 illi
871 4875 1198 4932 commissus
1229 4881 1331 4939 est,
1365 4880 1418 4927 et
1448 4888 1545 4943 pro
1575 4871 1859 4927 animabus
1955 4875 2136 4942 Junio,
2168 4874 2462 4930 indictione
2492 4873 2705 4929 decima
2732 4871 2912 4927 tertia.

260 4985 448 5025 eorum
476 4967 565 5021 hic
593 4966 901 5021 redditurus
947 4964 1049 5019 erit
1091 4963 1352 5018 rationem
1386 4979 1399 5015 :
1430 4960 1606 5031 ipsum
1638 4976 1854 5032 quoque

258 5057 642 5131 presbyterum
663 5055 881 5111 nomine
895 5053 1399 5122 Wichinum,quem
1417 5049 1575 5104 nobis
1592 5048 1852 5115 direxisti,

262 5146 496 5202 electum
525 5143 836 5215 episcOpum
887 5141 1323 5198 consecravimus
1370 5145 1567 5193 sanctae
1596 5136 1857 5193 Ecclesiae

258 5233 548 5299 Nitrensis,
580 5249 740 5304 quem
770 5248 869 5287 suo
898 5230 1308 5300 archiepiscopo
1354 5228 1408 5281 in
1439 5227 1690 5282 omnibus
1719 5226 1858 5281 obe-

266 5324 526 5389 dientem,
560 5321 714 5377 sicuti
746 5320 917 5377 sancti
946 5335 1183 5376 canones
1212 5318 1428 5383 docent,
1448 5332 1571 5371 esse
1581 5316 1856 5384 jubemus,

265 5419 322 5468 et
350 5411 601 5468 volumus
630 5418 688 5465 ut
715 5410 919 5481 pariter
947 5424 1068 5463 cum
1101 5406 1269 5477 ipsius
1316 5403 1709 5475 archiepiscopi
1739 5419 1864 5459 con-

272 5516 439 5556 sensu
485 5507 539 5555 et
582 5499 938 5571 providentia,
986 5497 1213 5551 alterum
1263 5493 1420 5550 nobis
1463 5500 1589 5564 apto
1618 5500 1863 5563 tempore

269 5589 461 5647 utilem
512 5587 896 5662 presbyterum
949 5585 1035 5640 vel
1092 5585 1379 5641 diaconum
1429 5581 1654 5656 dirigas,
1704 5596 1865 5653 quem

597 5703 842 5762 Faraon.
873 5700 1119 5760 CXXVI.

2626 5012 2904 5070 CCXCIV.

2190 5146 2263 5185 AD
2294 5145 2625 5186 LANDULFUH
2653 5143 2960 5184 EPISCOPUM
2990 5139 3319 5182 SURICORUM.

2563 5248 2743 5309 (Anno
2783 5244 2933 5313 s79.)

1967 5364 2233 5435 Objurgat
2263 5361 2403 5434 quod
2424 5361 2714 5416 violaverit
2734 5360 2983 5433 quwipse
3002 5360 3158 5415 inter
3177 5374 3306 5414 eum
3336 5357 3392 5413 et
3413 5353 3562 5411 Lan-

2036 5434 2335 5489 denultum
2357 5433 2689 5489 Capuanum
2709 5433 3027 5489 episcopum
3046 5432 3112 5487 de
3128 5430 3381 5489 frugibus
3402 5429 3558 5483 illius

2036 5430 2335 5503 den'ulju'm
2357 5433 2689 5504 Capuanum
2709 5430 3027 5504 episcopum
3046 5432 3112 5487 de
3127 5430 3381 5502 frugibus
3402 5430 3558 5483 illius

2036 5505 2285 5578 ecclesia:
2313 5503 2664 5578 decreverat;
2693 5505 2954 5578 minatur
2981 5503 3074 5578 illi
3103 5500 3569 5578 excommunica:

2043 5577 2214 5634 tionis
2239 5591 2481 5647 poenam,
2519 5575 2636 5630 nisi
2649 5569 2775 5630 suis
2791 5575 3032 5632 decretis
3046 5575 3253 5646 pareat
3272 5590 3290 5627 :
3312 5569 3574 5642 praecipit

3223 5688 3293 5745 29
