4086 6314
574 278 679 331 907

1814 273 2110 330 JOANNIS
2168 271 2363 327 ΡΑΡΛΕ
2412 271 2555 326 VIII.

3766 266 3873 319 908

632 403 700 455 ut
726 400 777 454 si
804 414 866 471 se
889 377 1095 456 laesum.
1113 400 1350 466 sentiat,
1371 414 1501 455 cum
1518 397 1709 454 eodem
1739 399 1992 471 episcopo
2019 413 2160 453 cau-
2193 398 2251 457 A
2269 393 2574 451 celsitudini
2617 399 2815 449 vestra
2860 391 3040 462 aliqua
3086 391 3411 445 verbotenus
3440 386 3749 443 intimanda
3776 386 3870 442 di-

633 486 758 526 sam
781 470 1041 526 dicturus
1067 471 1140 526 ad
1169 486 1228 527 se
1257 470 1469 526 veniat.

631 565 1111 623 Reverendissimo
1140 573 1193 622 et
1221 564 1566 624 sanctissimo
1586 564 1886 621 LANDULFO
1904 564 2164 637 episcopo

562 653 901 711 Suricorum.

626 739 826 796 Nostra
854 739 922 813 (γ’.
957 739 1126 811 Vera)
1154 739 1415 796 relatione
1443 738 1810 810 comperimus
1832 738 1977 810 quod
2008 737 2161 809 quid-

557 827 689 901 quid
719 836 965 900 tempore
993 828 1425 884 consecrationis
1443 836 1549 884 tua
1563 828 1620 882 in
1649 836 1837 882 nostro
1866 835 2164 898 conspectu

559 917 631 974 de
680 916 930 990 frugibus
975 916 1122 973 illius
1172 916 1418 973 ecclesia
1460 931 1706 988 congrua
1766 916 2163 972 deliberatione

559 1003 734 1062 fuerat
759 1005 901 1061 inter
929 1013 983 1062 te
1011 1014 1063 1061 et
1092 1004 1484 1061 Landenulfum
1507 1007 1826 1076 Capuanum
1847 1004 2162 1077 episcopum

557 1092 864 1161 diﬂinitum,
895 1102 950 1151 tu
976 1095 1184 1165 ingenti
1227 1110 1359 1149 usus
1404 1094 1706 1149 temeritate
1752 1094 2076 1160 violaveris;
2110 1102 2164 1149 et

560 1183 705 1254 quod
733 1198 834 1238 nos
848 1183 1002 1251 juxta
1032 1183 1295 1253 temporis
1325 1183 1640 1254 qualitatem
1667 1182 1947 1238 moderari
1977 1182 2165 1238 decre-

558 1287 830 1341 veramus,
868 1280 922 1326 tu
950 1271 1249 1342 adimplere
1282 1272 1609 1342 neglexeris.
1643 1269 1764 1340 Quo
1794 1271 2163 1339 audito,valde

559 1369 746 1416 noster
800 1360 1015 1415 animus
1073 1368 1157 1415 est
1211 1368 1517 1415 commotus
1568 1361 1711 1432 quod
1760 1368 1871 1415 tam
1902 1361 2163 1415 audacter

557 1456 740 1505 nostra
768 1457 1041 1520 pracepta
1070 1447 1490 1519 parvipenderis
1529 1456 1583 1503 et
1615 1448 1876 1503 terminos
1901 1456 2162 1519 paternos

558 1537 882 1593 excesseris.
903 1536 1251 1608 QuaprOpter
1265 1538 1424 1606 hujus
1442 1538 1614 1591 nostri
1644 1534 1905 1607 pontiﬁcii
1934 1537 2164 1592 auctori-

557 1633 668 1683 tate
696 1627 765 1680 ab
796 1626 1172 1695 hujuscemodi
1203 1634 1255 1680 te
1271 1625 1505 1681 factione
1527 1641 1878 1696 compescere
1896 1625 2156 1692 volentes,

2267 483 2527 539 reximus.
2561 481 2888 555 (Aimoinus,
2925 482 2962 535 l.
2996 494 3052 545 v,
3083 496 3132 536 c.
3167 482 3256 546 39,
3288 479 3384 545 to;
3433 477 3667 550 Regiuo,
3706 476 3748 531 l.
3781 476 3870 547 ιι.)

2265 573 2347 627 De
2376 570 2825 643 Oppressionibus
2868 575 3051 624 autem
3091 567 3406 623 Gracorum
3449 566 3613 636 (sicut
3644 564 3812 620 vobis
3839 581 3872 618 a

2266 661 2587 733 quibusdam
2617 659 2825 715 amulis
2852 657 3052 713 nostris
3081 656 3385 712 nuntiatum
3412 655 3518 726 est)
3533 670 3637 710 nos
3656 653 3873 725 aliquid

2262 750 2414 806 nullo
2466 749 2633 805 modo
2689 749 2920 814 scimus;
2972 746 3019 802 si
3060 761 3190 802 vero
3236 743 3544 801 certissime
3572 743 3866 807 sciremus,

2263 838 2542 895 dilectioni
2573 844 2766 893 vestra
2795 851 2920 893 cum
2948 835 3096 891 omni
3125 834 3414 890 devotione
3441 832 3692 889 celeriter
3719 847 3872 887 nun-

2264 927 2577 995 tiassemus,
2628 925 2881 999 quoniam
2920 925 3020 980 Dei
3067 922 3452 995 omnipotentis
3481 920 3871 993 proculdubio

2262 1016 2618 1088 inspiratione
2649 1023 2702 1071 et
2728 1015 3025 1079 voluntate,
3056 1029 3155 1068 vos
3183 1029 3297 1084 pra
3311 1011 3565 1067 omnibus
3584 1009 3800 1083 eligere
3820 1017 3873 1065 et

2261 1105 2518 1176 inclytum
2548 1104 2603 1159 in
2634 1103 2884 1158 omnibus
2904 1101 3137 1173 negotiis
3158 1108 3360 1156 sancta
3380 1099 3526 1155 sedis
3552 1097 3875 1170 apostolica

2263 1193 2570 1265 nostrisque
2600 1191 2932 1263 profectibus
2960 1198 3246 1262 patronum
3287 1205 3353 1245 ac
3381 1187 3732 1244 defensorem
3765 1187 3871 1241 ha-

2264 1283 2392 1337 bere
2422 1280 2644 1337 omnino
2674 1281 3001 1346 curavimus,
3052 1286 3106 1334 et
3133 1278 3276 1341 ideo,
3308 1277 3421 1332 vita
3448 1276 3664 1341 comite,
3697 1275 3873 1349 longa

2261 1387 2362 1442 per
2391 1379 2632 1442 tempora
2661 1377 2912 1440 Optamus
2931 1367 3235 1439 possidere.
3256 1364 3603 1437 Quapropter
3630 1364 3873 1420 inimicis

2262 1458 2487 1526 nostris,
2520 1474 2658 1531 quos
2686 1458 2845 1513 nobis
2873 1456 3215 1512 adversarios
3256 1462 3312 1510 et
3348 1454 3671 1509 zizaniorum
3701 1454 3871 1509 semi-

2262 1556 2483 1603 natores
2526 1564 2649 1603 esse
2695 1545 3047 1620 cognoscitis,
3100 1560 3285 1600 aurem
3333 1543 3635 1599 clementia
3664 1552 3870 1598 vestra

2261 1638 2572 1693 nullatenus
2628 1634 3068 1692 accommodetis.
3144 1634 3280 1689 Nam
3338 1632 3587 1688 inimicus
3642 1647 3868 1702 semper

558 1714 928 1787 pracipimus,
961 1723 1014 1770 et
1042 1714 1221 1769 modis
1268 1714 1520 1769 omnibus
1568 1714 1665 1768 tibi
1696 1714 2047 1788 injungimus,
2079 1721 2150 1780 ut,

2263 1726 2536 1782 contraria
2586 1724 2840 1796 loquitur.
2882 1725 3086 1778 Tamen
3129 1722 3269 1778 bene
3315 1737 3415 1777 vos
3443 1721 3639 1777 fecisse
3667 1721 3866 1776 lauda-

559 1804 707 1860 omni
736 1803 1097 1859 obstinatione
1127 1802 1392 1873 deposita,
1436 1802 1700 1874 quidquid
1727 1819 1828 1858 nos
1858 1803 1968 1859 illic
1998 1802 2159 1873 positi

559 1892 702 1947 inter
730 1899 784 1947 te
811 1900 864 1947 et
912 1892 1164 1947 eumdem
1217 1891 1554 1962 episcopum,
1616 1891 1704 1947 vel
1758 1891 1904 1946 illius
1933 1890 2159 1946 fratrem

560 1979 957 2037 Pandenulfum
987 1979 1205 2036 ﬁdelem
1233 1989 1499 2048 nostrum,
1533 1980 1602 2035 de
1632 1980 1899 2036 divisione
1928 1980 2015 2035 vel
2040 1979 2158 2034 fru-

559 2069 721 2140 gibus
750 2068 895 2123 illius
923 2068 1171 2125 ecclesia
1199 2069 1641 2135 deliberavimus,
1668 2069 1784 2124 sine
1813 2084 1965 2124 mora
1995 2069 2158 2123 adim-

561 2156 718 2229 plere
745 2172 1025 2228 procures,
1057 2158 1161 2213 hoc
1191 2158 1371 2213 sciens
1408 2159 1533 2229 quia
1562 2158 1607 2211 si
1635 2158 1792 2213 aliter
1819 2174 1987 2229 agere
2019 2174 2159 2229 pra-

563 2245 882 2317 sumpseris,
917 2246 1056 2301 sicut
1084 2245 1395 2302 invasorem
1438 2262 1615 2301 rerum
1665 2262 1947 2303 sacrarum
1980 2255 2031 2302 te
2063 2262 2158 2303 ca-

564 2334 775 2391 nonicis
790 2334 990 2403 jaculis
1018 2333 1293 2390 feriemus.
1346 2334 1503 2404 Quod
1536 2335 1583 2389 si
1612 2335 1853 2406 aliquam
1884 2336 2159 2408 querimo-

560 2424 705 2479 niam
753 2431 844 2479 aut
881 2423 1081 2493 justam
1129 2424 1533 2480 excusationem
1581 2432 1632 2479 te
1678 2425 1881 2480 habere
1908 2423 2155 2491 conﬁdis,

557 2519 687 2569 tunc
716 2528 840 2568 cum
869 2512 1064 2568 eodem
1092 2513 1351 2584 episcopo
1381 2528 1598 2569 causam
1621 2512 1886 2581 dicturus,
1903 2514 2159 2583 jubemus

557 2608 615 2655 ut
643 2608 886 2656 nostram
914 2610 1068 2673 petas
1097 2602 1460 2673 prasentiam.
1508 2603 1649 2657 Nam
1689 2609 1743 2658 et
1770 2619 1872 2658 nos
1902 2601 2159 2674 prasenti

558 2689 742 2761 legato
771 2698 957 2746 nostro
985 2691 1271 2762 Walperto
1301 2691 1757 2747 reverendissimo
1788 2691 2046 2763 episcopo
2078 2691 2160 2747 di-

555 2777 699 2834 lecto
730 2778 1037 2834 consiliario
1066 2787 1251 2834 nostro
1276 2780 1642 2851 praecipimus,
1686 2787 1744 2834 ut
1774 2780 1820 2834 si
1852 2788 2042 2836 nostra
2070 2796 2159 2837 sa-

554 2865 733 2921 lubria
779 2866 983 2923 monita
1027 2867 1321 2939 adimplere
1367 2868 1791 2940 contempseris,
1856 2885 1921 2925 ex
1970 2877 2160 2925 nostra

553 2955 870 3012 auctoritate
929 2964 981 3011 te
1042 2956 1520 3014 excommunicare
1562 2964 1818 3028 procuret
1866 2965 2154 3029 quatenus,

550 3044 691 3101 sicut
735 3043 1101 3115 praediximus,
1152 3047 1378 3102 Romam
1426 3046 1480 3100 in
1528 3054 1715 3102 nostra
1746 3046 1812 3118 (f.
1847 3046 1977 3101 add.
2010 3062 2157 3117 pra-

555 3221 769 3278 decima
795 3223 969 3279 tertia.

1230 3321 1483 3379 CCXCV.

1030 3424 1103 3467 AD
1152 3426 1410 3467 CAROLUM
1458 3425 1668 3467 REGEM.

1164 3502 1363 3573 (Anno‘
1385 3501 1535 3572 880.)

549 3591 886 3655 Gratulatur
913 3598 979 3654 de
1000 3601 1119 3669 ejus
1140 3615 1270 3670 erga
1296 3601 1604 3655 Romanam
1623 3598 1936 3654 Ecclesium
1957 3597 2146 3654 obser-

616 3671 830 3734 vantia,
863 3672 1025 3753 cujus
1055 3686 1186 3725 eum
1215 3669 1568 3794 defensorem
1616 3670 1813 3740 elegit;
1850 3673 2043 3753 monet
2073 3686 2145 3726 ne

616 3741 956 3794 adversariis
992 3740 1161 3794 fidem
1195 3742 1266 3794 ha
1303 3744 1434 3794 eat:
1469 3740 1667 3794 laudat
1695 3741 1837 3794 auod
1868 3739 2144 3794 ditionem

613 3739 956 3796 adversariis
990 3740 1161 3809 ﬁdem
1195 3739 1434 3811 habeat:
1469 3740 1667 3811 laudat
1695 3739 1837 3811 quod
1868 3739 2144 3796 ditionem

612 3812 801 3866 sancti
843 3811 1007 3873 Petri,
1029 3811 1094 3865 ab
1128 3810 1323 3865 hostili
1351 3817 1592 3865 incursu
1620 3810 1850 3879 defendi
1873 3812 2137 3880 jusserit.

610 3882 813 3938 Bosoni
844 3885 1114 3952 tanquam
1133 3884 1374 3952 tyranno
1404 3881 1698 3952 auxilium
1730 3896 1787 3936 se
1822 3897 1939 3937 non
1968 3881 2140 3937 datu-

609 3968 743 4008 rum
770 3950 1053 4022 afﬁrmat;
1082 3950 1242 4024 optat
1278 3953 1399 4023 ejus
1424 3950 1751 4018 adventum,
1799 3955 1855 4008 et
1882 3956 2041 4024 rogat
2074 3956 2143 4008 ut

613 4024 821 4096 legatos
851 4025 1070 4079 mittat.

607 4137 819 4195 Dilecto
846 4154 909 4194 ac
930 4137 1158 4209 spiritali
1186 4137 1299 4194 ﬁlio
1328 4139 1552 4195 CAROLO
1579 4138 1823 4212 glorioso
1853 4138 1989 4211 regi.

607 4228 794 4300 Regia
837 4227 1227 4300 magnitudinis
1274 4236 1471 4284 vestra
1520 4228 1752 4298 receptis
1792 4227 2040 4298 apicibus
2069 4243 2135 4284 ac

534 4315 826 4388 diligenter
869 4316 1140 4387 perlectis,
1194 4316 1319 4387 quia
1364 4332 1518 4371 more
1550 4316 2131 4372 Christianissimorum

530 4405 834 4477 principum
900 4413 1185 4474 parentum
1258 4411 1558 4459 vestrorum
1632 4405 2019 4460 admonitionis
2076 4413 2129 4460 et

2257 1832 2396 1885 mus,
2432 1814 2577 1886 quod
2606 1813 2858 1869 omnibus
2888 1811 3162 1883 episcopis
3180 1819 3233 1866 et
3263 1810 3568 1874 comitibus,
3595 1809 3691 1881 qui
3718 1810 3869 1865 circa

2256 1921 2358 1959 nos
2386 1903 2707 1971 consistunt,
2754 1902 3070 1957 auctoritate
3107 1908 3294 1956 vestra
3339 1898 3642 1954 mandastis
3693 1906 3866 1970 atque

2251 1992 2491 2063 jussistis
2519 2000 2578 2046 ut
2606 1990 2891 2046 terminum
2938 1990 3107 2045 sancti
3155 1989 3299 2044 Petri
3346 1988 3417 2043 ab
3445 1986 3626 2042 hostili
3654 2003 3860 2058 nempe

2262 2081 2504 2148 incursu,
2537 2088 2724 2135 nostro
2753 2079 2957 2150 pariter
2984 2078 3229 2133 instructi
3258 2077 3531 2143 mandato,
3561 2075 3867 2132 defendere

2257 2170 2509 2225 debeant.
2541 2169 2713 2225 Valde
2742 2167 3111 2224 necessarium
3141 2175 3223 2222 est
3241 2174 3299 2222 ut
3327 2181 3437 2221 non
3466 2165 3642 2221 solum
3671 2182 3703 2219 a
3732 2181 3862 2220 ma-

2258 2257 2325 2313 lis
2354 2258 2693 2325 Christianis,
2734 2272 2922 2312 verum
2970 2257 3130 2312 etiam
3176 2263 3229 2311 et
3275 2271 3309 2310 a
3338 2253 3624 2310 Saracenis
3650 2254 3862 2325 ubique

2253 2345 2483 2415 diffusis,
2516 2347 2717 2418 ubique
2765 2354 2819 2401 et
2865 2345 3109 2416 undique
3158 2360 3260 2399 nos
3308 2344 3425 2399 sine
3453 2343 3863 2398 intermissione

2254 2435 2714 2507 depradantibus,
2748 2442 2798 2490 et
2827 2449 2982 2490 more
3012 2432 3193 2488 furum
3241 2440 3427 2488 nostra
3453 2430 3860 2502 diripientibus,

2258 2524 2398 2580 tueri
2425 2531 2735 2596 procurent.
2772 2524 2877 2578 Pro
2905 2537 3015 2594 qua
3042 2522 3296 2578 videlicet
3324 2520 3671 2587 necessitate,
3696 2536 3864 2592 quam

2258 2628 2424 2686 supra
2442 2613 2662 2669 modum
2680 2612 2931 2683 patimur,
2950 2611 3121 2682 ipsius
3138 2610 3399 2666 Wibbodi
3412 2610 3657 2681 episcopi
3675 2610 3863 2665 horta-

2257 2710 2333 2771 tu,
2367 2702 2423 2755 in
2453 2702 2741 2773 quamdam
2790 2708 2998 2757 cortem
3040 2708 3285 2756 nostram
3335 2699 3621 2769 exivimus,
3673 2708 3726 2754 et
3748 2714 3857 2753 una

2257 2806 2380 2846 cum
2412 2791 2650 2846 Widone
2681 2790 2879 2847 comite
2922 2789 3197 2845 Lamberti
3242 2786 3353 2843 ﬁlio
3392 2788 3541 2859 loqui
3586 2787 3862 2843 voluimus

2256 2880 2415 2949 hujus
2442 2879 2520 2934 rei
2549 2895 2739 2947 causa;
2787 2879 2885 2934 sed
2934 2878 3052 2949 ipse
3097 2877 3294 2932 adesse
3329 2876 3692 2948 pratennisit,
3723 2876 3864 2933 sicut

2251 2968 2362 3037 jam
2392 2968 2568 3024 dictus
2597 2967 2775 3023 ﬁdelis
2795 2976 2979 3023 noster
3007 2982 3071 3022 ac
3100 2975 3281 3022 vester
3299 2966 3455 3021 vobis
3471 2965 3670 3036 poterit
3699 2980 3862 3020 enar-

2258 3072 2405 3112 rare.
2438 3058 2518 3113 De
2548 3058 2760 3112 BOSODB
2811 3072 3026 3113 auoaue
3073 3062 3255 3111 CBI’IOS
3301 3070 3402 3110 VOS
3449 3070 3574 3110 esse
3601 3054 3856 3110 volumus

550 3072 691 3101 aluum
735 3072 1101 3115 prauuuuus,
1152 3072 1378 3102 numam
1426 3072 1480 3100 ιιι
1529 3072 1715 3102 nostra.
1746 3072 1812 3118 υ.
1847 3072 1977 3101 uua.
2010 3072 2157 3117 ιιι-ἂς·-
2258 3072 2405 3112 rare,
2438 3072 2518 3113 ue
2548 3072 2760 3112 uosone
2811 3072 2955 3129 quoq

549 3132 723 3189 sentia
751 3133 981 3204 venias).
1003 3135 1141 3191 Data
1170 3149 1249 3189 xv
1278 3134 1557 3191 Kalendas
1577 3134 1828 3207 Augusti,
1855 3134 2156 3192 indictione
2187 3117 2236 3182 Ο
2257 3146 2385 3207 quia,
2416 3162 2592 3207 neque
2622 3146 2861 3207 aliquem
2889 3145 2955 3201 fa;

2257 3146 2385 3219 quia
2416 3162 2592 3218 neque
2622 3146 2861 3218 aliquem
2889 3144 3267 3201 familiaritatis
3295 3144 3496 3210 locum,
3530 3151 3625 3199 aut
3656 3158 3857 3215 recep-

2254 3235 2417 3291 tionis
2447 3244 2646 3291 nostrae
2674 3234 2932 3290 auxilium
2960 3234 3104 3305 apud
3132 3248 3233 3290 nos
3252 3232 3474 3288 habebit
3494 3248 3674 3305 neque
3700 3239 3857 3303 pote-

2252 3324 2323 3379 rit
2352 3324 2616 3392 invenire,
2649 3340 2715 3381 eo
2746 3324 2893 3397 quod
2922 3339 3040 3390 vos,
3074 3330 3134 3378 ut
3160 3322 3583 3394 pralibavimus,
3617 3319 3852 3378 amicum

2250 3422 2304 3469 et
2333 3413 2636 3483 adjutorem
2667 3413 3036 3486 quasivimus,
3061 3420 3114 3468 et
3132 3412 3254 3468 loco
3274 3410 3580 3468 cbarissimi
3600 3410 3697 3465 ﬁlii
3726 3410 3853 3465 reti-

2248 3519 2383 3559 nere
2412 3510 2523 3558 toto
2551 3502 2749 3558 mentis
2767 3502 3049 3558 conamine
3071 3501 3337 3557 volumus.
3360 3501 3498 3555 Nam
3528 3499 3662 3554 nihil
3691 3498 3847 3555 nobis

2247 3592 2316 3647 de
2344 3600 2499 3663 parte
2524 3591 2696 3663 ipsius
2728 3592 3002 3663 pertinere
3032 3590 3266 3661 videtur,
3287 3588 3381 3661 qui
3411 3589 3576 3643 talem
3608 3588 3847 3660 tyranni-

2246 3681 2370 3737 dem
2398 3680 2747 3753 prasumpsit
2777 3680 3133 3736 committere.
3177 3680 3257 3734 De
3290 3685 3474 3734 vestro
3504 3692 3725 3749 quoque
3750 3676 3850 3732 ad-

2243 3778 2427 3836 ventu,
2460 3785 2641 3841 quem,
2674 3771 2791 3824 Deo
2833 3768 3064 3835 favente,
3106 3768 3301 3823 adesse
3334 3765 3656 3833 mandastis,
3691 3765 3845 3821 valde

2244 3875 2432 3913 sumus
2460 3858 2631 3929 gavisi
2662 3857 2857 3929 effecti,
2890 3865 2945 3913 et
2971 3873 3073 3929 pro
3101 3856 3263 3912 tantis
3283 3855 3701 3919 calamitatibus,
3734 3854 3850 3926 qui-

2242 3947 2342 4002 bus
2373 3946 2696 4002 circumdati
2738 3953 2807 4001 -et
2861 3945 3110 4017 oppressi
3162 3944 3463 4011 existimus,
3513 3951 3773 4015 optamus
3806 3950 3853 3997 et

2243 4036 2605 4092 vehementer
2650 4051 2906 4107 rogamus
2951 4042 3191 4090 vestram
3239 4032 3533 4104 specialem
3563 4031 3847 4101 citissime,

2236 4125 2353 4181 Deo
2380 4124 2636 4196 propitio,
2652 4124 3010 4194 contemplari
3029 4122 3391 4194 prasentiam.
3414 4121 3682 4176 Joannem
3713 4135 3845 4177 vero

2244 4214 2768 4270 reverendissimum
2817 4213 3133 4284 episcopum
3179 4208 3503 4267 Tridensem
3547 4225 3721 4281 penes
3750 4224 3854 4265 nos

2237 4304 2343 4358 hac
2375 4302 2494 4358 vice
2524 4302 2866 4368 retinuimus,
2900 4308 2959 4356 ut
2990 4300 3036 4355 si
3066 4299 3271 4372 aliquid
3291 4298 3420 4355 novi
3449 4298 3611 4355 nobis
3643 4315 3850 4355 evene-

2230 4391 2318 4458 rit,
2350 4399 2403 4446 et
2430 4407 2661 4447 necesse
2691 4390 2853 4446 fuerit
2880 4406 2978 4461 per
3010 4405 3133 4445 eum
3162 4387 3366 4444 vestris
3415 4387 3679 4443 mandare
3708 4386 3846 4444 ﬁde-

533 4492 921 4548 exhortationis
971 4500 1168 4548 nostra
1217 4492 1465 4546 doctrina
1508 4491 1710 4562 repleri
1738 4508 1835 4547 vos
1865 4494 2005 4549 velle
2038 4509 2138 4550 co-
2168 4481 2221 4541 D
2240 4481 2402 4547 Ῑίδυεν
2438 4496 2502 4537 ac
2530 4497 2631 4551 P8P
2661 4479 2909 4536 ordinem
2939 4495 3061 4551 quae
3089 4486 3390 4549 Opportuna
3417 4477 3632 4545 fuerint,
3669 4476 3847 4549 Signi-

534 4581 869 4652 gnoscimus,
921 4587 1215 4651 nostroque
1260 4578 1510 4634 consultu
1554 4596 1617 4633 ea
1665 4596 1785 4650 qua
1814 4596 1910 4651 pro
1939 4590 2138 4638 sancta

533 4670 720 4725 matris
748 4676 946 4724 vestra
974 4669 1232 4724 Romana
1253 4667 1514 4723 Ecclesia
1543 4675 1595 4722 et
1625 4667 1784 4723 totius
1816 4669 2137 4725 Christiani-

532 4758 656 4812 tatis
679 4756 997 4813 defensione
1028 4756 1262 4811 salubria
1292 4771 1354 4812 ac
1380 4756 1533 4811 utilia
1565 4773 1687 4812 esse
1717 4757 1985 4827 videntur,
2021 4759 2137 4814 ani-

534 4860 624 4900 mo
669 4846 858 4901 libenti
907 4844 1135 4916 cupiatis
1180 4843 1468 4916 perﬁcere,
1519 4846 1679 4901 valde
1711 4846 2055 4919 gratulamur
2081 4856 2134 4904 et

533 4932 830 4989 immensas
861 4933 1095 4989 Domino
1135 4934 1333 5006 gratias
1378 4933 1684 5003 referimus,
1718 4943 1769 4990 et
1800 4944 2050 5007 Optamus
2077 4946 2135 4993 ut

536 5028 729 5077 cuncta
770 5022 919 5077 circa
967 5037 1064 5078 vos
1116 5039 1335 5094 semper
1382 5039 1667 5094 pr05pera,
1703 5024 1887 5079 divina
1916 5024 2134 5082 favente

536 5109 727 5182 gratia,
764 5110 1015 5166 existant.
1049 5112 1130 5166 Ea
1170 5112 1369 5167 etenim
1400 5128 1518 5184 qua
1547 5113 1616 5168 de
1648 5113 1841 5168 vestris
1872 5114 2050 5169 causis
2080 5122 2132 5169 et

541 5198 819 5255 eventibus
866 5199 1064 5256 vestris
1110 5201 1270 5257 nobis
1313 5201 1505 5257 litteris
1535 5216 1645 5257 non
1672 5202 1952 5267 retulistis,
1986 5200 2131 5258 ﬁdeli

531 5287 796 5344 relatione
845 5290 1149 5345 communis
1196 5289 1374 5346 ﬁdelis
1417 5299 1470 5345 et
1517 5291 1964 5347 reverendissimi
2010 5291 2132 5362 epi-

526 5376 682 5449 sc0pi
713 5376 977 5433 Wibbodi
1018 5378 1313 5435 luculenter
1359 5378 1677 5447 didicimus;
1727 5380 1884 5453 eique
1912 5395 2130 5436 omnem

528 5465 912 5523 familiaritatis
940 5466 1145 5522 aditum
1192 5468 1285 5539 pio
1324 5466 1526 5527 affectu
1569 5469 1898 5540 prabentes,
1935 5476 2129 5525 vestra

526 5555 818 5613 voluntatis
872 5570 1070 5613 arcana
1124 5557 1501 5629 cognovimus,
1560 5573 1661 5628 per
1711 5574 1874 5630 quem
1929 5565 1983 5614 et
2026 5573 2127 5614 nos

2237 4569 2401 4626 ﬁcare
2432 4570 2722 4641 possimus.
2756 4570 2861 4623 Pro
2883 4566 3105 4637 justitiis
3136 4574 3312 4622 autem
3343 4565 3609 4622 faciendis
3638 4574 3845 4622 sancta

2234 4660 2494 4715 Romana
2522 4657 2806 4726 Ecclesia,
2836 4664 2893 4711 ut
2924 4656 3152 4712 idoneos
3194 4662 3248 4711 et
3289 4652 3481 4710 ﬁdeles
3509 4653 3659 4710 viros
3688 4671 3719 4710 e
3750 4654 3836 4709 la-

2234 4754 2351 4803 tere
2380 4755 2562 4803 vestro
2590 4746 2747 4802 nobis
2775 4745 2844 4800 de
2872 4734 3127 4816 prasenti
3155 4742 3404 4816 dirigatis
3433 4743 3632 4799 obnixe
3661 4743 3841 4814 depo-

2234 4836 2456 4903 scimus,
2492 4836 2585 4909 qui
2616 4835 2777 4891 nobis
2806 4835 3011 4906 pariter
3038 4849 3164 4890 cum
3192 4833 3347 4888 missi
3376 4833 3579 4888 nostris
3608 4830 3837 4904 profici-

2234 4925 2530 4992 scentibus,
2555 4925 2623 4980 de
2640 4923 2895 4979 omnibus
2917 4923 3176 4992 justitiam
3207 4921 3576 4994 plenissimam
3604 4920 3830 4987 faciant,

2232 5023 2285 5070 et
2314 5022 2495 5070 vestra
2536 5013 2708 5084 regali
2752 5012 3068 5068 auctoritate
3107 5011 3251 5068 male
3293 5018 3519 5084 agentes
3560 5010 3835 5082 corrigant

2232 5111 2286 5159 et
2315 5103 2608 5158 emendant
2638 5119 2652 5156 :
2683 5110 2969 5173 praeterea,
3020 5102 3159 5157 sicut
3206 5108 3390 5156 vestro
3418 5100 3643 5171 proprio
3672 5099 3832 5155 nobis

2216 5180 2347 5258 'ore,
2379 5190 2455 5245 ﬁli
2485 5189 2822 5257 charissime,
2874 5189 3220 5261 promisistis,
3272 5196 3330 5244 ut
3358 5188 3415 5243 in
3444 5189 3549 5244 hoc
3574 5188 3828 5243 duntaxat

2230 5295 2397 5351 opere
2426 5287 2665 5336 vestram
2715 5279 3044 5335 voluntatem
3090 5286 3397 5350 vestraque
3438 5276 3636 5332 mentis
3667 5274 3833 5332 affec-

2230 5376 2343 5424 tum
2372 5369 2517 5425 circa
2544 5384 2646 5424 nos
2674 5368 3028 5439 purissimum
3050 5366 3167 5423 fore
3194 5367 3317 5422 luce
3334 5365 3534 5422 clarius
3561 5380 3825 5439 agnosca-

2227 5474 2369 5525 mus,
2403 5465 2461 5513 ut
2490 5465 2543 5513 et
2572 5472 2673 5512 nos
2694 5464 2935 5514 vestrum
2955 5456 3285 5512 desiderium
3306 5455 3395 5527 pio
3416 5470 3634 5526 semper
3650 5454 3826 5511 valea-

2226 5572 2348 5612 mus
2376 5555 2571 5612 aﬂectu
2599 5554 2883 5626 perficere.
2914 5554 3052 5611 Data
3081 5558 3149 5613 ut
3176 5571 3369 5627 supra.
