4086 6300
201 259 312 312 909

865 381 1140 438 CCXCVI.

587 483 660 524 AD
691 483 1078 526 IIPBRATORES
1114 485 1422 530 AUGUSTOS.

828 570 1009 638 (Anno
1039 570 1190 641 880.)

212 682 582 742 Commendat
612 697 804 739 eorum
833 683 1091 739 studium
1112 685 1177 739 in
1216 685 1481 741 Ecclesiae
1510 687 1809 743 concordia

281 753 622 829 stabilienda
640 773 659 820 ;
679 757 870 829 monet
891 759 958 810 ut
973 757 1046 829 in
1062 771 1126 829 eo
1157 757 1468 829 persistant
1487 775 1505 812 :
1526 760 1646 828 agit
1674 775 1809 829 gra-

287 827 396 882 tias
415 825 482 881 de
503 825 860 882 dromom‘bus
880 826 1102 881 auxilio
1121 825 1311 882 missis
1330 845 1348 882 :
1365 827 1432 882 de
1464 825 1809 885 monasterio

281 897 470 972 sancti
495 896 692 972 Sergii,
709 896 856 972 etde
878 897 1247 972 Bulgarprurn
1268 898 1490 972 dioecesi
1507 899 1626 954 sedi
1643 916 1808 972 apos-

284 968 468 1023 tolica:
484 968 785 1033 restituta;
805 970 966 1038 rogat
978 971 1043 1022 ut
1059 969 1159 1023 Dei
1176 969 1486 1024 Ecclesium
1505 968 1778 1025 tueantur
1791 990 1808 1024 :

281 1038 508 1110 demum
530 1053 595 1093 ea
613 1053 735 1110 quae
753 1053 854 1109 pro
879 1039 992 1093 Pho
1001 1039 1074 1110 tio
1101 1039 1163 1094 in
1183 1039 1392 1109 synodo
1412 1041 1812 1096 Constantino-

322 1109 400 1166 oli
428 1113 558 1164 aeta
585 1109 742 1173 sunt,
775 1124 834 1164 se
865 1109 1172 1180 approbare
1198 1111 1505 1181 signiﬁcat,
1532 1112 1583 1166 si
1617 1115 1810 1167 tamen

309 1181 458 1251 egati
477 1183 678 1236 contra
706 1196 813 1235 sua
834 1181 1002 1247 jussa
1020 1196 1136 1236 non
1168 1182 1406 1246 egerint.

287 1303 706 1375 Imperatoribus
736 1303 1015 1375 Augustis.

291 1393 420 1449 Post
446 1392 760 1448 innumeras
789 1391 1183 1448 sollicitudines
1203 1393 1398 1465 quibus
1416 1392 1667 1449 nimirum
1689 1410 1815 1450 one-

217 1490 367 1537 ratur
393 1479 675 1553 imperiale
692 1479 985 1554 fastigium,
1009 1481 1278 1536 laudabile
1299 1481 1603 1538 clementiae
1617 1491 1813 1539 vestras

217 1570 600 1644 cOgnoscimus
628 1569 1074 1625 Christianissimi
1115 1570 1462 1641 imperatoris
1511 1587 1633 1628 esse
1677 1587 1812 1642 pro-

217 1659 474 1731 positum,
533 1673 632 1729 per
682 1658 829 1730 quod
885 1658 1148 1714 submotis
1203 1660 1455 1714 omnibus
1510 1660 1812 1716 discordia-

1343 261 1698 320 EPISTOLE
1741 264 1832 320 ET
1883 265 2230 322 DECRETA.

1825 389 1883 458 Α
1908 405 2097 446 amore
2121 398 2310 446 nostro
2339 391 2572 464 gratanti
2600 391 2782 450 animo
2807 401 2998 451 sancto
3026 395 3203 464 Petro,
3226 397 3502 466 utjustum

3393 274 3498 328 9N

1909 485 2044 545 erat,
2076 478 2437 550 permiseritis
2467 480 2688 537 habere.
2740 481 2894 538 Unde
2921 483 3119 539 obnixe
3165 484 3400 556 petimus
3446 493 3506 541 ut

1908 573 2094 622 vestro
2121 567 2330 638 potenti
2361 568 2555 624 solatio
2583 578 2832 626 sanctam
2860 571 3155 628 Romanam
3196 573 3502 630 Ecclesiam

1908 654 1964 708 in
1994 655 2100 711 hoc
2131 657 2443 727 periculoso
2473 665 2718 729 tempore
2745 659 2802 714 in
2830 660 3082 716 omnibus
3111 662 3368 731 adjuvare
3399 663 3503 718 de-

1909 741 2246 816 fendereque
2278 761 2385 801 non
2408 745 2800 819 dedignemini,
2825 756 3090 820 quatenus
3111 766 3178 805 ex
3196 751 3302 807 hoc
3319 759 3504 807 vestra

1911 831 2204 903 imperialis
2233 833 2432 907 gloria,
2463 835 2778 906 apostolicis
2805 835 3233 910 suifragantibus
3277 839 3498 908 meritis,

1908 937 2010 992 per
2038 929 2258 978 cunctas
2283 923 2472 978 mundi
2499 931 2683 995 partes
2713 925 2889 998 magis
2917 941 2982 982 ac
3006 927 3186 1000 magis
3201 935 3502 995 accrescat,

1911 1017 1963 1064 et
1992 1010 2136 1080 apud
2167 1010 2593 1082 omnipmentem
2621 1012 2906 1068 Dominum
2936 1013 3162 1086 dignam
3199 1015 3508 1071 retributio-

1912 1114 2037 1152 nem
2057 1099 2344 1170 percipiat.
2365 1101 2431 1154 Et
2447 1100 2638 1155 iterum
2653 1101 2929 1156 humiliter
2945 1103 3181 1173 petimus
3200 1111 3258 1159 ut
3271 1103 3328 1158 in
3347 1104 3508 1174 hujus

1911 1187 2070 1242 bona:
2100 1187 2391 1243 voluntatis
2418 1205 2481 1245 ac
2508 1189 2725 1260 pietatis
2752 1189 2966 1258 affectu,
3001 1208 3164 1263 quem
3193 1209 3294 1264 pro
3322 1207 3511 1249 amore

1912 1275 2013 1330 Dei
2038 1275 2186 1332 circa
2213 1276 2521 1333 Ecclesiam
2551 1277 2751 1333 Christi
2780 1279 3010 1348 habetis,
3049 1279 3356 1338 immobiles
3383 1297 3508 1353 per-

1911 1365 2196 1429 maneatis,
2231 1365 2489 1436 quoniam
2519 1382 2620 1423 nos
2649 1367 3002 1440 Augustalem
3019 1369 3394 1426 excellentiam
3415 1387 3510 1427 ve-

1915 1461 2084 1510 stram
2115 1454 2258 1508 ulnis
2287 1455 2526 1510 extensis
2553 1471 2742 1512 amore
2773 1464 3000 1526 paterno
3028 1458 3424 1530 amplectimur,
3457 1468 3512 1515 et

1913 1542 2123 1597 honore
2152 1543 2335 1598 debito
2365 1559 2710 1610 veneramur,
2733 1552 2892 1616 atque
2913 1546 3148 1602 assiduis
3177 1547 3511 1604 orationibus

1914 1629 2135 1700 nostris,
2190 1631 2339 1699 juxta
2395 1641 2745 1688 sacrosancta
2800 1633 3079 1690 beatorum
3135 1635 3509 1706 apostolorum

219 1719 343 1804 him
373 1719 891 1819 atq'ue‘zizadiomm
922 1746 1242 1813 seminibus,
1275 1765 1397 1819 quae
1444 1748 1499 1802 in
1541 1765 1674 1820 agro
1704 1750 1811 1804 ΒΟ,
1841 1745 1895 1804 Β
1919 1719 2062 1774 Petri
2092 1735 2154 1775 ac
2189 1720 2345 1820 ‘Pauli
2365 1737 2608 1820 corpora
2651 1720 2827 1788 fuisis,
2874 1723 3254 1820 omnipotenti.
3276 1723 3510 1820 Domino

218 1836 424 1894 minico
451 1835 672 1891 humani
703 1836 925 1907 generis
955 1835 1204 1891 inimicus
1241 1846 1565 1907 asperserat,
1616 1845 1816 1894 sanctae

223 1925 508 1982 catholicae
535 1924 798 1981 Ecclesia
824 1924 1070 1996 piissimo
1098 1925 1295 1980 mentis
1315 1923 1510 1982 aﬂ‘ectu
1531 1926 1817 1982 consulere

230 2013 498 2070 voluistis.
531 2014 592 2068 In
632 2029 740 2086 quo
786 2013 992 2070 scilicet
1035 2013 1201 2069 animi
1248 2022 1374 2070 voto
1411 2030 1476 2071 ac
1519 2015 1814 2080 desiderio,

228 2109 489 2176 quantum
521 2101 682 2158 rebus
726 2102 979 2158 humanis
1025 2101 1205 2157 favere
1250 2103 1589 2174 providentia
1635 2103 1820 2159 divina

227 2191 498 2263 dignetur,
532 2190 836 2247 sollicitudo
885 2191 1189 2247 clementia
1234 2200 1427 2247 vestrae
1472 2192 1672 2263 Spiritu
1719 2191 1820 2246 Dei

225 2279 439 2336 incitata
469 2280 820 2346 demonstrat,
854 2297 975 2352 quae
1004 2280 1061 2334 in
1091 2280 1356 2336 catholica
1387 2281 1636 2337 Ecclesia
1664 2281 1822 2336 mise-

224 2369 495 2424 ricordem
523 2385 622 2440 per
648 2369 1021 2424 auctoritatem
1049 2377 1101 2424 et
1123 2369 1388 2438 judicium
1417 2370 1565 2425 sedis
1605 2378 1822 2441 aposto-

224 2457 364 2524 licae,
399 2474 520 2530 quae
548 2457 763 2512 Christo
791 2457 1023 2514 Domino
1045 2457 1352 2530 delegante,
1377 2459 1540 2514 totius
1559 2459 1824 2515 Ecclesia;

235 2546 420 2602 Petinet
455 2545 836 2618 principatum,
888 2546 1021 2600 nihil
1068 2547 1421 2618 impacatum,
1468 2548 1604 2602 nihil
1652 2547 1826 2603 voluit

231 2652 352 2691 esse
395 2634 714 2691 diversum:
755 2651 878 2690 cum
923 2651 1116 2690 omnes
1168 2637 1512 2692 schismatica
1561 2637 1827 2707 pravitate

233 2724 457 2792 divisos,
488 2723 574 2779 vel
603 2724 719 2779 zelo
750 2723 990 2796 quolibet
1021 2733 1306 2795 separatos
1339 2733 1498 2797 atque
1525 2725 1826 2797 dispersos,

227 2812 480 2871 clementi
507 2812 792 2869 affectione
822 2813 908 2868 vel
939 2813 1118 2868 studio
1149 2814 1220 2869 ad
1249 2831 1390 2870 vera:
1411 2814 1560 2885 pacis
1587 2813 1834 2870 solidita-

226 2909 359 2972 tem,
410 2901 826 2974 concordiaeque
873 2901 1264 2958 sincerissima;
1310 2903 1716 2958 unanimitatem
1765 2919 1829 2958 e-

229 3005 450 3058 vocare,
479 2998 530 3046 et
558 2991 611 3044 in
643 3005 750 3045 uno
778 2990 979 3050 Christi
1006 2991 1133 3047 ovili
1161 3007 1282 3047 cum
1311 2992 1534 3063 proprio
1580 3001 1822 3063 pastore,

228 3081 420 3136 Photio
467 3079 718 3136 videlicet
766 3079 1038 3136 confratre
1085 3087 1140 3135 et
1185 3081 1556 3136 comministro
1607 3091 1818 3150 nostro,

231 3185 537 3243 aggregare
566 3168 792 3225 curavit.
838 3169 942 3224 Pro
971 3169 1167 3241 quibus
1214 3169 1468 3226 videlicet
1507 3171 1676 3226 nostri
1727 3187 1832 3242 pa-

233 3258 450 3314 storalis
505 3257 808 3332 magisterii
862 3254 1096 3313 ofﬁcium
1155 3266 1258 3326 est,
1317 3259 1462 3330 apud
1523 3259 1831 3315 serenitatis

234 3355 433 3403 vestrae
461 3347 814 3421 Augustalem
835 3346 1176 3403 clementiam
1197 3347 1421 3402 assidua
1442 3364 1662 3418 semper
1686 3347 1834 3404 solli-

239 3435 478 3492 citudine
507 3436 836 3492 omnimodis
866 3436 1248 3505 intercedere;
1281 3445 1337 3491 ut
1380 3445 1579 3493 vestrae
1619 3437 1833 3508 pietatis

237 3525 513 3595 majestas,
571 3541 724 3581 more
781 3525 1365 3580 Christianissimorum
1422 3526 1831 3596 imperatorum,

243 3614 482 3686 benigna
507 3613 653 3670 circa
681 3630 872 3670 omnes
905 3614 1134 3681 existat;
1167 3621 1221 3669 et
1249 3613 1403 3686 quasi
1433 3616 1548 3670 Deo
1589 3622 1834 3670 contem-

235 3703 439 3775 plante,
470 3703 728 3775 p0pulum
760 3703 977 3758 Domini
998 3703 1101 3758 sibi
1129 3705 1485 3760 commissum
1515 3703 1660 3760 felici
1679 3711 1837 3776 regat

237 3809 456 3864 semper
493 3799 546 3848 et
592 3793 863 3866 gubernet
911 3791 1125 3859 intuitu,
1169 3809 1272 3848 nec
1319 3793 1551 3864 amplius
1598 3793 1838 3864 patiatur

239 3897 336 3938 eos
365 3881 633 3954 aliquibus
663 3880 849 3937 saeculi
893 3881 1054 3952 hujus
1095 3881 1350 3952 procellis
1395 3881 1550 3949 illidi,
1592 3891 1684 3937 aut
1726 3899 1839 3937 ma-

233 3969 398 4044 lignis
427 3969 926 4042 perturbationibus
956 3969 1172 4026 concuti
1205 3989 1218 4024 :
1253 3978 1520 4043 quatenus
1567 3979 1692 4043 post
1734 3972 1838 4028 hoc

239 4058 362 4116 vitae
393 4058 692 4131 praesentis,
726 4058 1016 4130 imperium
1047 4059 1268 4114 cmleste
1298 4060 1522 4130 adipisci
1543 4060 1664 4115 etin
1686 4067 1839 4116 mter-

241 4164 372 4204 num
401 4164 522 4204 cum
551 4147 786 4204 Domino
816 4147 1052 4204 retinere
1081 4147 1326 4203 valeatis.
1359 4149 1516 4203 Nunc
1545 4149 1724 4220 itaque
1741 4165 1838 4220 pro

246 4245 391 4292 tanta
429 4237 716 4292 devotione
759 4237 1032 4308 animique
1079 4237 1249 4292 vestri
1296 4236 1628 4307 sinceritate,
1678 4253 1840 4308 quam

237 4342 352 4383 non
379 4325 556 4382 solum
584 4326 788 4392 verbis,
825 4327 922 4381 sed
954 4325 1186 4382 luciﬂuis
1218 4325 1383 4380 etiam
1415 4325 1673 4397 operibus
1693 4327 1841 4382 circa

237 4415 546 4472 Ecclesiam
603 4415 775 4472 sancti
839 4415 984 4470 Petri
1042 4422 1096 4470 et
1151 4423 1391 4470 nostram
1455 4415 1836 4486 paternitatem

241 4504 570 4571 ostendistis,
603 4503 900 4560 immensas
931 4511 1054 4575 post
1101 4505 1274 4558 Deum
1319 4504 1592 4559 serenitati
1639 4513 1838 4561 vestra:

243 4594 445 4668 gratias
475 4593 707 4666 agimus.
741 4593 921 4648 Primo
951 4593 1172 4664 quidem
1207 4593 1352 4665 quod
1399 4593 1692 4650 dromones
1737 4610 1837 4650 ve-

241 4691 405 4753 stros,
439 4681 530 4755 qui
556 4697 657 4754 pro
687 4681 1006 4738 defensione
1035 4690 1198 4739 terra
1227 4685 1396 4738 sancti
1421 4682 1560 4738 Petri
1581 4683 1634 4737 in
1653 4690 1838 4738 nostro

241 4779 527 4828 manerent
573 4771 816 4842 servitio,
861 4771 1021 4828 nobis
1063 4771 1306 4826 misistis.
1361 4771 1612 4827 Secundo
1659 4779 1836 4827 autem

245 4859 392 4934 quod
417 4861 802 4917 monasterium
836 4860 1010 4917 sancti
1056 4861 1236 4934 Sergii
1285 4860 1421 4916 intra
1471 4869 1710 4922 vestram
1751 4877 1840 4916 re-

244 4949 394 5024 giam
422 4950 613 5006 urbem
643 4951 1012 5019 constitutum,
1047 4949 1191 5022 quod
1223 4956 1405 5004 sancta
1435 4950 1682 5005 Romana
1727 4951 1838 5005 Ec-

245 5037 413 5095 clesia
435 5038 558 5108 jure
587 5038 811 5110 proprio
849 5038 1123 5110 quondam
1167 5037 1382 5104 retinui,
1434 5037 1618 5093 divina
1663 5037 1839 5109 inspi-

245 5127 454 5184 ratione
495 5127 709 5200 repleti,
759 5144 862 5199 pro
908 5129 1114 5183 honore
1158 5125 1423 5199 principis
1470 5127 1842 5198 apostolorum

243 5223 434 5272 nostro
461 5215 773 5288 praesulatui
803 5215 1140 5271 reddidistis.
1165 5215 1343 5271 Tertio
1365 5231 1498 5270 vero
1531 5214 1688 5270 vobis
1717 5231 1841 5287 gra-

246 5314 332 5362 tes
358 5305 556 5362 multas
585 5304 868 5362 referimus
897 5303 1025 5376 quia
1053 5305 1412 5377 Bulgarorum
1453 5303 1715 5360 dimcesin
1743 5319 1842 5376 pro

319 5513 346 5542 ι
367 5482 436 5537 Et
453 5482 500 5537 si
523 5484 732 5548 fortasse
751 5482 909 5536 nostri
935 5483 1100 5548 legati.
1153 5483 1292 5534 Hanc
1316 5481 1550 5546 synodum
1575 5481 1846 5546 pseudooc-

249 5553 420 5606 tavam
442 5565 474 5606 a
494 5553 682 5606 Joanne
703 5552 812 5606 Vill
836 5552 1122 5616 ceterisque
1147 5549 1255 5612 eius
1275 5549 1642 5604 successoribus
1681 5548 1846 5614 ponti-

1863 3103 1912 3166 C

1867 4465 1918 4524 D

1916 1808 2302 1863 commendare
2333 1809 2631 1877 studemus,
2665 1817 2722 1864 ut
2751 1825 2853 1880 pro
2881 1812 3043 1866 tantis
3082 1810 3362 1868 beneﬁciis
3390 1827 3512 1884 quae

1916 1903 2100 1952 sancto
2132 1897 2290 1952 Petro
2319 1897 2649 1968 impenditis,
2680 1898 2798 1968 ipse
2830 1899 2984 1954 vobis
3015 1909 3067 1955 et
3113 1900 3168 1955 in
3215 1901 3320 1956 hoc
3343 1915 3511 1972 .prae-

1917 1985 2057 2039 senti
2087 1985 2288 2041 saeculo
2315 1993 2556 2041 vestrum
2587 1994 2835 2042 sanctum
2863 1987 3153 2058 imperium
3196 2004 3322 2044 cum
3363 1989 3512 2044 omni

1917 2073 2276 2144 prosperitate
2323 2074 2498 2147 magis
2545 2090 2611 2131 ac
2656 2076 2835 2148 magis
2881 2085 3168 2132 conservet
3218 2077 3510 2146 incolume,

1919 2161 2190 2234 clarisque
2221 2179 2439 2233 semper
2467 2163 2722 2236 dignetur
2763 2163 2964 2236 ubique
3011 2165 3275 2221 decorare
3322 2164 3517 2220 trium-

1919 2249 2043 2320 phis
2069 2269 2085 2316 ;
2117 2259 2169 2304 et
2190 2250 2244 2304 in
2261 2251 2497 2306 caelestis
2518 2252 2862 2322 postmodum
2886 2252 3112 2326 regione
3133 2253 3519 2324 sempiternam

1923 2338 2155 2410 gloriam
2185 2348 2238 2394 et
2265 2339 2654 2396 beatitudinem
2681 2356 2807 2397 cum
2835 2341 3036 2398 sanctis
3077 2349 3130 2397 et
3175 2341 3363 2398 electis
3406 2340 3520 2397 suis

1924 2425 2126 2482 habere
2154 2429 2440 2483 concedat.
2472 2429 2611 2483 Nam
2642 2437 2695 2484 et
2724 2445 2790 2485 ea
2820 2447 2940 2500 quae
2967 2445 3065 2500 pro
3091 2445 3258 2486 causa
3296 2430 3520 2485 restitu-

1926 2514 2089 2570 tionis
2117 2516 2561 2571 reverendissimi
2591 2517 2762 2572 Photii
2792 2517 3114 2588 patriarcha:
3149 2518 3398 2590 synodali
3426 2518 3523 2574 de-

1927 2612 2078 2659 creto
2107 2604 2572 2676 ConstantinOpoli
2600 2605 3026 2662 misericorditer
3054 2614 3174 2663 acta
3204 2615 3346 2674 sunt,
3379 2606 3524 2664 reci-

1928 2692 2108 2763 pimus
2142 2710 2156 2748 :
2189 2701 2214 2728 ι
2242 2693 2310 2747 Et
2340 2693 2387 2748 si
2405 2691 2642 2750 fortasse
2662 2694 2836 2750 nostri
2853 2695 3017 2766 legati
3033 2694 3088 2749 in
3105 2695 3296 2752 eadem
3315 2695 3529 2767 synodo

1931 2789 2120 2836 contra
2141 2781 2492 2852 apostolicam
2515 2783 2936 2854 praeceptionem
2953 2784 3187 2856 egerint,
3207 2799 3313 2839 nos
3329 2799 3433 2840 nec
3453 2799 3534 2840 re-

1933 2869 2166 2941 cipimus
2197 2886 2299 2927 nec
2324 2871 2634 2939 iudicamus
2677 2871 2905 2941 alicujus
2953 2872 3187 2929 existere
3236 2871 3528 2928 firmitatis.

1935 2959 2072 3016 Data
2097 2959 2288 3015 Idibus
2315 2961 2570 3034 Augusti,
2599 2960 2894 3017 indictione
2923 2975 3047 3018 xm.

2577 3111 2876 3167 CCXCVII.

2352 3212 2428 3254 an
2454 3214 2700 3256 puorwu
2729 3200 2820 3271 (ut
2846 3199 3111 3272 videtur).

2549 3297 2732 3368 (Anno
2763 3298 2912 3369 880.)

1937 3401 2280 3476 Gratulatur
2325 3401 2392 3458 de
2447 3403 2746 3476 concordia
2775 3405 3039 3460 Ecclesia:
3071 3405 3533 3476 Constantinopo-

2009 3473 2206 3528 litanw
2229 3491 2246 3527 :
2269 3477 2520 3546 miratur
2559 3475 2765 3543 multa,
2803 3491 2925 3546 qua:
2963 3479 3268 3542 statuerat,
3304 3473 3534 3533 mutata

2006 3559 2156 3610 esse;
2179 3545 2450 3620 approbat
2461 3560 2582 3620 qua:
2601 3545 3091 3620 Constantinopoli
3110 3547 3171 3601 in
3183 3549 3421 3620 concilio
3431 3563 3534 3620 pro

2006 3630 2179 3689 causa
2205 3617 2392 3670 P/totii
2411 3619 2541 3670 acta
2562 3619 2718 3685 sunt,
2741 3619 2793 3671 si
2814 3617 3006 3672 tamen
3025 3617 3198 3689 legati
3212 3621 3412 3674 contra
3429 3617 3534 3674 sua

2005 3686 2282 3741 mandata
2311 3702 2429 3742 non
2457 3689 2693 3758 egerint.

2007 3792 2122 3847 Hoc
2153 3791 2322 3846 nostri
2353 3807 2570 3864 semper
2594 3791 2908 3849 certaminis
2941 3801 2994 3848 et
3023 3792 3231 3849 laboris
3273 3793 3390 3861 fuit,
3435 3795 3542 3852 hoc

1934 3881 2112 3936 nostri
2142 3881 2252 3936 voti
2280 3881 2478 3949 existit,
2509 3890 2568 3936 ut
2595 3898 2696 3953 pro
2727 3883 3043 3939 orthodoxa:
3062 3881 3186 3939 fidei
3209 3883 3532 3956 integritate,

1937 3987 2036 4026 seu
2091 3986 2188 4042 pro
2243 3979 2387 4026 statu
2445 3979 2498 4026 et
2553 3987 2688 4041 pace
2731 3972 2974 4026 omnium
3010 3972 3110 4028 Dei
3144 3973 3533 4042 Ecclesiarum,

1939 4074 2164 4130 quarum
2195 4074 2330 4114 cura
2376 4059 2820 4132 constringimur,
2871 4060 3010 4114 adeo
3053 4077 3272 4131 operam
3322 4061 3535 4126 demus,

1938 4155 2206 4218 quatenus
2237 4148 2488 4218 dispersa
2517 4155 2943 4221 congregentur,
2967 4157 3304 4222 congregata
3323 4165 3542 4205 conser-

1937 4243 2147 4301 ventur,
2184 4244 2236 4290 et
2263 4243 2322 4290 ut
2351 4235 2612 4307 quidquid
2650 4235 2995 4291 inhonestum
3040 4237 3127 4292 vel
3169 4237 3327 4293 aliter
3372 4253 3536 4310 quam

1939 4340 1999 4379 se
2031 4324 2300 4380 rectitudo
2329 4324 2494 4380 habet
2522 4341 2622 4396 per
2651 4325 3046 4395 providentiam
3077 4326 3195 4392 Dei,
3225 4334 3537 4382 sanctorum

1941 4413 2314 4484 apostolorum
2343 4413 2550 4468 meritis
2571 4412 3010 4487 suifragantibus,
3035 4414 3366 4486 corrigatur,
3389 4414 3537 4471 omni

1939 4502 2245 4569 conamine,
2269 4502 2423 4571 juxta
2451 4501 2688 4559 officium
2716 4503 2877 4559 nobis
2906 4504 3280 4571 commissum,
3331 4519 3534 4575 specu-

1936 4591 2100 4646 lando
2133 4591 2450 4663 satagimus.
2483 4593 2652 4660 Hujus
2693 4593 2773 4648 rei
2818 4593 2992 4664 gratia
3035 4609 3186 4649 more
3235 4591 3535 4663 apostolico

1938 4687 2140 4736 sanctae
2183 4680 2792 4752 Constantinopolitanae
2833 4681 3098 4738 Ecclesiae
3141 4681 3384 4737 misereri
3429 4696 3532 4737 vo-

1936 4769 2130 4837 lentes,
2191 4769 2530 4827 decrevimus
2575 4778 2632 4824 ut
2669 4769 2826 4824 unius
2881 4769 3276 4826 incrementum
3331 4767 3532 4826 nullius

1939 4857 2092 4914 ﬁeret
2119 4859 2524 4926 detrimentum,
2557 4858 2684 4930 quin
2713 4857 2892 4930 potius
2921 4858 3166 4914 omnium
3183 4857 3532 4915 manifestum

1939 4947 2195 5004 existeret
2249 4947 2595 5016 adjutorium.
2655 4949 2960 5003 Convocata
3020 4956 3206 5004 nostra
3261 4948 3529 5016 Ecclesia,

1940 5043 2200 5108 quantum
2233 5037 2301 5092 ad
2331 5053 2576 5107 praesens
2606 5043 2820 5106 tempus
2849 5037 3030 5109 coegit
3065 5037 3386 5105 necessitas,
3431 5053 3532 5094 au-

1941 5125 2185 5181 ctoritate
2216 5133 2269 5180 et
2298 5133 2566 5196 potestate
2609 5125 2906 5196 apostolica
2949 5125 3107 5182 dictae
3154 5125 3536 5183 Constantino-

1939 5214 2196 5286 politanae
2243 5213 2504 5270 Ecclesiae
2548 5213 2940 5280 consuluimus,
2996 5222 3050 5269 et
3093 5215 3286 5286 legatis
3331 5215 3534 5272 nostris

1941 5302 2182 5370 directis,
2212 5310 2270 5357 ut
2298 5300 2566 5359 inoffenso
2614 5302 2756 5374 pede
2800 5301 3134 5372 incederent,
3184 5305 3530 5361 instituimus.

1943 5480 2134 5550 ﬁcibus,
2154 5483 2210 5550 et
2233 5494 2262 5532 a
2281 5481 2484 5550 concilio
2521 5481 2799 5550 Florentino
2822 5483 3136 5548 reprobatam
3159 5484 3329 5550 fuisse,
3353 5485 3531 5548 praeter

1945 5549 2060 5614 alia,
2085 5547 2304 5602 indicant
2326 5549 2421 5601 ista
2444 5549 2614 5602 verba.
2638 5550 2760 5602 Ssv.
2786 5551 2899 5602 Bm.
