4086 6306
215 314 321 368 913

213 462 340 510 voto
357 450 629 509 communi
643 449 927 506 decernas.
945 449 1155 504 Interea
1167 445 1446 520 negotium
1463 445 1566 502 viri
1589 442 1812 498 illustris

218 541 528 598 Deusdedit
557 537 785 612 gloriosi
831 537 1006 605 ducis,
1053 536 1145 608 qui
1187 543 1432 590 nostrum
1493 530 1829 612 pontificium

215 630 372 699 adiit,
397 611 589 684 dicens
620 643 678 682 se
708 642 741 681 a
762 634 853 681 tua
883 625 1105 680 solertia
1135 640 1232 696 pro
1263 621 1520 694 conjugio
1547 611 1660 675 sua
1689 634 1828 674 uxo-

217 719 318 784 ris,
351 733 517 790 quam
548 716 690 770 illius
712 713 1178 786 consanguineam
1197 710 1384 766 fateris
1406 709 1829 776 existere,com-

224 807 485 862 munione
515 805 810 875 privatum,
844 810 926 857 est
987 801 1177 872 procul
1231 799 1396 854 dubio
1434 796 1826 860 ventilandum,

219 904 279 950 ut
309 893 572 966 quidquid
609 891 690 946 rei
719 891 925 946 veritas
949 891 1078 946 hinc
1133 885 1600 951 demonstraverit,
1649 883 1829 940 omni-

221 983 402 1038 modis
427 995 808 1052 exsequamur.
869 977 973 1048 Qui
1003 993 1100 1048 pro
1130 993 1196 1032 eo
1225 977 1370 1048 quod
1402 983 1512 1029 tam
1543 973 1635 1028 diu
1685 971 1830 1042 apud

221 1086 324 1126 nos
357 1078 440 1126 est
469 1069 808 1133 immoratus,
843 1075 896 1122 et
937 1067 1004 1121 de
1061 1074 1150 1120 tua
1181 1073 1354 1136 parte,
1415 1063 1509 1135 qui
1565 1061 1830 1116 rationem

221 1159 502 1224 redderet,
555 1173 664 1212 non
719 1164 803 1212 est
850 1155 1118 1221 inventus,
1180 1151 1576 1207 rationabiliter
1633 1157 1752 1204 erat
1797 1163 1832 1202 a

227 1247 392 1303 nobis
423 1246 639 1302 interim
670 1243 1038 1300 absolvendus
1073 1260 1086 1297 :
1111 1249 1291 1296 tamen
1321 1241 1447 1311 quia
1475 1239 1529 1292 in
1559 1237 1826 1309 proximo,

235 1336 378 1392 sicut
397 1335 651 1402 diximus,
699 1332 967 1404 synodum
999 1330 1132 1401 (qua
1185 1331 1290 1384 hoc
1319 1345 1441 1384 cum
1480 1325 1830 1381 unanimitate

227 1425 460 1480 aliorum
508 1421 963 1478 consacerdotum
1010 1418 1347 1488 fratrumque
1400 1423 1712 1471 nostrorum
1777 1416 1831 1468 et

221 1522 310 1568 tua
341 1521 422 1568 est
454 1511 594 1566 inter
651 1509 758 1564 alia
813 1505 1279 1579 pertractandum)
1342 1505 1626 1560 celebrare
1670 1502 1832 1558 debe‘

223 1617 366 1666 mus,
401 1597 1023 1671 digniusjudicavimus,
1057 1595 1202 1666 qu'od
1234 1601 1286 1648 et
1302 1593 1434 1664 ipsa
1456 1608 1544 1647 res
1576 1597 1832 1662 expetunt

219 1698 372 1746 tuum
401 1685 708 1760 prastolari
739 1686 1050 1752 adventum,
1087 1692 1144 1738 ut
1200 1684 1304 1738 hoc
1353 1680 1601 1753 synodali
1641 1679 1830 1734 discu-

218 1779 416 1834 tiamus
461 1775 716 1848 collegio,
749 1781 802 1830 et
831 1773 1040 1828 alterna
1081 1771 1291 1826 visione
1349 1767 1816 1842 congratulantes,
1849 1774 1902 1834 Β

213 1866 334 1938 pari
364 1863 628 1922 sententia
673 1863 1032 1918 decernamus
1066 1877 1080 1914 :
1129 1859 1186 1914 in
1215 1874 1324 1931 qua
1352 1857 1516 1913 etiam
1551 1855 1816 1928 quidquid

213 1969 382 2025 supra
397 1967 659 2026 generum
693 1967 850 2006 suum
877 1949 1153 2014 habueris,
1209 1946 1454 2002 similiter
1481 1943 1698 2000 difﬁniri
1721 1943 1814 2013 ju-

217 2043 464 2098 beamus.
502 2042 760 2095 Praeterea
781 2039 891 2107 jam
921 2037 1050 2092 dicti
1081 2036 1181 2092 viri
1228 2037 1444 2104 cunjux,
1505 2032 1670 2087 Maria
1723 2047 1817 2086 no-

213 2131 382 2196 mine,
417 2128 658 2184 libellum
689 2143 801 2182 sua
829 2124 1228 2181 reclamationis
1260 2139 1356 2194 per
1393 2121 1615 2177 Paulum
1653 2120 1812 2192 lega-

210 2227 322 2273 tum
385 2233 538 2271 suum
588 2223 777 2271 nostro
831 2213 1144 2285 prasulatui
1173 2212 1410 2282 dirigere
1478 2207 1808 2280 procuravit,

219 2321 472 2363 asserens
491 2313 641 2360 tuam
669 2303 1004 2358 sanctitatem
1037 2302 1093 2356 in
1120 2300 1323 2370 nuptiis
1351 2315 1452 2370 per
1483 2312 1813 2354 consensum

220 2395 393 2468 patris
423 2389 600 2449 de'ea
655 2391 874 2455 habitis,
937 2389 1214 2446 consciam
1245 2387 1516 2460 exstitisse
1549 2405 1564 2451 ;
1597 2393 1650 2440 et
1705 2393 1809 2439 tam

215 2483 391 2539 virum
423 2498 582 2536 suum
619 2497 780 2552 quam
831 2495 908 2546 se,
959 2487 1250 2549 postquam
1297 2491 1404 2530 una
1459 2490 1586 2530 caro
1634 2471 1812 2528 effecti

212 2579 356 2637 sunt,
407 2579 518 2626 tam
567 2569 636 2624 ad
681 2567 1002 2639 spiritalem,
1051 2567 1165 2621 sive
1215 2563 1575 2628 Dominicam,
1649 2577 1808 2633 quam

213 2660 374 2716 etiam
411 2659 481 2714 ad
511 2657 936 2714 communiorem
993 2670 1260 2718 mensam,
1322 2669 1468 2722 sape
1496 2665 1604 2706 non
1634 2651 1810 2706 solum

217 2747 527 2815 admisisse,
553 2745 648 2802 sed
681 2745 844 2800 etiam
872 2743 1152 2800 invitasse.
1185 2742 1293 2797 Sed
1315 2749 1368 2796 et
1393 2741 1498 2796 hoc
1523 2755 1623 2810 per
1652 2755 1808 2794 eum-

220 2837 346 2893 dem
377 2851 532 2890 suum
575 2834 818 2889 libellum
874 2831 1222 2888 reclamando
1253 2829 1484 2884 innotuit
1516 2827 1663 2900 quod
1690 2827 1811 2882 Ma-

202 2926 452 2996 joranus,
486 2923 578 2996 qui
633 2929 688 2978 et
745 2920 1117 2992 Maginpertus
1165 2918 1430 2974 diaconus
1487 2915 1700 2982 dicitur,
1753 2914 1804 2970 in

213 3029 407 3070 necem
437 3012 520 3067 sui
547 3010 720 3082 patris
742 3009 1101 3070 consenserit,
1136 3014 1330 3078 petens
1359 3021 1388 3060 a
1419 3005 1578 3062 nobis
1617 3021 1680 3060 ex
1703 3005 1808 3060 hoc

213 3101 625 3160 convenientem
645 3097 930 3168 justitiam,
961 3105 1014 3153 et
1041 3095 1240 3153 obnixe
1269 3093 1548 3166 postulans
1577 3093 1680 3148 hoc
1727 3092 1808 3147 in-

209 3191 518 3246 discussum
547 3203 656 3244 non
675 3185 999 3258 derelinqui,
1035 3201 1198 3257 quem
1226 3183 1478 3240 videlicet
1511 3181 1812 3252 sapissime

211 3276 572 3336 Bononiensis
602 3275 891 3348 episcOpus
926 3291 1040 3330 sua
1086 3272 1349 3330 Ecclesia
1379 3271 1639 3326 famulum
1669 3287 1811 3342 qua

207 3384 334 3424 rere
363 3365 583 3422 studuit.
615 3365 786 3434 Hujus
843 3363 922 3419 rei
981 3363 1173 3437 gratia,
1235 3359 1580 3433 pracipimus
1631 3359 1809 3430 ipsum

207 3457 503 3514 diaconum
532 3463 710 3512 tecum
739 3453 896 3509 nobis
911 3451 1238 3508 omnimodis
1267 3449 1534 3516 exhiberi,
1565 3457 1624 3502 ut
1653 3447 1808 3520 quid-

213 3545 344 3620 quid
375 3543 598 3600 rationis
645 3543 782 3599 ordo
837 3540 1169 3614 poposcerit,
1221 3539 1513 3608 adiuvante
1551 3537 1804 3605 Domino,

207 3633 468 3692 canonice
498 3631 820 3689 ventilemus
846 3638 899 3686 et
929 3629 1189 3702 synodice
1211 3635 1530 3684 statuamus.
1561 3627 1700 3682 Data
1745 3641 1806 3682 ιιι

205 3722 481 3780 Kalendas
511 3719 782 3786 Octobris,
815 3717 1110 3774 indictione
1141 3717 1352 3774 decima
1379 3722 1590 3788 quarta.

915 3851 1044 3907 CCC
1055 3892 1068 3906 .

623 3956 696 3996 AD
726 3955 1040 3996 UNIVERSOS
1066 3952 1382 3994 EPISCOPOS.

819 4031 1000 4099 (Anno
1035 4027 1180 4099 880).

473 4122 542 4178 Ut
568 4122 797 4178 Romam
818 4118 891 4174 ad
917 4117 1190 4190 synodum
1211 4115 1537 4172 adveniant.

277 4227 546 4284 Omnibus
577 4224 848 4298 episcopis
877 4241 974 4296 per
1031 4223 1284 4279 ducatum
1342 4220 1696 4293 Spoletanum
1751 4227 1804 4275 et

209 4315 639 4382 Cameriensem,
669 4321 723 4371 et
751 4313 820 4368 ad
850 4328 1041 4370 omnes
1072 4311 1360 4384 episcopos
1415 4325 1516 4382 per
1553 4309 1801 4364 diversas

202 4405 514 4480 provincias
543 4402 884 4485 constitutos.

1391 298 1747 360 EPISLOLE
1798 296 1891 352 ET
1935 285 2321 354 DECRETA.‘

3420 297 3529 352 9M

1839 422 1896 483 A
1917 421 2078 478 ﬁcere
2103 430 2497 493 satageremus.
2523 420 2868 493 Quapropter
2909 421 3068 492 hujus
3125 427 3324 476 nostra
3377 435 3530 478 com-

1929 511 2244 566 monitionis
2289 509 2626 565 sanctitatem
2674 517 2915 564 vestram
2963 511 3315 566 exhortamur
3357 508 3532 580 apici-

1929 599 2050 664 bus,
2086 607 2164 668 ut,
2199 599 2356 653 solita
2383 597 2595 652 desidia
2625 598 2890 668 deposita,
2935 599 3005 652 ad
3053 598 3302 653 eamdem
3359 613 3532 669 syno-

1928 687 2056 742 dum
2089 688 2314 742 Romam
2344 685 2531 741 venire
2559 701 2668 741 non
2719 683 3005 752 differatis,
3045 693 3332 757 quatenus,
3393 685 3534 741 sicut

1929 775 2183 840 diximus,
2217 791 2280 830 ea
2312 789 2432 846 qua
2463 774 2678 847 agenda
2707 781 2850 840 sunt,
2871 773 3087 828 Christo
3110 775 3350 844 juvante,
3383 789 3534 829 com-

1928 865 2164 918 muniter
2192 878 2541 935 peragamus,
2570 871 2622 918 et
2653 878 2775 934 qua
2825 862 2978 932 juxta
3030 861 3204 917 nostri
3245 860 3532 916 ministerii

1929 951 2107 1007 ofﬁcia
2129 951 2419 1006 statuenda
2447 958 2591 1016 sunt,
2625 950 2913 1005 salubriter
2954 957 3275 1005 statuamus.
3336 948 3528 1005 Videte

1927 1039 2110 1110 itaque
2141 1055 2210 1093 ne
2241 1039 2400 1094 solito
2428 1039 2774 1111 negligenter
2804 1038 2999 1110 agatis,
3035 1055 3103 1093 ne
3133 1038 3179 1092 si
3210 1053 3308 1108 per
3333 1053 3433 1092 vos
3463 1051 3531 1092 ea

1930 1143 2050 1200 qua
2081 1127 2274 1208 ho/nori
2315 1135 2370 1182 et
2401 1126 2562 1181 statui
2593 1133 2794 1182 sancta
2838 1125 2939 1181 Dei
2965 1125 3228 1182 Ecclesia
3257 1132 3381 1180 sunt
3409 1140 3531 1196 pro-

1931 1215 2090 1280 ﬁcua,
2126 1215 2436 1270 inordinata
2466 1215 2849 1284 remanserint,
2883 1223 2956 1282 et,
2981 1215 3128 1286 quod
3159 1229 3268 1269 non
3295 1220 3526 1285 oportet,

1928 1304 2113 1360 venire
2141 1303 2597 1374 contempseritis,
2634 1303 2908 1360 canonicis
2960 1303 3156 1359 ictibus
3189 1317 3298 1358 non
3328 1301 3526 1358 imme-

1929 1393 2035 1448 rito
2067 1391 2358 1447 feriamini.
2391 1393 2529 1448 Data
2549 1391 2723 1464 pridie
2754 1391 3026 1447 Kalendas
3056 1389 3331 1458 Octobris,
3380 1387 3527 1446 indi-

1929 1481 2106 1538 ctione
2123 1496 2243 1536 xxv.

2639 1568 2812 1625 CCCI.

2423 1671 2495 1712 AD
2519 1671 2774 1712 CAROLUM
2804 1671 3012 1713 REGEM.

2541 1744 2722 1814 (Anno
2760 1745 2910 1814 880.)

1922 1836 2176 1891 Laetatur
2187 1835 2252 1890 de
2265 1837 2386 1903 eius
2398 1833 2736 1889 incolumita
2743 1837 3102 1904 te,Deu-mque
3116 1835 3242 1889 orat
3254 1837 3322 1888 ut
3329 1834 3524 1888 omnia

1987 1907 2040 1978 ei
2069 1921 2332 1978 prospere
2349 1906 2614 1978 eveniant
2637 1924 2654 1960 :
2675 1905 3238 1978 nuntiatiSaracenos
3259 1904 3519 1978 climacis

1986 1974 2177 2040 vietos,
2197 1974 2366 2046 'sequc
2417 1975 2734 2046 Saracenis,
2793 1979 2850 2030 et
2866 1977 2998 2030 aliis
3015 1975 3188 2029 etiam
3219 1974 3378 2046 valde
3392 1989 3518 2044 pre-

1984 2049 2066 2130 mi
2079 2044 2282 2171 :tquare'
2303 2063 2370 2118 pe
2379 2047 2450 2101 tit
2465 2050 2530 2101 ut
2547 2045 2655 2101 sibi
2673 2062 2842 2118 quam
2862 2046 3138 2101 citissime
3173 2044 3398 2100 auxilio
3418 2059 3514 2102 ve-

1984 2133 2081 2171 ma
2117 2157 2130 2171 .

1984 2133 2130 2172 mat.

1984 2203 2208 2259 Canono
2240 2203 2484 2275 glorioso
2511 2203 2651 2274 regi.

1985 2292 2261 2363 Susceptis
2292 2292 2482 2364 gloria
2520 2299 2733 2361 vestra,
2775 2291 3032 2363 spiritalis
3049 2301 3210 2366 atque
3228 2293 3515 2350 desidera-

1912 2381 2036 2435 bilis
2093 2378 2168 2434 ﬁli
2225 2381 2382 2435 nobis
2457 2380 2681 2436 directis
2733 2379 2994 2452 apicibus,
3056 2389 3218 2454 atque
3275 2381 3510 2450 reltctis,

1913 2469 2040 2540 quia
2069 2484 2184 2536 vos,
2219 2469 2334 2522 Deo
2354 2468 2574 2540 gratias,
2610 2468 2839 2524 sanitate
2888 2469 3077 2540 vigere
3133 2468 3509 2541 cognovimus,

1909 2554 2233 2611 ineﬂ'abiliet
2263 2556 2408 2611 ultra
2437 2572 2598 2627 quam
2655 2556 2763 2612 dici
2824 2557 2998 2627 possit
3043 2557 3378 2627 jucunditate
3415 2573 3510 2612 re-

1909 2643 2055 2712 fecti,
2091 2645 2145 2698 in
2177 2644 2410 2699 Domino
2457 2644 2711 2715 gratulati
2766 2661 2996 2702 sumus:
3030 2653 3082 2701 et
3139 2653 3192 2701 ut
3215 2645 3394 2720 magis
3447 2661 3514 2702 ac

1908 2733 2086 2804 magis
2115 2733 2271 2789 vobis
2315 2733 2578 2788 Dominus
2634 2735 2782 2788 Deus
2840 2741 3024 2790 noster
3091 2734 3510 2806 prosperitatem

1907 2822 2132 2891 tribuat,
2191 2821 2526 2892 triumphum
2562 2821 2631 2877 de
2686 2821 3096 2878 adversantibus
3141 2823 3422 2887 concedat,
3457 2830 3512 2878 et

1907 2909 2087 2966 felicia
2117 2917 2361 2980 tempora
2388 2909 2458 2964 ad
2477 2925 2708 2982 regnum
2737 2908 2963 2982 paciﬁca
3005 2919 3168 2983 atque
3209 2911 3510 2981 justissime

1908 2998 2308 3068 disponendum
2363 2998 2704 3070 multiplicat,
2750 2999 3021 3054 continuis
3061 2999 3200 3055 votis
3257 3000 3510 3055 eumdem

1910 3086 2201 3143 Dominum
2231 3087 2606 3156 deprecamur.
2641 3085 2781 3155 Quia
2810 3086 2945 3142 nihil
2999 3095 3082 3143 est
3135 3087 3375 3155 omnino,
3434 3086 3512 3142 ﬁli

1907 3174 2245 3241 charissime,
2277 3175 2436 3230 nobis
2457 3173 2666 3230 dulcius
2696 3174 2938 3247 nihilque
2981 3175 3288 3242 amabilius,
3335 3189 3500 3248 quam

1905 3270 1964 3318 ut
2010 3279 2107 3318 vos
2155 3279 2374 3333 semper
2432 3262 2503 3317 ad
2576 3261 2955 3318 defensionem
3012 3271 3065 3318 et
3115 3263 3502 3320 exaltationem

1907 3358 2105 3408 sancta
2124 3351 2316 3406 matris
2344 3358 2544 3407 vestra
2572 3351 2829 3407 Romana
2881 3350 3148 3408 Ecclesia
3203 3367 3506 3423 cognosca-

1899 3456 2021 3494 mus
2049 3456 2172 3496 esse
2200 3439 2659 3510 promptissimos,
2693 3447 2746 3495 et
2771 3447 2824 3496 et
2853 3439 2933 3496 eis
2965 3441 3056 3512 qui
3086 3455 3205 3496 eam
3260 3439 3494 3497 diversis

1903 3529 2083 3585 modis
2111 3529 2449 3601 impugnant,
2481 3528 2654 3583 libera
2695 3528 3048 3585 correctionis
3102 3544 3168 3585 ac
3195 3527 3499 3601 disciplina

1905 3617 2170 3673 sententia
2199 3616 2488 3674 contraire.
2549 3617 2664 3672 Nos
2693 3624 2891 3686 autem,
2953 3616 3078 3674 licet
3103 3617 3158 3672 in
3204 3617 3503 3674 innumeris

1903 3705 2302 3761 infirmitatibus
2333 3713 2495 3777 atque
2528 3705 2800 3779 angustiis
2848 3706 3147 3775 constituti,
3207 3706 3324 3762 Deo
3381 3721 3510 3780 gra-

1903 3793 2026 3861 tias,
2085 3801 2359 3866 utcunque
2414 3793 2709 3862 valemus;
2743 3795 2842 3851 sed
2897 3803 3026 3852 tunc
3077 3795 3258 3867 potius
3315 3802 3506 3851 nostra

1905 3883 2109 3939 sanitas
2138 3882 2258 3949 erit,
2293 3882 2339 3937 si
2367 3899 2467 3938 vos
2497 3883 2645 3938 omni
2673 3883 3055 3956 prosperitate,
3117 3891 3176 3939 ut
3231 3883 3496 3952 diximus,

1902 3971 2112 4044 pollere
2168 3971 2610 4044 COgnoverimus,
2670 3980 2724 4027 et
2769 3972 2841 4026 ad
2897 3971 3053 4028 nobis
3107 3971 3502 4028 conferendum

1901 4060 2154 4116 solatium
2182 4059 2504 4114 festinanter
2552 4074 2866 4125 occurrere,
2901 4067 2960 4114 ut
3024 4052 3234 4116 alterna
3282 4059 3495 4116 visione

1900 4149 2204 4220 loquamur,
2239 4163 2346 4203 non
2380 4147 2495 4219 pati
2549 4163 2732 4202 moras
2788 4147 3148 4203 advertimus.
3207 4147 3494 4215 Caterum,

1901 4236 2047 4308 quod
2077 4235 2254 4292 dicitis
2285 4242 2342 4290 ut
2370 4234 2738 4290 Liutwardum
2763 4235 3130 4291 venerabilem
3178 4235 3498 4307 episcopum

1899 4340 2244 4380 communem
2301 4323 2516 4379 ﬁdelem
2571 4330 2818 4379 nostrum
2868 4323 2937 4379 ad
2992 4339 3094 4380 nos
3131 4323 3490 4396 pramittatis,

1900 4412 2060 4468 valde
2089 4412 2144 4468 in
2176 4411 2407 4468 Domino
2436 4412 2774 4484 gratulamur
2803 4431 2818 4480 ;
2852 4421 3041 4468 etcum
3069 4429 3192 4468 eum
3222 4427 3324 4484 pro
3353 4427 3498 4469 com-

273 4503 541 4559 Nolumus
568 4502 824 4576 ignorare
844 4506 1084 4556 vestram
1121 4497 1513 4554 fraternitatem
1543 4495 1666 4568 quia
1695 4510 1795 4568 pro
1823 4485 2047 4556 D'muni
2085 4501 2315 4556 utilitate
2345 4517 2561 4572 semper
2587 4501 2856 4557 desudare
2885 4502 3324 4574 cognoverimus,
3375 4516 3494 4556 ma-

199 4590 592 4664 multiplicibus
631 4597 833 4646 sancta
854 4589 955 4644 Dei
975 4587 1238 4644 Ecclesia
1269 4585 1705 4646 necessitatibus,
1739 4599 1796 4640 νι

201 4681 332 4737 Idus
377 4679 698 4736 Novembris
742 4677 897 4732 istius
955 4684 1160 4748 quarta
1215 4675 1443 4732 decima
1489 4671 1798 4729 indictionis

206 4767 527 4842 synodalem
555 4773 900 4832 conventum,
933 4765 1166 4821 Domino
1201 4764 1510 4834 adjuvante,
1544 4762 1794 4819 celebra-

201 4858 316 4914 turi
345 4873 532 4913 sumus
555 4875 570 4922 ;
592 4864 781 4912 etcum
796 4853 1050 4921 diversis,
1073 4853 1348 4926 pracipue
1373 4853 1792 4918 Saracenorum,

198 4944 605 5018 impedimentis
634 4943 895 5016 implicati
949 4959 1216 5007 essemus,
1275 4940 1621 5012 nequivimus
1671 4955 1794 4995 eum

203 5051 306 5092 suo
334 5043 580 5105 tempore
608 5048 968 5106 congregare,
1003 5031 1231 5104 dignum
1279 5029 1532 5085 duximus
1579 5029 1648 5084 ad
1695 5043 1795 5083 au-

201 5119 564 5194 gmentandas
593 5124 756 5190 atque
787 5115 1146 5188 perficiendas
1167 5113 1566 5171 ecclesiasticas
1595 5112 1794 5168 utilita-

202 5217 308 5276 tes,
333 5208 420 5265 vel
439 5205 664 5280 prafato
695 5213 937 5277 tempore
995 5221 1106 5260 non
1161 5202 1516 5275 praetermitti,
1581 5201 1796 5274 quomi-

200 5313 306 5352 nus
331 5304 480 5353 tanta
509 5294 807 5352 necessitas
859 5293 978 5350 sine
1032 5291 1283 5350 consultu
1331 5291 1560 5346 aliorum
1589 5289 1798 5346 confra-

200 5394 342 5442 trum
363 5392 670 5441 nostrorum
699 5383 1006 5440 indiscussa
1032 5397 1143 5438 non
1171 5387 1495 5446 remaneret,
1519 5386 1576 5434 ut
1605 5377 1798 5434 vestris

200 5473 512 5530 salubribus
543 5472 784 5530 consiliis
816 5470 954 5538 fulti,
1006 5469 1270 5542 quidquid
1300 5469 1370 5524 ad
1399 5470 1661 5524 honorem
1697 5467 1799 5522 Dei

205 5571 262 5620 et
289 5578 634 5622 communem
663 5561 950 5619 utilitatem
977 5559 1231 5632 pertinet,
1263 5556 1624 5616 communiter
1666 5571 1797 5629 per-

1898 4605 2068 4662 gnum
2097 4588 2256 4644 nobis
2286 4589 2546 4660 gaudium
2576 4589 2633 4643 in
2678 4590 2914 4646 adventu
2947 4589 3093 4644 illius
3109 4597 3376 4655 nascetur,
3427 4603 3494 4646 eo

1900 4678 2046 4750 quod
2069 4677 2125 4732 in
2153 4677 2324 4749 ipsius
2353 4677 2644 4748 prasentia
2672 4686 2911 4734 vestram
2939 4677 3268 4732 intuebimur
3313 4676 3492 4733 excel-

1897 4765 2141 4822 lentiam.
2172 4767 2475 4834 Postremo,
2536 4763 2958 4831 ﬁlicharissime,
2983 4765 3129 4837 quod
3141 4764 3496 4821 sciscitamini

1898 4855 1966 4910 de
1998 4855 2228 4922 Graecis,
2263 4863 2426 4926 atque
2481 4855 2790 4922 Ismaelitis,
2822 4861 2876 4910 et
2931 4853 3138 4910 cateris
3187 4853 3492 4927 quibusque

1899 4943 2097 5000 exteris
2127 4943 2452 5014 nationibus,
2485 4943 2573 5000 vel
2603 4941 2938 5010 concivibus,
2971 4942 3204 5014 qualiter
3239 4959 3328 4998 res
3359 4958 3490 5017 aga-

1897 5039 2004 5101 tur,
2029 5031 2350 5087 brevissime
2381 5031 2797 5102 respondemus.
2833 5030 2941 5086 Sed
2983 5039 3040 5084 ut
3071 5031 3186 5087 hac
3213 5031 3397 5088 omnia
3423 5048 3490 5088 ex

1896 5120 2086 5176 intimo
2119 5120 2284 5176 corde
2311 5127 2472 5191 atque
2501 5119 2749 5174 dolenter
2777 5119 3084 5184 advertatis,
3145 5119 3293 5175 omni
3343 5135 3492 5176 men-

1899 5209 1965 5264 tis
1995 5209 2282 5265 conamine
2313 5208 2670 5263 exhortamur
2703 5223 2714 5262 :
2750 5215 2932 5263 tamen
2969 5208 3084 5263 Deo
3144 5207 3251 5262 sint
3303 5215 3488 5280 grates

1898 5305 1952 5353 et
1981 5297 2170 5352 laudes
2200 5295 2325 5368 quia
2354 5295 2672 5352 Gracorum
2705 5295 2926 5368 navigia
2967 5295 3024 5350 in
3051 5295 3192 5351 mari
3221 5295 3490 5352 Israelita-

1898 5403 2018 5441 rum
2077 5383 2484 5441 victorisissime
2515 5391 2822 5440 straverunt
2863 5385 3184 5458 phalanges,
3261 5393 3312 5440 et
3368 5399 3483 5450 eos,

1895 5481 2055 5545 prout
2085 5471 2348 5527 Dominus
2374 5471 2560 5538 voluit,
2593 5470 2847 5528 debellati
2869 5480 3011 5528 sunt.
3046 5472 3155 5528 Sed
3183 5487 3284 5527 nos
3313 5479 3492 5526 tamen

1897 5569 2009 5618 tam
2039 5561 2142 5634 ipsi
2165 5561 2281 5632 jam
2303 5559 2433 5617 dicti
2470 5559 2758 5618 Ismaelita
2788 5576 2950 5634 quam
2979 5560 3072 5618 alii
3101 5559 3354 5618 concives
3382 5573 3488 5616 no-
