4086 6296
595 305 700 359 915

1870 297 2166 356 JOANNIS
2222 297 2414 354 PAPE
2472 299 2614 355 VIII.

3792 303 3893 357 916

597 426 696 482 stri
723 426 1044 498 impugnant
1073 441 1140 482 ac
1193 432 1616 498 persequuntur,
1678 431 1736 479 ut
1790 431 1943 479 extra
1999 439 2188 479 muros
2218 423 2274 484 A
2294 422 2562 479 nefarium
2592 425 2934 484 commisisse
2989 404 3208 500 negavit
3241 443 3256 495 ;
3289 426 3386 483 sed
3415 440 3606 483 coram
3636 425 3894 482 omnibus

593 515 758 572 Urbis
786 515 1091 570 nullatenus
1119 515 1205 570 vel
1263 514 1355 586 qui
1407 514 1596 569 labore
1653 529 1915 568 manuum
1973 529 2204 567 suarum-

595 604 783 660 vivere
813 603 1050 673 valeant,
1079 603 1165 659 vel
1197 603 1311 674 qui,
1343 610 1399 657 ut
1428 602 1502 656 ita
1559 601 1810 668 dixerim,
1871 600 2195 656 Christiani-

594 699 761 747 tatem
791 708 968 756 suam,
1003 691 1140 748 sicut
1171 691 1349 758 decet,
1409 691 1722 756 observent,
1780 690 1965 761 egredi
2023 688 2194 743 libere

591 780 804 851 possint
834 797 848 834 :
882 796 944 835 ac
971 796 1072 851 per
1099 781 1221 849 hoc,
1253 779 1362 835 imo
1391 795 1489 850 pro
1517 779 1602 832 his
1630 778 1902 845 omnibus,
1951 777 1997 831 si
2038 777 2191 832 citis-

600 868 738 924 sime
769 876 841 934 et,
877 868 1128 924 omnibus
1161 867 1539 923 occasionibus
1568 867 1928 938 omnibusque
1959 881 2191 921 excusa-

594 956 834 1012 tionibus
866 957 1180 1028 postpositis
1237 965 1288 1011 et
1316 955 1656 1026 contemptis,
1692 956 1761 1010 ad
1815 971 1977 1010 omne
2033 954 2192 1009 nobis

596 1053 648 1100 et
677 1045 804 1101 huic
835 1045 1044 1116 regioni
1076 1045 1231 1100 valde
1262 1044 1474 1100 afﬂicta:
1505 1044 1900 1100 conferendum
1931 1043 2186 1098 solatium

594 1149 705 1190 non
732 1133 1010 1200 veneritis,
1045 1133 1235 1205 procul
1265 1133 1430 1187 dubio
1473 1132 1614 1189 scire
1656 1131 1885 1204 potestis
1939 1131 2068 1204 quia
2121 1131 2192 1186 ad

591 1229 880 1294 peccatum
911 1230 1152 1276 vestrum
1182 1229 1234 1276 et
1279 1222 1537 1276 damnum
1581 1221 1824 1276 omnium
1879 1221 1996 1276 haec
2043 1229 2192 1274 terra

592 1309 806 1381 peribit.
841 1310 994 1366 Unde
1023 1326 1122 1381 pro
1150 1311 1266 1364 Deo
1315 1309 1632 1365 festinanter
1682 1309 1785 1364 iter
1839 1309 1907 1362 ad
1939 1323 2040 1363 nos
2098 1324 2192 1364 ve-

593 1398 777 1454 niendi
817 1399 1097 1468 assumite,
1133 1406 1185 1453 et
1214 1405 1272 1453 ut
1294 1398 1438 1453 bella
1458 1397 1671 1453 Domini
1691 1398 1808 1453 vice
1829 1397 1971 1452 illius
1985 1397 2192 1468 praelic-

592 1487 743 1556 mini,
776 1488 847 1543 ad
879 1487 1166 1543 beatorum
1205 1487 1577 1559 apostolorum
1635 1487 1840 1554 limina,
1899 1487 2014 1541 Deo
2043 1502 2191 1558 prae-

594 1575 753 1642 duce,
788 1592 887 1646 pro
918 1576 1351 1632 Christianorum
1379 1575 1621 1630 omnium
1651 1575 1850 1631 auxilio
1879 1582 2187 1646 properate.

593 1664 732 1721 Data
761 1680 821 1720 ut
852 1665 1126 1720 Kalendas
1156 1665 1506 1731 Novembris,
1540 1663 1833 1720 indictione
1855 1678 1975 1720 xxv.

1318 1788 1516 1844 CCCII.

1117 1892 1218 1932 AD
1274 1891 1661 1933 EUMDEM.

1215 1966 1396 2036 (Anno
1429 1969 1577 2037 880.)

607 2055 904 2113 Deusdedit
949 2057 1334 2111 Ravennatem
1368 2057 1583 2127 injuste
1637 2056 2197 2112 excommunicatum

670 2127 939 2192 absolvit;
961 2127 1264 2193 conﬁrmat
1292 2127 1452 2181 illius
1482 2143 1612 2181 cum
1641 2127 1819 2182 Maria
1855 2141 2036 2182 uxore
2059 2141 2197 2182 con-

664 2198 891 2270 jugium
921 2216 940 2252 :
963 2197 1123 2269 jubet
1153 2213 1283 2253 eum
1309 2197 1560 2268 defendi.

671 2301 1148 2360 Reverendissimo
1178 2310 1230 2358 et
1259 2302 1600 2359 sanctissimo
1639 2303 1880 2359 ΒοιίΑΝο
1923 2302 2198 2374 archiepi-

601 2406 770 2463 scOpo
790 2391 1092 2446 Ravennati
1122 2407 1222 2462 pro
1252 2407 1420 2448 causa
1439 2391 1737 2447 Deusdedit
1765 2391 2112 2460 Ravennatis,
2146 2398 2200 2446 et

598 2480 769 2538 Leoni
823 2480 1120 2536 venerabili
1177 2480 1438 2552 episcopo
1497 2480 1665 2536 misso
1723 2487 1776 2536 et
1839 2479 2196 2552 apocrisiario

598 2585 824 2626 summa;
852 2569 999 2624 sedis
1027 2577 1228 2625 nostra:
1263 2569 1597 2640 apostolica,
1630 2569 1865 2625 fnecnon
1915 2567 2196 2640 quibusvis

599 2657 784 2714 missis
813 2657 1153 2728 imperatoris
1181 2665 1234 2713 et
1263 2658 1515 2714 omnibus
1538 2658 1836 2728 judicibus,
1879 2665 1932 2713 et
1984 2656 2200 2728 populis

601 2745 834 2802 Romani
878 2745 1134 2800 territorii
1189 2744 1513 2812 constitutis,
1573 2745 1887 2817 cunctisque
1947 2742 2201 2798 ﬁdelibus

603 2841 807 2890 sanctae
835 2833 1116 2899 Ecclesiae,
1151 2833 1514 2904 prasentibus
1542 2833 1748 2890 scilicet
1785 2842 1950 2905 atque
1983 2831 2196 2888 futuris.

677 2921 933 2978 Omnium
961 2921 1319 2978 reverentiam
1349 2921 1698 2993 omniumque
1716 2921 2040 2976 industriam
2064 2921 2200 2976 scire

597 3013 879 3068 hortamur
909 3011 1054 3083 quod
1085 3011 1371 3066 Ravennas
1403 3011 1680 3067 Romanus
1733 3009 2198 3082 archiepiscopus,

595 3109 650 3157 et
678 3116 794 3168 ore,
831 3116 958 3157 cum
987 3102 1256 3157 Ravennae
1285 3097 1576 3169 fueramus,
1609 3099 1824 3165 dixerit,
1858 3107 1911 3154 et
1967 3097 2188 3169 scriptis

601 3189 980 3255 transmiserit,
1031 3189 1177 3261 quod
1205 3189 1469 3244 nonnulla
1497 3189 1703 3244 incesta
1732 3188 1988 3260 conjugia
2017 3187 2073 3242 in
2102 3203 2202 3243 sua

601 3278 863 3352 parochia
909 3277 1156 3346 fuissent,
1190 3285 1242 3332 et
1302 3277 1540 3349 quotidie
1577 3275 1786 3332 ﬁerent.
1833 3277 2043 3332 Deinde
2106 3293 2204 3346 per

605 3383 763 3422 suum
793 3367 1054 3438 legatum,
1087 3365 1430 3422 Dominicum
1486 3365 1739 3421 videlicet
1796 3365 2198 3436 presbyterum,

606 3463 665 3511 ut
693 3455 796 3527 ipsi
825 3453 1044 3526 triginta
1087 3462 1139 3508 et
1169 3454 1276 3508 duo
1330 3461 1546 3520 essent,
1579 3453 1810 3510 dicendo
1857 3451 2197 3524 signiﬁcavit,

608 3561 914 3619 suggerens
944 3551 1002 3598 ut
1032 3551 1213 3599 nostra
1242 3542 1557 3598 auctoritate
1585 3541 1689 3615 ipsi
1721 3559 1816 3598 eos
1870 3542 2059 3597 liceret
2105 3558 2200 3598 ca-

601 3634 798 3690 nonice
828 3649 1018 3689 omnes
1040 3632 1306 3702 judicare.
1370 3630 1474 3702 Qui
1502 3632 1754 3687 omnibus
1773 3631 2031 3698 dimissis,
2065 3647 2202 3702 quos

605 3723 770 3780 etiam
797 3721 1116 3778 nominatim
1169 3721 1400 3785 dixerat,
1437 3729 1488 3776 et
1528 3721 1641 3776 sola
1670 3720 1922 3776 inductus
1975 3719 2196 3789 invidia,

597 3819 658 3866 ut
687 3827 890 3876 remur,
925 3818 978 3866 et
1007 3817 1200 3881 postea
1229 3809 1284 3863 in
1317 3817 1500 3865 sancta
1533 3809 1700 3880 patuit
1741 3809 1968 3880 synodo,
2029 3809 2201 3862 Deus-

602 3899 753 3956 dedit
783 3898 1000 3954 ﬁdelem
1030 3906 1278 3954 nostrum
1310 3897 1446 3970 (qui,
1479 3898 1607 3953 dum
1651 3898 1922 3954 Ravenna:
1978 3896 2195 3965 fuimus,

596 3989 715 4063 ipse
741 3974 912 4060 penes
943 4002 1043 4042 nos
1073 3986 1311 4059 quotidie
1359 3985 1474 4052 fuit,
1509 3994 1562 4042 et
1591 4001 1778 4044 coram
1807 4001 1915 4051 me,
1977 3993 2031 4040 et
2079 3985 2200 4056 ipso

594 4077 1008 4149 archiepiscopo
1031 4092 1242 4146 causas,
1275 4084 1332 4131 ut
1377 4076 1658 4146 debuerat,
1699 4074 2009 4146 judicavit),
2043 4083 2198 4146 post-

597 4183 763 4241 quam
811 4167 999 4222 sedem
1076 4164 1434 4237 apostolicam
1491 4165 1802 4237 appellavit,
1881 4179 2200 4220 excommu-

596 4257 781 4314 nicare
809 4271 918 4310 non
949 4254 1282 4310 formidavit.
1322 4255 1444 4325 Ipse
1475 4253 1772 4309 Deusdedit
1801 4269 1933 4308 vero
1961 4253 2064 4308 dux
2095 4269 2198 4324 pro

601 4353 793 4401 nostra
847 4341 1104 4398 ﬁdelitate
1146 4342 1232 4397 his
1277 4341 1538 4412 obedivit,
1611 4351 1660 4398 et
1709 4341 1777 4396 ad
1842 4341 2196 4413 apostolicam

599 4431 941 4506 praesentiam
969 4431 1156 4486 venire
1195 4430 1371 4485 modis
1423 4430 1674 4484 omnibus
1729 4429 2021 4486 festinavit.
2083 4431 2196 4485 Nos

2296 528 2356 567 se
2384 513 2728 571 innocentem
2759 516 3014 584 ostendit,
3050 525 3104 572 et
3129 516 3298 572 divini
3327 515 3702 588 mundanique
3752 514 3892 584 juris

2293 602 2617 659 auctoritate
2643 620 2702 660 se
2741 606 3095 678 conjugatum
3119 604 3383 676 probavit.
3405 603 3760 675 Quapropter
3787 617 3896 658 una

2292 705 2417 744 cum
2446 700 2630 747 sancta
2663 694 2874 764 synodo
2905 693 3057 748 illum
3086 693 3438 759 absolvimus,
3481 701 3536 748 et
3565 708 3710 774 eum,
3741 707 3893 747 com-

2293 779 2538 834 munioni
2588 789 2790 836 nostrae
2836 783 3164 854 recepimus,
3216 789 3270 838 et
3321 781 3548 837 Mariam
3591 781 3890 853 conjugem

2259 883 2445 922 suam
2472 868 2550 923 illi
2579 885 2805 926 uxorem
2835 887 2957 926 esse
3010 871 3310 944 legitimam
3367 868 3709 925 ﬁrmavimus
3770 884 3892 925 cum

2293 956 2670 1014 benedictione
2698 959 2798 1014 Dei
2827 959 3213 1030 omnipotentis
3241 966 3295 1014 et
3323 967 3506 1014 nostra
3540 977 3554 1025 ;
3587 967 3640 1014 et
3673 957 3722 1012 si
3742 973 3893 1028 prae-

2293 1043 2432 1100 fatus
2479 1047 2938 1119 archiepiscOpus,
2991 1055 3083 1103 aut
3146 1047 3377 1103 ministri
3432 1048 3568 1117 ejus,
3607 1047 3667 1101 in
3725 1046 3895 1101 rebus

2294 1134 2404 1189 suis
2457 1151 2788 1209 suorumque
2830 1136 3110 1192 hominum
3157 1136 3494 1193 invasionem
3563 1143 3617 1191 et
3673 1135 3898 1190 fortiam

2292 1221 2473 1279 facere
2503 1225 2750 1294 voluerit,
2789 1241 2886 1281 vos
2916 1227 3258 1282 Ravennates
3313 1241 3412 1298 pro
3466 1225 3586 1296 ipso
3624 1223 3782 1278 illum
3839 1223 3895 1277 in

2293 1312 2408 1366 suis
2447 1311 2740 1370 defendite.
2783 1315 2920 1369 Data
2966 1318 3034 1370 ut
3086 1331 3278 1388 supra,
3326 1313 3618 1370 indictione
3672 1311 3892 1368 decima

2293 1408 2506 1472 quarta.

2978 1491 3202 1547 CCCIII.

2362 1592 2436 1634 Αι)
2463 1593 2798 1635 ANSPERTUM
2826 1593 3304 1636 ARCHIEPISCOPUM
3319 1592 3818 1636 ΠευιοιΔΝεΝειῖιί.

2907 1669 3090 1740 (Anno
3125 1667 3277 1740 880.)

2222 1779 2276 1841 Β
2298 1773 2714 1856 [ηοῤεὶθη-ιὶρξ,
2731 1791 2860 1856 eum
2901 1777 3113 1846 arguit,
3140 1776 3504 1856 praecipith
3525 1775 3889 1856 utﬁhodoal-

2367 1846 2503 1900 dum
2544 1850 2601 1901 et
2652 1847 2977 1901 Warlenum
3017 1846 3356 1918 monachos,
3403 1846 3535 1918 quos
3575 1846 3792 1918 injuste
3823 1847 3889 1900 in

2367 1932 2653 1990 carcerem
2697 1919 3022 1990 conjecerat
3047 1959 3064 1984 ,
3111 1917 3184 1972 ad
3228 1917 3424 1974 eorum
3482 1917 3894 1973 monasterium

2366 1987 2670 2056 honoriﬁce
2696 1987 2980 2044 remittat.

2367 2096 2665 2150 ANSpnn'ro
2695 2095 3104 2166 archiepiscopo
3134 2093 3540 2150 Mediolanensi.

2367 2183 2636 2239 Decuerat
2665 2191 2737 2250 te,
2761 2181 2930 2239 frater
2958 2183 3292 2250 charissima,
3343 2199 3481 2256 pura
3507 2182 3676 2238 animi
3713 2183 3892 2240 since-

2296 2271 2455 2327 ritate
2512 2287 2633 2327 eam
2680 2272 3040 2328 reverentiam
3087 2287 3318 2344 eumque
3368 2273 3632 2328 honorem
3681 2281 3890 2328 sanctae

2298 2359 2416 2416 sedi
2445 2360 2776 2432 apostolicae,
2807 2361 2894 2417 cui
2924 2362 3040 2417 Deo
3069 2369 3288 2417 auctore
3333 2357 3710 2433 praesidemus,
3756 2377 3892 2434 quo-

2299 2449 2428 2504 tidie
2455 2449 2792 2521 impendere,
2828 2466 2949 2522 quae
2976 2465 3150 2522 usque
3179 2450 3250 2505 ad
3280 2458 3370 2504 tua
3399 2458 3649 2522 tempora
3696 2466 3889 2506 omnes

2298 2538 2372 2592 tui
2400 2539 2840 2608 predecessores
2888 2538 3232 2594 laudabiliter
3285 2539 3547 2606 viventes,
3601 2539 3728 2595 huic
3784 2540 3893 2595 Ec-

2299 2627 2480 2683 clesiae
2509 2627 2814 2682 obtulerunt
2841 2643 3017 2698 prona
3044 2627 3241 2682 mentis
3270 2627 3575 2683 devotione.
3637 2628 3742 2683 Pro
3787 2643 3894 2699 qua

2301 2731 2361 2772 re
2391 2716 2507 2785 ejus
2523 2715 2736 2787 gremio
2749 2717 3004 2787 suscepti,
3039 2716 3256 2788 quidam
3286 2732 3398 2788 prie
3415 2715 3694 2772 nonnullis
3707 2732 3890 2772 amore

2301 2804 2482 2860 dilecti
2503 2813 2625 2859 sunt
2660 2825 2674 2873 ;
2710 2805 2808 2860 sed
2837 2821 2986 2872 ecce,
3019 2805 3295 2878 quodsine
3311 2805 3500 2862 dolore
3528 2805 3634 2860 dici
3657 2821 3766 2861 non
3794 2821 3891 2877 po-

2300 2901 2424 2963 test,
2457 2893 2644 2949 nescio
2675 2910 2781 2966 qua
2815 2894 3022 2966 antiqui
3063 2895 3235 2950 hostis
3276 2893 3484 2960 fraude,
3530 2911 3564 2950 a
3591 2894 3681 2950 die
3736 2895 3890 2950 ordi-

2301 2981 2533 3036 nationis
2561 2989 2686 3048 tuae,
2719 2991 2772 3037 et
2803 2990 3044 3054 tempore
3075 2983 3387 3052 senectutis,
3413 2991 3600 3039 contra
3644 2991 3891 3038 sanctam

2301 3071 2605 3126 Romanam
2651 3071 2956 3128 Ecclesiam
3004 3079 3231 3128 matrem
3280 3081 3426 3127 tuam
3471 3087 3580 3128 non
3637 3072 3892 3128 destitisti

2299 3175 2445 3216 nunc
2473 3159 2815 3226 inobediens,
2845 3175 2989 3240 nunc
3017 3161 3242 3216 dolosus
3298 3169 3351 3216 te
3405 3160 3708 3232 patefacere
3739 3179 3754 3216 :
3786 3176 3892 3234 qua

2300 3249 2623 3304 necessitate
2653 3249 2936 3320 compulsi,
2971 3257 3022 3304 te
3052 3250 3330 3321 corripere
3349 3249 3645 3322 apostolico
3675 3249 3890 3322 ﬂagello

2300 3354 2480 3408 operas
2503 3337 2736 3410 pretium
2767 3338 3055 3404 duximus;
3089 3339 3188 3393 sed
3215 3339 3408 3394 iterum
3436 3346 3666 3410 paterna
3721 3339 3889 3394 mise-

2301 3427 2504 3482 ratione
2534 3434 2586 3482 te
2615 3427 2685 3482 ad
2715 3443 2818 3482 nos
2845 3427 3114 3482 reducere
3141 3443 3249 3483 non
3270 3427 3741 3500 praetermisimus,
3765 3444 3888 3500 spe-

2299 3521 2483 3570 rantes
2514 3515 2568 3569 in
2599 3525 2648 3570 te
2678 3515 2745 3570 de
2776 3515 2988 3586 reliquo
3017 3515 3226 3570 nullum
3255 3515 3547 3589 vestigium
3593 3516 3744 3573 circa
3788 3533 3889 3574 nos

2299 3605 2474 3674 culpae
2504 3605 2686 3676 aliquo
2715 3604 2880 3660 modo
2909 3604 3169 3676 reperire,
3202 3605 3326 3676 quia
3379 3613 3430 3660 et
3475 3604 3745 3676 professio
3800 3614 3891 3661 tua

2299 3693 2404 3748 hoc
2423 3709 2606 3748 coram
2623 3693 2780 3748 nobis
2795 3693 3152 3764 jurejurando
3200 3693 3708 3766 spoponderat.En,
3751 3695 3892 3754 bone

2299 3781 2401 3848 vir,
2461 3782 2665 3854 aliquid
2707 3783 2942 3838 deterius
2998 3783 3334 3840 committere
3380 3799 3487 3838 non
3562 3783 3886 3852 formidasti,

2298 3886 2423 3925 cum
2445 3871 2708 3942 quosdam
2739 3874 3036 3929 monachos
3065 3880 3282 3928 nostros
3335 3871 3553 3928 nomine
3607 3873 3888 3929 Rhodoal-

2299 3959 2448 4026 dum,
2482 3967 2535 4014 et
2562 3960 2904 4028 Warlenum,
2943 3963 3116 4018 Roma
3167 3962 3236 4017 ad
3290 3978 3444 4016 suum
3501 3963 3890 4018 monasterium

2297 4048 2637 4104 Pultariense
2679 4049 2782 4105 iter
2837 4060 3146 4122 carpentes,
3193 4051 3616 4122 comprehensos
3663 4052 3892 4121 jusseris

2297 4136 2389 4191 diu
2419 4137 2521 4192 sub
2552 4139 2810 4194 custodiae
2856 4139 3086 4195 vinculis
3133 4139 3422 4196 reservari.
3485 4138 3646 4208 Quod
3701 4141 3886 4213 quanti

2297 4226 2495 4297 piaculi
2524 4226 2591 4282 sit
2621 4244 2756 4284 sano
2788 4229 3062 4285 intellectu
3090 4229 3206 4300 ipse
3235 4229 3536 4300 perpende,
3599 4238 3891 4302 quantum-

2297 4331 2402 4386 que
2428 4316 2666 4372 dedecus
2687 4319 2833 4372 sedis
2857 4318 3188 4390 apostolicae,
3222 4335 3344 4390 quae
3373 4317 3589 4376 Christo
3639 4327 3886 4386 auctore,

2297 4404 2462 4459 etiam
2492 4405 2546 4460 in
2576 4407 2836 4462 barbaras
2867 4407 3111 4464 nationes
3162 4407 3338 4463 libera
3368 4424 3587 4479 semper
3644 4408 3761 4464 visa
3806 4417 3890 4464 est

600 4493 758 4577 suam
787 4535 1005 4576 causam
1061 4518 1364 4582 audientes,
1423 4525 1476 4571 et
1507 4517 1597 4588 qui
1628 4534 1751 4572 eum
1799 4534 2058 4574 accusare
2088 4534 2198 4574 non
2217 4505 2269 4567 D
2303 4493 2452 4588 {Pngi
2482 4494 2754 4588 Ῑθῧθίίίξηθ
2787 4497 2982 4588 τμίῖυοά
3010 4495 3167 4552 nefas
3194 4496 3518 4588 mannis“
3546 4497 3694 4588 (ξωηί
3718 4497 3889 4588 Fele‘

601 4609 922 4676 debuerant,
976 4623 1040 4662 ex
1069 4613 1226 4677 parte
1253 4604 1650 4676 archiepiscopi
1678 4621 1789 4661 non
1833 4607 2192 4674 invenientes,

599 4705 914 4770 poteramus
943 4695 1118 4766 ipsum
1139 4694 1428 4750 absolvere
1461 4711 1475 4756 ;
1509 4694 1605 4749 sed
1661 4694 1952 4762 noluimus,
1997 4712 2199 4766 usque-

604 4801 712 4857 quo
742 4784 1153 4854 archiepiscopo
1210 4780 1566 4849 misissemus,
1629 4783 1738 4839 imo
1793 4783 1880 4838 cui
1927 4783 2193 4851 misimus,

604 4874 849 4930 dicentes
881 4889 892 4928 :
927 4880 984 4926 ut
1011 4871 1128 4942 ipse
1158 4869 1601 4942 archiepiscopus
1615 4887 1718 4943 pro
1739 4871 1954 4926 statutis
1983 4882 2199 4930 sancta-

605 4977 726 5017 rum
759 4961 860 5016 Dei
887 4958 1278 5028 Ecclesiarum,
1295 4975 1350 5014 v1
1385 4959 1511 5014 Idus
1538 4960 1868 5016 Novembris
1905 4961 1976 5016 ad
2032 4979 2194 5034 syno-

606 5050 737 5106 dum
757 5049 1135 5106 celebrandam
1156 5048 1379 5115 veniret,
1429 5048 1684 5104 deferens
1729 5063 1915 5105 secum
1971 5065 2198 5107 accusa-

604 5147 754 5195 tores
784 5145 834 5194 et
857 5145 1039 5207 testes,
1071 5144 1339 5210 quatenus
1369 5137 1452 5192 his
1493 5136 1684 5192 delatis
1714 5138 1991 5209 negotium
2021 5140 2196 5196 Deus-

605 5226 754 5282 dedit
782 5225 924 5281 inter
951 5225 1056 5282 alia
1083 5225 1343 5282 canonice
1361 5224 1689 5281 ﬁnissemus.
1725 5225 1832 5296 Qui
1876 5243 1974 5299 pro
2021 5244 2081 5283 se
2111 5229 2191 5283 sui

607 5314 844 5371 cardinis
873 5315 1216 5371 Dominicum
1243 5315 1645 5387 presbyterum,
1680 5323 1732 5370 et
1775 5317 2039 5372 Joannem
2086 5317 2195 5372 dia-

608 5419 804 5460 conum
834 5403 1379 5468 misit,transmitlens
1407 5419 1531 5458 cum
1562 5402 1669 5458 illis
1697 5404 1930 5475 scriptas
1960 5420 2193 5461 accusa-

609 5493 786 5548 tiones
819 5509 832 5546 :
867 5491 1059 5564 quibus
1088 5491 1302 5562 scriptis
1329 5507 1514 5548 coram
1543 5501 1728 5547 sancta
1753 5494 1964 5564 synodo
2017 5493 2190 5559 lectis,

607 5581 676 5637 ad
706 5595 774 5636 ea
797 5580 1094 5636 Deusdedit
1137 5580 1433 5652 respondit,
1494 5588 1546 5636 et
1592 5597 1651 5635 se
1705 5582 1972 5638 incestum
2031 5590 2194 5655 atque

2300 4583 2459 4638 ritate
2489 4585 2781 4639 emendare
2810 4585 3104 4654 hortamur,
3137 4594 3191 4640 et
3234 4585 3525 4658 praedictos
3567 4587 3667 4641 Dei
3708 4585 3890 4642 famu-

2298 4671 2382 4728 los
2412 4687 2534 4728 cum
2553 4673 2804 4728 omnibus
2822 4673 2936 4729 suis
2956 4673 3158 4730 illaesos
3171 4675 3318 4730 abire
3342 4675 3566 4746 patiaris
3585 4676 3656 4731 ad
3685 4675 3885 4744 locum,

2298 4761 2589 4817 miserante
2620 4763 2756 4829 Deo,
2793 4777 2903 4820 suae
2931 4762 3297 4833 habitationis,
3355 4765 3423 4819 Et
3453 4764 3592 4821 sicut
3622 4773 3714 4820 tuo
3759 4779 3891 4821 con-

2298 4849 2418 4907 silio
2446 4866 2544 4922 pro
2571 4859 2721 4907 certo
2751 4867 2846 4908 eos
2876 4853 3231 4925 cognovimus
3288 4867 3410 4909 esse
3456 4853 3772 4910 innocenter
3800 4869 3890 4910 cu-

2299 4937 2853 5011 stodiaemancipatos,
2887 4940 2979 5006 ita,
3004 4949 3057 4996 te
3088 4940 3340 5010 faciente,
3375 4942 3611 4998 sciamus
3661 4943 3886 4998 eosdem

2295 5025 2534 5083 funditus
2563 5037 2614 5084 et
2631 5025 2765 5085 'cum
2795 5029 3123 5101 competenti
3177 5031 3384 5087 honore
3415 5030 3690 5086 dimissos.
3742 5032 3879 5086 Data

2295 5133 2484 5172 mense
2499 5117 2842 5187 Novembris,
2874 5118 3170 5175 indictione
3195 5135 3315 5175 xw.

2971 5225 3192 5282 CCCIV.

2533 5329 2606 5368 AD
2636 5328 2972 5371 SALOMONEH
2993 5330 3433 5374 PBOCURATOREI
3461 5331 3656 5372 PAPLE.

2899 5404 3080 5474 (Anno
3113 5405 3263 5478 880.)

2793 5488 3056 5560 Ejusdem
3071 5491 3416 5561 argumenti.

2365 5584 2650 5640 SALouom
2681 5585 3022 5656 procuratori
3052 5585 3248 5658 Papia.
