4086 6304
267 286 374 342 91⁸1

1433 279 1792 339 EPISTOLE
1846 279 1939 338 ET
1989 280 2337 340 DECRETA.

3459 292 3564 346 918

343 408 652 482 Αροιῑοιίοε
706 407 806 464 tibi
854 407 1172 465 auctoritate
1226 406 1575 479 pmipimus
1629 415 1688 462 ut
1738 421 1863 463 mo-
1892 406 1949 468 A
1969 407 2320 479 praecipimus
2348 415 2407 463 ut
2431 409 2499 465 de
2528 411 2786 480 praesenti
2829 411 3060 469 Romam
3105 412 3177 468 ad
3220 411 3408 469 limina
3449 429 3574 470 san-

264 501 477 557 nachos
500 524 503 531 ε
523 506 759 567 nostros,
802 497 858 552 id
899 504 978 553 est
1031 496 1412 553 Rhodoaldum
1442 504 1495 552 et
1524 496 1869 563 Warlenum,

268 605 427 662 quos,
463 595 647 659 spreto
676 586 777 642 Dei
806 585 1022 652 timore,
1045 600 1079 641 a
1098 585 1375 640 liminibus
1408 593 1718 641 sanctorum
1749 600 1876 656 apo-

272 677 536 733 stolorum
566 676 636 731 ad
667 691 824 731 suum
851 674 1242 731 monasterium
1272 681 1627 742 revertentes,
1661 682 1715 728 et
1744 673 1875 728 sim-

268 766 483 839 pliciter
510 781 611 836 per
638 764 782 820 viam
821 764 1155 836 gradientes,
1196 762 1663 833 comprehendere
1707 778 1873 817 ausus

271 853 422 909 fuisti
451 861 502 908 et
531 853 587 907 in
616 852 862 908 custodia
892 852 1150 917 retinere,
1182 851 1299 906 sine
1328 850 1474 905 omni
1514 866 1673 906 mora
1703 857 1756 906 et
1783 850 1872 905 di-

270 943 474 998 latione
502 940 736 996 dimittas
764 956 889 996 cum
932 940 1184 995 omnibus
1227 940 1340 994 suis
1384 939 1582 995 reverti
1612 939 1682 994 ad
1713 955 1871 994 suum

268 1030 661 1086 monasterium
693 1045 855 1084 sanos
883 1036 1045 1101 atque
1073 1028 1295 1084 illaesos.
1331 1027 1470 1097 Quia
1499 1035 1711 1083 tantum
1740 1043 1868 1084 sce-

266 1121 352 1175 lus
383 1128 436 1176 et
464 1119 709 1189 iniuriam
731 1133 832 1190 pro
858 1120 961 1174 hac
981 1134 1042 1173 re
1062 1119 1117 1172 in
1138 1118 1327 1173 sedem
1347 1116 1699 1188 apostolicam
1722 1132 1870 1172 com-

268 1208 481 1274 misisti,
513 1223 615 1279 pro
645 1208 840 1277 quibus
864 1208 1010 1276 juste
1053 1223 1245 1263 carere
1282 1206 1553 1261 debueras
1591 1205 1870 1261 consortio

269 1296 447 1352 omnis
494 1296 948 1351 Christianitatis:
982 1303 1033 1351 et
1071 1294 1323 1361 fatemur,
1371 1295 1419 1349 si
1459 1295 1565 1350 hoc
1614 1294 1869 1350 continuo

268 1401 377 1440 non
408 1386 803 1450 emendaveris,
837 1401 869 1439 a
899 1385 1249 1455 perceptione
1279 1383 1525 1454 corporis
1554 1372 1606 1438 et
1637 1383 1868 1456 sangui-

267 1475 353 1529 nis
392 1474 606 1529 Domini
643 1474 816 1529 nostri
853 1475 983 1528 Jesu
1024 1473 1225 1528 Christi
1262 1480 1315 1527 et
1355 1473 1576 1527 introitu
1622 1472 1869 1527 ecclesiae

269 1571 322 1618 te
350 1563 780 1633 prohibebimus.
816 1564 957 1618 Data
993 1578 1183 1618 mense
1224 1561 1540 1628 Novembri,
1572 1560 1866 1616 indictione

270 1651 481 1708 decima
510 1658 714 1724 quarta.

610 1860 683 1901 ΑΙ)
722 1860 1092 1901 Αοειεεειτωί
1128 1859 1515 1900 MARCHIONEM.

882 1934 1062 2006 (Anno
1101 1936 1250 2005 880.)

271 2026 348 2082 Ab
376 2024 963 2081 excommunicatione
992 2040 1123 2079 eum
1152 2024 1405 2088 absolvit,
1437 2024 1664 2093 ejusque
1695 2021 1867 2076 homi-

336 2112 457 2161 nes,
493 2098 542 2151 si
570 2097 750 2167 spatio
779 2094 1101 2167 quindecim
1150 2095 1372 2149 dierum
1415 2095 1575 2149 intra
1612 2108 1865 2147 mensem

337 2166 607 2223 Martium
634 2166 897 2222 Ecclesia:
928 2166 1333 2237 satisfecerint.

342 2276 675 2328 Ananasa'ro
705 2271 1024 2327 marchioni.

338 2362 413 2417 Te
441 2378 569 2417 vero
599 2362 721 2432 quia
750 2376 1074 2417 conversum
1104 2367 1156 2416 et
1186 2358 1401 2414 ﬁdelem
1432 2359 1574 2416 circa
1621 2367 1864 2415 sanctam

272 2451 573 2506 Romanam
621 2449 923 2506 Ecclesiam
971 2458 1023 2505 et
1066 2465 1167 2504 nos
1213 2447 1604 2522 cognovimus,
1656 2449 1865 2520 absque

269 2547 456 2594 tenore
485 2540 553 2593 ab
581 2541 725 2594 omni
755 2538 1314 2594 excommunicatione
1364 2537 1725 2602 absolvimus;
1760 2537 1863 2592 ho-

267 2628 507 2683 minibus
537 2628 642 2682 tuis
671 2628 770 2682 sub
798 2643 863 2682 eo
892 2636 1079 2682 tenore
1122 2642 1335 2682 sacram
1381 2626 1660 2681 reddimus
1706 2641 1863 2682 com-

266 2716 607 2784 munionem,
657 2724 713 2771 ut
759 2732 978 2772 omnem
1024 2715 1488 2783 emendationem,
1545 2714 1683 2769 sicut
1712 2730 1864 2785 ,pro-

265 2806 490 2861 missum
520 2813 620 2875 est,
656 2804 836 2860 facere
865 2805 933 2859 ad
963 2804 1269 2876 quindecim
1300 2804 1418 2859 dies
1446 2803 1589 2858 intra
1617 2819 1864 2859 mensem

264 2895 515 2949 Martium
546 2894 765 2949 omnino
795 2894 1117 2949 accelerent.
1152 2892 1309 2960 Quod
1340 2893 1386 2947 si
1412 2894 1516 2948 hoc
1547 2891 1729 2948 facere
1761 2908 1863 2946 ne-

267 2983 566 3056 glexerint,
636 2998 827 3038 omnes
884 2982 983 3037 sub
1041 2983 1234 3037 eadem
1304 2980 1864 3037 excommunicatione

263 3080 639 3144 permaneant,
671 3073 846 3127 donec
877 3072 1069 3126 iterum
1099 3071 1167 3125 de
1198 3070 1517 3141 perpetratis
1555 3071 1711 3124 malis
1742 3070 1863 3141 ple-

267 3175 397 3215 nam
436 3159 635 3215 faciant
682 3159 1125 3216 satisfactionem.
1173 3160 1308 3214 Data
1354 3162 1421 3214 ut
1468 3176 1659 3232 supra,
1709 3158 1855 3212 indi-

266 3249 446 3306 ctione
474 3263 594 3303 xxv.

480 3475 553 3515 AD
592 3474 895 3517 OTEBAMUM
924 3468 1292 3515 VIENNENSEM
1318 3473 1644 3514 EPISCOPUM.

870 3550 1051 3620 (Anno
1108 3548 1259 3618 880.)

265 3639 470 3712 Arguit
498 3639 638 3711 quod
664 3641 854 3709 faveat
882 3640 1045 3712 sociis
1075 3638 1319 3712 Bosonis,
1355 3637 1520 3709 idque
1539 3653 1573 3712 ᾳ
1593 3652 1650 3712 se
1679 3636 1863 3712 impe-

336 3707 461 3766 rari
488 3707 736 3775 asserat;
766 3710 1026 3781 prrecipit
1055 3712 1121 3763 ut
1150 3711 1380 3781 Romam
1405 3707 1636 3763 accedat
1665 3710 1732 3762 ut
1758 3707 1865 3763 cri-

336 3783 497 3837 mina
525 3797 647 3854 qua:
674 3780 784 3852 ipsi
813 3781 1160 3848 obiiciuntur
1192 3780 1398 3834 diluat.

339 3886 611 3943 Oranauo
640 3895 665 3922 ⁸
694 3886 989 3942 Viennensi
1019 3886 1294 3957 episcopo.

339 3976 484 4031 Inter
512 3976 737 4031 eximios
766 3992 907 4030 nunc
938 3991 1111 4047 usque
1140 3973 1341 4029 Christi
1363 3972 1463 4029 Dei
1489 3973 1661 4029 nostri
1690 3986 1869 4028 sacer-

265 4064 423 4122 dotes
470 4073 522 4121 te
566 4065 768 4120 habere
812 4072 1110 4135 tenereque
1155 4063 1393 4119 omnimo
1438 4061 1722 4127 volumus;
1772 4060 1870 4115 sed

269 4155 399 4227 quia
441 4154 825 4211 ecclesiastica
864 4153 985 4224 paci
1033 4160 1086 4208 et
1128 4151 1340 4206 utilitati
1386 4150 1657 4207 contraria
1702 4164 1871 4221 agere

268 4242 516 4298 audimus
541 4287 553 4309 ,
605 4242 764 4298 valde
810 4242 1096 4306 miramur,
1145 4239 1494 4295 nihilominus
1556 4248 1609 4294 et
1671 4236 1872 4293 turbati

269 4330 566 4398 existimus,
600 4347 665 4387 eo
695 4331 861 4403 quod,
914 4330 1051 4386 sicut
1092 4326 1331 4383 ﬁdelium
1378 4328 1551 4383 relatu
1600 4324 1872 4397 comperi-

269 4435 414 4485 mus,
439 4419 522 4474 his
552 4420 644 4492 qui
674 4436 799 4476 cum
826 4410 1038 4474 Bosohe
1069 4424 1466 4489 praesumptore
1488 4423 1541 4471 et
1562 4415 1721 4487 regni
1748 4430 1868 4486 per-

1973 504 2185 552 ctorum
2216 497 2587 568 apostolorum
2614 507 2965 571 nostramque
3009 499 3358 572 praesentiam
3384 502 3574 559 venire

1971 601 2254 656 procures,
2288 594 2347 641 ut
2377 587 2447 642 de
2478 587 2678 642 talibus
2705 596 2758 642 te
2788 588 3102 644 criminibus
3131 592 3446 647 secumdum
3476 607 3575 648 au-

1972 674 2278 729 ctoritatem
2320 685 2632 731 sanctorum
2682 677 2904 732 Patrum
2950 693 3136 734 coram
3173 680 3332 735 nobis
3360 688 3413 736 et
3442 680 3574 737 sede

1971 763 2269 834 apostolica
2301 763 2684 820 satisfaciendo
2726 782 2961 839 purgare
2990 766 3194 834 valeas,
3227 776 3492 841 quatenus
3522 777 3575 825 te

1970 850 2114 907 inter
2170 851 2366 909 fratres
2414 860 2465 908 et
2509 855 2935 910 consacerdotes
2990 855 3228 911 retinere
3277 857 3576 913 valeamus.

1969 940 2131 1010 Nam,
2164 941 2312 1012 quod
2343 958 2456 997 non
2486 942 2783 1009 credimus,
2819 943 2865 998 si
2898 943 3056 1000 aliter
3086 942 3299 1011 feceris,
3324 954 3378 1000 et
3397 946 3584 1003 venire

1973 1028 2289 1095 distuleris,
2340 1031 2517 1087 donec
2564 1031 2703 1087 hanc
2745 1040 2991 1087 nostram
3033 1033 3337 1101 jussionem
3384 1033 3576 1106 imple-

1970 1118 2132 1185 veris,
2169 1118 2315 1174 scias
2342 1124 2395 1174 te
2426 1118 2575 1175 omni
2614 1120 2918 1192 episcopali
2963 1119 3138 1177 oﬁicio
3187 1138 3309 1178 esse
3355 1122 3583 1196 privan-

1969 1207 2119 1263 dum.

2652 1279 2898 1337 CCCVII.
2950 1328 2957 1335 .

2111 1381 2185 1421 AD
2216 1381 2582 1423 BARNIMERUM
2613 1384 2877 1437 COMITEM,
2912 1383 3285 1438 SACERDOTES,
3309 1386 3432 1427 ETC.

2593 1458 2774 1524 (Anno
2804 1460 2952 1529 880.)

1971 1545 2230 1601 Ostendit
2256 1546 2362 1601 sibi
2398 1546 2785 1617 gratissimam
2831 1550 3010 1617 fuisse
3039 1564 3233 1604 eorum
3278 1550 3339 1605 in
3384 1549 3572 1605 sedem

2036 1617 2877 1691 apostolicam_observantiam;
2917 1619 3181 1675 hortatur
3208 1619 3280 1691 ad
3306 1636 3564 1691 perseve-

2038 1688 2498 1762 rantiam._.lubet
2530 1689 2737 1759 legatos
2763 1690 2835 1744 ad
2855 1706 2920 1762 se
2948 1691 3123 1754 mitti,
3157 1688 3351 1762 quibus
3375 1707 3567 1746 rever-

1892 1768 1946 1828 B
2037 1759 2296 1833 tentibus
2313 1760 2558 1833 legatum
2587 1775 2757 1833 suum
2784 1761 3095 1833 missurum
3118 1759 3445 1833 pollicetur,
3469 1764 3565 1818 cui

2036 1829 2149 1901 ipsi
2164 1829 2503 1897 ﬁdelitatem
2515 1831 2695 1900 juxta
2713 1831 2976 1887 Ecclesiae
2994 1829 3173 1887 ritum
3200 1834 3563 1903 promittant.

2037 1934 2508 1990 Excellentissimo
2528 1935 2647 1990 viro
2676 1937 3006 1992 Baaivmano
3035 1937 3277 2009 glorioso
3306 1938 3491 1994 comiti
3516 1945 3571 1994 et

1965 2021 2167 2079 dilecto
2197 2021 2307 2078 ﬁlio
2335 2031 2525 2079 nostro
2571 2032 2731 2096 atque
2775 2024 3029 2080 omnibus
3071 2025 3344 2097 religiosis
3375 2042 3567 2083 sacer-

1966 2112 2203 2177 dotibus,
2238 2120 2291 2167 et
2321 2112 2732 2168 honorabilibus
2773 2113 3077 2183 judicibus,
3128 2122 3432 2189 cunctaque
3460 2130 3566 2188 po-

1964 2201 2091 2271 pulo
2119 2216 2221 2271 pax
2252 2208 2303 2255 et
2333 2200 2510 2274 gratia
2538 2217 2568 2255 a
2600 2202 2832 2257 Domino
2859 2203 2990 2257 Jesu
3018 2203 3254 2259 Christo.

2036 2288 2233 2343 Audita
2280 2306 2379 2359 per
2420 2290 2786 2345 Theodosium
2833 2292 3203 2348 venerabilem
3248 2292 3567 2364 episcopum

1964 2386 2204 2433 vestrum
2235 2377 2342 2433 ﬁde
2371 2387 2423 2433 et
2453 2378 2772 2449 devotione,
2807 2394 2968 2452 quam
3014 2380 3156 2436 circa
3199 2382 3386 2437 sedem
3417 2382 3563 2437 beati

1965 2467 2107 2521 Petri
2143 2467 2373 2538 apostoli
2405 2475 2456 2522 et
2485 2468 2658 2523 nostri
2700 2466 2961 2538 pontiﬁcii
2991 2484 3090 2524 vos
3121 2469 3323 2525 habere
3351 2485 3563 2541 cogno-

1964 2556 2187 2621 scimus,
2220 2556 2516 2611 immensas
2547 2557 2662 2611 Deo
2692 2557 2897 2627 gratias
2924 2556 3243 2626 referentes,
3275 2558 3332 2613 in
3359 2573 3561 2630 magno

1965 2644 2167 2717 gaudio
2195 2661 2383 2700 sumus
2419 2645 2643 2716 repleti;
2676 2645 2766 2717 qui
2795 2660 2894 2701 vos
2924 2661 3067 2701 nunc
3094 2646 3164 2702 ad
3193 2654 3399 2701 tantam
3430 2663 3565 2718 gra-

1962 2733 2093 2788 tiam
2140 2734 2476 2803 perducere,
2523 2742 2575 2789 et
2620 2733 2760 2789 inter
2817 2749 2949 2790 oves
2996 2750 3121 2789 suas
3166 2750 3566 2792 connumerare

1963 2822 2217 2895 dignatus
2246 2831 2347 2891 est,
2381 2823 2679 2878 secundum
2710 2823 2857 2894 quod
2885 2823 3151 2878 Dominus
3189 2823 3294 2894 ipsi
3337 2823 3563 2896 principi

1964 2910 2337 2981 apostolorum
2367 2911 2655 2976 commisit,
2682 2911 2908 2967 dicens:
2934 2913 2993 2968 Si
3020 2913 3209 2984 diligis
3237 2929 3345 2979 me,
3370 2914 3565 2971 Simon

1966 3004 2150 3066 Petre,
2185 3016 2354 3073 pasce
2382 3017 2506 3058 oves
2549 3017 2704 3056 meas
2746 3002 2926 3070 (Joan.
2959 3002 3104 3071 xxi).
3139 3001 3294 3057 Unde
3324 3010 3562 3057 vestram

1963 3088 2313 3158 ﬁdelitatem,
2365 3097 2419 3144 et
2467 3089 2983 3144 Christianissimam
3039 3089 3417 3156 devotionem,
3477 3090 3561 3146 his

1960 3179 2163 3234 nostris
2208 3177 2521 3248 apostolicis
2561 3177 2758 3233 litteris
2806 3177 3163 3233 admonemus
3205 3185 3259 3234 et
3303 3179 3561 3234 exhorta-

1958 3283 2100 3332 mur,
2148 3274 2204 3320 ut
2252 3266 2389 3321 sicut
2431 3265 2611 3320 divina
2664 3265 3014 3336 inspiratione
3066 3281 3231 3337 agere
3286 3266 3561 3338 cmpistis;

1959 3371 2132 3427 usque
2162 3355 2230 3409 ad
2260 3352 2423 3409 ﬁnem
2455 3353 2719 3426 perﬁcere
2750 3362 2803 3409 et
2832 3354 3129 3411 observare
3170 3370 3281 3411 non
3326 3364 3561 3427 praeter-

1960 3444 2204 3509 mittatis,
2256 3451 2521 3515 quatenus
2569 3444 2662 3514 qui
2705 3444 2806 3498 sub
2851 3444 2938 3498 ala
2985 3451 3039 3498 et
3082 3444 3351 3517 regimine
3399 3453 3562 3518 atque

1961 3532 2279 3588 defensione
2326 3532 2467 3588 beati
2497 3532 2640 3587 Petri
2668 3532 2901 3603 apostoli
2929 3541 2982 3588 et
3010 3541 3193 3588 nostra
3224 3541 3338 3589 toto
3386 3550 3559 3590 cona-

1962 3621 2107 3676 mine
2140 3637 2235 3676 vos
2257 3621 2508 3685 subdere,
2535 3629 2699 3693 atque
2720 3620 2777 3675 in
2797 3621 2913 3690 ejus
2936 3621 3158 3677 servitio
3184 3637 3561 3693 perseverare,

1965 3710 2118 3782 quasi
2149 3709 2332 3765 dilecti
2361 3707 2458 3765 ﬁlii
2485 3710 2835 3781 procurastis,
2867 3709 3107 3781 apertius
3131 3710 3238 3767 hoc
3264 3711 3565 3767 ostendatis

1965 3805 2124 3871 atque
2155 3797 2438 3869 impleatis,
2473 3806 2531 3853 ut
2552 3799 2815 3853 Dominus
2844 3798 2901 3853 in
2929 3799 3231 3870 Evangelio
3260 3798 3391 3856 dicit
3424 3815 3435 3854 :
3474 3800 3565 3857 Sic

1971 3889 2158 3944 luceat
2181 3889 2286 3943 tua:
2306 3892 2491 3944 vestra
2519 3905 2710 3944 coram
2732 3889 3071 3955 hominibus,
3090 3892 3157 3943 ut
3178 3888 3405 3944 videant
3425 3889 3568 3944 bona

1969 3993 2139 4050 Opera
2168 3981 2376 4046 vestra,
2409 3981 2465 4033 et
2491 3978 2811 4049 gloriﬁcent
2838 3979 3067 4033 Patrem
3099 3981 3349 4032 vestrum
3378 3978 3475 4049 qui
3502 3978 3568 4032 in

1969 4067 2123 4121 caelis
2154 4070 2238 4121 est
2279 4066 2495 4136 (Matth.
2528 4064 2607 4134 v).
2643 4066 2711 4119 Et
2740 4072 2797 4118 ut
2826 4065 2901 4119 ita
2926 4066 3029 4120 hoc
3057 4080 3155 4135 per
3183 4065 3374 4120 orbem
3402 4073 3576 4120 terra-

1970 4169 2088 4209 rum
2118 4162 2314 4208 vestrae
2344 4150 2652 4224 sponsionis
2691 4150 3019 4222 diffametur,
3050 4159 3109 4206 ut
3135 4152 3426 4208 auxiliante
3461 4152 3570 4209 Do-

1971 4242 2142 4308 mino,
2175 4249 2229 4296 et
2260 4248 2572 4297 sanctorum
2601 4241 2974 4312 apostolorum
3005 4239 3426 4312 suffragantibus
3454 4256 3571 4297 me-

1972 4332 2110 4397 ritis,
2162 4346 2225 4385 ea
2270 4346 2392 4402 quae
2446 4329 2602 4384 saluti
2657 4337 2712 4385 et
2765 4329 2975 4385 utilitati
3031 4329 3270 4385 omnium
3328 4340 3575 4386 vestrum

1975 4418 2218 4491 proﬁcua
2246 4427 2389 4485 sunt,
2422 4418 2696 4490 possimus
2725 4419 2793 4474 ad
2823 4419 3087 4475 honorem
3116 4426 3170 4483 et
3199 4418 3576 4474 exaltationem

268 4509 549 4564 turbatore
596 4508 939 4580 tyrannidem
992 4522 1246 4562 exercere
1291 4522 1401 4561 non
1447 4512 1682 4572 cessant,
1733 4519 1870 4558 ausu
1897 4483 2172 4565 Dsanctae
2202 4508 2348 4565 sedis
2371 4507 2685 4579 apostolicae
2712 4508 3088 4564 incunctanter
3115 4505 3400 4579 perficere,
3433 4506 3569 4563 sicut

269 4597 562 4654 temerario
592 4598 773 4653 favere
802 4611 1100 4667 eorumque
1128 4594 1290 4650 malis
1332 4592 1589 4666 operibus
1620 4608 1869 4649 commu-

269 4686 451 4743 nicare
495 4702 815 4757 praesumas,
863 4694 916 4741 et
962 4684 1019 4739 in
1067 4682 1380 4755 superbiam
1428 4699 1618 4739 eorum
1668 4695 1873 4754 sequax

271 4777 527 4841 existens,
560 4774 696 4830 falsa
723 4774 978 4845 opinione
1010 4781 1255 4829 sanctam
1284 4780 1525 4828 nostram
1572 4772 1869 4828 Romanam

268 4861 573 4918 Ecclesiam
601 4861 864 4917 infamare
893 4877 1002 4916 non
1033 4861 1267 4929 dubitas,
1301 4860 1449 4932 quod
1479 4859 1549 4915 ad
1579 4860 1705 4915 talia
1735 4875 1871 4930 per-

274 4951 549 5023 agendum
596 4951 766 5021 ipsius
815 4949 1194 5005 auctoritatem
1238 4949 1442 5005 habere
1470 4958 1523 5004 te
1569 4946 1871 5015 certiﬁces;

273 5039 421 5111 quod
471 5054 634 5111 quam
682 5037 962 5095 evidenter
1008 5036 1298 5093 ostendere
1346 5053 1456 5094 non
1496 5037 1723 5108 poteris,
1772 5052 1875 5108 pro

274 5143 378 5198 qua
425 5127 632 5184 scilicet
677 5127 920 5182 Romana
964 5126 1209 5183 Ecclesia
1238 5134 1289 5181 te
1335 5141 1548 5180 murum
1597 5141 1878 5197 Opponere

276 5215 529 5271 omnibus
556 5215 744 5288 iniqua
773 5215 1061 5289 agentibus
1105 5213 1391 5270 debueras.
1425 5215 1531 5269 Pro
1562 5214 1757 5287 quibus
1787 5215 1877 5270 ni-

274 5304 477 5359 mirum
503 5312 581 5359 tot
609 5304 769 5359 malis
809 5304 1079 5376 tantisque
1125 5294 1655 5374 praesumptionibus,
1690 5303 1788 5359 tibi
1813 5319 1879 5359 ex

270 5393 599 5449 auctoritate
627 5393 748 5463 Dei,
776 5401 826 5449 et
847 5400 1158 5450 sanctorum
1179 5391 1546 5463 apostolorum
1577 5408 1641 5447 ac
1671 5399 1877 5459 nostra,

339 5564 357 5589 '
383 5562 656 5627 Dur-amna,
681 5562 763 5625 qui
785 5574 917 5627 saepe
940 5564 1108 5628 postea
1131 5564 1371 5613 occurret.

1968 4598 2187 4654 nomine
2229 4606 2415 4654 vestro
2463 4597 2665 4669 scripta
2696 4596 2855 4652 nobis
2899 4596 3217 4663 mandastis,
3249 4596 3321 4650 ita
3351 4595 3405 4651 in
3436 4595 3577 4652 libro

1971 4687 2182 4745 caelesti
2211 4687 2410 4759 scripta
2447 4694 2820 4758 permaneant.
2873 4684 3213 4757 Quapropter
3253 4684 3577 4740 mandamus

1972 4785 2030 4832 ut
2059 4784 2367 4833 revertente
2392 4775 2462 4831 ad
2482 4791 2580 4832 vos
2608 4774 2807 4831 dilecto
2837 4774 3094 4846 episcopo
3121 4782 3323 4841 vestro,
3348 4773 3577 4830 idoneos

1972 4866 2187 4939 legatos
2217 4872 2430 4921 vestros
2475 4863 2890 4935 praesentialiter
2929 4862 2998 4917 ad
3039 4877 3141 4917 nos
3184 4861 3422 4935 dirigere
3471 4878 3581 4919 non

1974 4952 2417 5026 praetermittatis,
2451 4952 2543 5023 qui
2586 4966 2690 5022 pro
2717 4958 2875 5022 parte
2922 4950 3163 5005 omnium
3193 4956 3431 5005 vestrum
3478 4964 3580 5006 nos

1975 5050 2029 5098 et
2060 5042 2248 5098 sedem
2278 5040 2631 5112 apostolicam
2677 5039 2959 5096 consulant
2989 5038 3058 5094 de
3086 5038 3171 5093 his
3202 5054 3324 5110 qua;
3350 5037 3581 5094 manda-

1977 5132 2096 5197 stis,
2133 5138 2190 5185 ut
2220 5138 2273 5186 et
2300 5146 2404 5185 nos
2431 5144 2554 5186 cum
2583 5127 2691 5183 illis
2721 5127 2949 5182 missum
2990 5134 3236 5183 nostrum
3280 5126 3581 5200 dirigamus

1978 5220 2046 5275 ad
2075 5236 2191 5285 vos,
2226 5219 2423 5291 quibus
2462 5216 2763 5273 secundum
2809 5231 3023 5271 morem
3054 5222 3106 5271 et
3135 5215 3583 5272 consuetudinem

1981 5307 2244 5365 Ecclesiae
2272 5314 2477 5362 nostrae
2495 5306 2782 5362 universus
2807 5305 3041 5376 populus
3062 5312 3241 5360 vester
3269 5303 3584 5359 ﬁdelitatem

1976 5397 2274 5469 promittat.
2325 5395 2546 5451 Interim
2592 5410 2878 5452 monemus
2918 5402 2975 5450 ut
3017 5401 3327 5451 constantes
3355 5406 3574 5465 perma-
