4086 6294
541 241 666 305 919,

1819 233 2114 292 JOANNIS
2158 232 2352 289 PAPE
2393 233 2533 290 VIII.

3741 238 3844 294 920

538 362 734 428 neatis,
783 361 1040 434 quoniam
1091 360 1350 432 scriptum
1397 367 1479 416 est
1520 377 1533 414 :
1576 361 1768 418 Melius
1814 367 1898 417 est
1946 364 2137 416 votum
2166 358 2222 419 A
2241 357 2446 425 veritis,
2479 373 2580 412 nos
2608 357 2882 414 enimvero
2911 367 3174 432 quantum
3202 359 3256 414 in
3282 359 3441 416 nobis
3470 367 3574 426 est,
3599 359 3721 416 zelo
3744 359 3847 415 Dei

542 469 658 508 non
687 468 898 519 vovere,
921 469 1090 524 quam
1108 454 1232 523 post
1252 454 1443 506 votum
1461 451 1741 523 promissa
1763 467 1877 506 non
1905 450 2144 521 implere

545 541 744 611 (Eceli.
777 541 854 609 v).
890 538 1124 609 Spiritus
1155 538 1390 608 Domini,
1425 537 1517 610 qui
1545 539 1732 592 orbem
1763 547 1923 592 teme
1960 536 2140 606 reple-

545 627 640 694 vit,
691 628 893 698 repleat
939 635 1181 682 vestrum
1227 643 1325 682 cor
1371 627 1518 682 omni
1564 642 1697 697 pace
1747 634 1800 682 et
1844 625 2044 697 gaudio
2088 624 2143 678 in

547 715 763 774 Christo
792 716 922 772 Jesu
951 715 1184 772 Domino
1214 723 1416 771 nostro.

1301 813 1480 867 CVIII.

1301 813 1480 867 CVIII.

799 898 872 938 an
909 813 1457 938 momenmfgecan
1498 897 1890 937 BULGARORUM.

1169 955 1348 1026 (Anno
1378 957 1526 1022 880.)

555 1043 963 1126 Miratur-quod
1002 1043 1222 1126 legatos.
1252 1059 1366 1100 non
1408 1044 1648 1126 miserit,
1681 1041 2148 1126 quemadmodum

620 1116 739 1256 iam
759 1113 857 1240 dtiu
887 1113 1256 1186 promiserat;
1287 1117 1476 1169 monet
1497 1117 1561 1168 ut
1583 1113 1640 1168 id
1660 1113 2148 1184 quamplurimum

650 1201 774 1240 aeta
809 1225 822 1239 .

621 1272 830 1328 Dilecto
876 1287 939 1327 ac
987 1271 1214 1343 spiritali
1261 1270 1372 1327 ﬁlio
1421 1271 1694 1326 MICHAELI
1743 1270 1986 1344 glorioso
2032 1269 2149 1342 regi

548 1361 866 1432 Bulgarum;
919 1360 1092 1434 gratia
1139 1360 1326 1430 vobis,
1377 1367 1430 1416 et
1477 1375 1578 1432 pax
1633 1375 1662 1414 a
1709 1361 1824 1414 Deo
1880 1360 2040 1416 Patre
2097 1367 2151 1414 et

551 1449 784 1507 Domino
811 1450 940 1504 Jesu
970 1449 1202 1504 Christo.

621 1537 882 1593 Miramur
911 1539 1056 1611 quod
1077 1546 1226 1593 tanto
1239 1537 1355 1608 jam
1378 1545 1622 1608 tempore
1645 1544 1932 1603 transacto,
1953 1537 2150 1592 missos

552 1634 765 1684 vestros
811 1627 880 1681 ad
928 1635 1173 1684 sanctam
1221 1627 1519 1683 Romanam
1565 1625 1871 1682 Ecclesiam
1922 1634 2150 1680 matrem

2241 447 2490 504 succensi
2520 464 2584 502 ea
2616 464 2738 520 quae
2757 448 2827 502 ad
2856 449 3117 504 honorem
3148 457 3347 506 sanctae
3374 451 3635 505 Romana:
3653 449 3843 505 Eccle-

2241 535 2338 590 sia:
2366 536 2636 606 pertinent
2667 552 3003 609 exaggerare
3034 539 3248 608 penitus
3279 545 3595 610 satagemus
3623 556 3637 592 :
3669 553 3704 592 a
3733 537 3849 608 qui-

2244 623 2346 678 bus
2387 640 2488 678 nos
2535 624 2685 678 nulla
2733 623 3004 694 ferocitas,
3051 626 3202 681 nulla
3249 626 3517 682 maiorum
3563 627 3846 682 hominum

2243 712 2591 768 comminatio
2611 713 2788 770 donec
2808 714 3028 784 spiritus
3050 722 3208 788 reget
3237 723 3403 783 artus,
3428 715 3631 786 poterit
3650 730 3846 786 seque-

2245 809 2436 856 strare.
2471 801 2629 870 Quod
2655 803 2957 872 jussionem
2979 803 3151 858 nostri
3181 802 3442 874 pontiﬁcii
3469 803 3681 877 ingenti
3710 820 3850 874 pra:-

2246 889 2550 960 snmptione
2593 891 2883 946 absurdam
2928 891 3176 963 posuisti,
3217 891 3544 948 omnimodis
3591 891 3848 962 temetip-

2246 995 2364 1033 sum
2394 979 2614 1049 proprio
2628 979 2808 1048 jacnlo
2838 980 3218 1048 reverberasti,
3244 989 3298 1036 et
3326 981 3474 1036 velut
3503 979 3652 1052 aspis
3682 980 3850 1035 surda

2247 1067 2403 1122 saluti
2432 1076 2538 1123 tuae
2564 1070 2992 1142 congruentibus
3033 1085 3218 1125 aurem
3246 1085 3356 1126 non
3397 1069 3847 1126 accommodasti.

2247 1156 2355 1211 Sed
2409 1156 2538 1228 quid
2586 1157 2780 1228 plura?
2841 1159 3042 1214 [ternm
3105 1165 3263 1230 atque
3309 1159 3503 1214 iterum
3548 1157 3850 1214 inhibendo

2247 1244 2546 1316 apostolica
2575 1245 2897 1302 auctoritate
2927 1246 3294 1318 praecipimus,
3326 1246 3613 1302 terminum
3647 1246 3706 1301 S.
3739 1247 3850 1302 Pe-

2249 1333 2314 1388 tri
2341 1335 2410 1389 ad
2439 1333 2862 1405 ingrediendum
2903 1335 3140 1390 animum
3183 1343 3424 1391 vestrum
3453 1351 3562 1390 non
3589 1333 3847 1401 incitatis,

2249 1438 2531 1495 quousque
2561 1423 2801 1494 praedicti
2831 1423 2998 1497 legati
3046 1424 3219 1480 nostri
3249 1425 3320 1480 ad
3348 1439 3449 1480 nos
3479 1432 3845 1488 revertantur,

2249 1511 2427 1567 omnia
2449 1511 2606 1566 nobis
2637 1512 3008 1578 renuntiaturi,
3034 1514 3270 1586 itemque
3296 1513 3432 1569 alios
3454 1514 3525 1568 ad
3544 1529 3644 1568 nos
3666 1520 3850 1568 trans-

2249 1600 2460 1656 mittere
2491 1615 2667 1656 cures.
2701 1602 2838 1656 Data
2867 1609 3061 1658 octavo
3105 1601 3377 1658 Kalendas
3421 1601 3724 1668 Februarii,
3755 1601 3848 1657 in-

549 1723 786 1772 vestram
821 1723 875 1771 et
919 1716 988 1770 ad
1035 1731 1137 1771 nos
1181 1731 1291 1771 non
1339 1715 1738 1770 transmisistis.
1791 1714 1951 1770 Modo
1996 1729 2148 1780 vero,
2183 1689 2489 1778 Bdlcuone
2518 1705 2638 1744 xw-

554 1803 693 1860 sicut
721 1803 881 1860 nobis
909 1804 1089 1860 retulit
1117 1803 1455 1860 Theodosius
1477 1802 1805 1858 venerabilis
1837 1803 2147 1874 episcopus,

551 1892 750 1949 missos
772 1901 892 1948 tuos
913 1908 1036 1948 cum
1065 1908 1131 1948 eo
1160 1891 1400 1965 dirigere
1427 1892 1781 1963 promiseras,
1807 1891 1903 1947 sed
1923 1907 2024 1962 pro
2046 1906 2155 1962 qua

557 1998 717 2040 causa
746 1998 844 2037 eos
869 1981 1110 2054 dirigere
1157 1981 1566 2052 praetermiseris
1586 2023 1600 2045 ,
1633 1981 1967 2053 ignoramus.
2001 1979 2154 2036 Unde

558 2085 658 2126 vos
680 2071 796 2140 jam
822 2085 1213 2141 recognoscere
1241 2069 1552 2140 oportebat,
1584 2069 1747 2124 etiam
1779 2069 1849 2124 ad
1877 2076 2156 2140 pastorem

559 2167 612 2215 et
640 2157 953 2230 pontiﬁcem
1002 2157 1307 2213 animarum
1337 2165 1641 2213 vestrarum
1691 2157 1884 2213 reverti
1915 2165 2024 2213 tota
2052 2157 2155 2214 de-

558 2247 775 2304 votione
803 2246 1150 2314 debueratis;
1182 2247 1328 2301 unde
1356 2245 1441 2301 his
1472 2246 1671 2302 nostris
1699 2246 2014 2317 apostolicis
2061 2245 2154 2300 lit-

560 2336 689 2392 teris
736 2351 836 2391 vos
881 2335 1036 2408 quasi
1082 2334 1432 2391 charissimos
1489 2333 1629 2390 ﬁlios
1690 2335 2047 2390 admonemus
2104 2343 2156 2390 et

559 2425 924 2490 exhortamur,
957 2431 1015 2479 ut
1044 2424 1113 2479 de
1139 2423 1396 2496 praesenti
1440 2430 1654 2480 vestros
1703 2423 1931 2479 idoneos
1955 2423 2156 2480 missos

555 2512 714 2569 nobis
742 2511 1106 2568 transmittere
1135 2527 1243 2568 non
1269 2511 1546 2580 dubitetis,
1575 2519 1838 2584 quatenus
1867 2512 1936 2566 ab
1965 2511 2156 2567 uberi-

556 2601 659 2658 bus
689 2600 877 2658 matris
904 2608 1100 2656 vestrae
1120 2608 1324 2657 sanctae
1345 2600 1594 2656 videlicet
1614 2601 1872 2656 Romanae
1891 2600 2158 2656 Ecclesiae

560 2689 829 2746 satiemini
857 2689 1114 2760 omnique
1142 2689 1286 2745 bono
1331 2689 1670 2760 repleamini.
1705 2687 1846 2758 Quia
1876 2705 1977 2744 nos
2003 2705 2156 2745 more

558 2785 790 2852 paterno
818 2777 959 2833 ulnis
988 2777 1226 2833 extensis
1269 2793 1369 2833 vos
1413 2777 1685 2850 amplecti,
1738 2786 1792 2834 et
1838 2777 1994 2849 quasi
2024 2793 2157 2834 oves

561 2865 758 2922 Christi
812 2865 970 2921 nobis
1024 2865 1348 2922 commissas
1402 2866 1548 2922 alere
1605 2874 1660 2922 et
1711 2866 1923 2921 salvare
1981 2865 2158 2937 parati

560 2955 862 3024 existimus,
893 2954 1194 3011 secundum
1222 2955 1367 3027 quod
1417 2954 1678 3010 Dominus
1706 2954 1834 3010 dicit
1863 2955 2020 3010 beato
2051 2955 2155 3010 Pe-

558 3052 638 3102 tro
669 3061 684 3101 :
715 3047 888 3102 Pasce
915 3059 1040 3100 oues
1070 3059 1225 3100 meas
1236 3063 1255 3112 ,-
1287 3043 1552 3116 qnidquid
1599 3043 1743 3100 enim
1773 3043 1929 3099 vobis
1959 3043 2156 3117 dirigi-

554 3149 696 3200 mus,
722 3133 947 3190 credere
967 3131 1189 3189 omnino
1209 3132 1456 3204 potestis,
1488 3133 1612 3204 quia
1639 3147 1741 3204 pro
1771 3132 1944 3188 salute
1975 3139 2158 3188 vestra

557 3237 773 3294 semper
817 3237 984 3295 agere
1032 3236 1098 3278 ac
1143 3219 1412 3292 perﬁcere
1457 3221 1834 3278 incunctanter
1888 3221 2154 3292 cupimus.

558 3309 822 3384 Optamus
847 3324 948 3367 vos
979 3309 1032 3364 in
1063 3309 1281 3367 Christo
1309 3325 1453 3366 nunc
1473 3318 1528 3366 et
1548 3326 1764 3381 semper
1787 3309 1927 3365 bene
1958 3309 2156 3366 valere.

1240 3416 1468 3472 CCCIX.

1119 3487 1191 3560 (Γ,
1229 3501 1485 3543 CAROLUM
1523 3501 1772 3544 casssuu
1809 3495 2045 3552 REGEM).

1171 3559 1354 3630 (Anno
1392 3560 1543 3630 881.)

644 3653 822 3708 Monet
851 3655 920 3706 ut
940 3649 1204 3723 perﬁciat
1231 3664 1354 3720 quae
1375 3663 1478 3720 per
1509 3648 1718 3719 legatos
1748 3647 2065 3703 mandavit.

631 3737 907 3810 Susceptis
936 3736 1126 3792 litteris
1175 3735 1367 3809 gloria
1395 3743 1613 3803 vestrae,
1647 3735 1842 3806 quibus
1872 3751 1970 3790 vos
2001 3735 2164 3806 plena

563 3826 862 3884 intentione
890 3824 1208 3881 monstratis
1236 3823 1305 3878 ad
1333 3823 1518 3878 limina
1547 3823 1918 3894 apostolorum
1947 3823 2160 3888 festine,

565 3917 676 3973 imo
703 3915 883 3987 potius
908 3913 1172 3986 praecipiti
1203 3929 1400 3985 gressu
1428 3920 1481 3968 et
1509 3912 1649 3968 velle
1679 3911 2000 3979 convolare;
2033 3928 2166 3984 qua-

561 4002 1046 4078 propter'attoniti,
1106 4001 1191 4057 vel
1219 4001 1394 4075 magis
1442 4000 1725 4072 stupefacti
1773 3999 2037 4056 miramur
2063 4001 2166 4057 de-

565 4093 800 4152 centiam
835 4100 1071 4148 vestram
1105 4091 1369 4147 terminos
1412 4091 1629 4146 Patrum
1677 4090 2080 4156 transcendere,
2114 4097 2168 4145 et

567 4182 768 4238 lineam
797 4181 1016 4254 generis
1045 4179 1212 4235 vestri
1242 4179 1475 4251 superbo
1505 4179 1692 4250 spiritu
1735 4179 2082 4246 conculcare,
2117 4187 2170 4234 et

570 4271 626 4326 in
660 4271 918 4337 deterius,
964 4285 1077 4324 non
1123 4269 1177 4336 in
1224 4267 1420 4323 melius
1462 4283 1690 4338 prorsus
1737 4267 2050 4324 convenire.
2103 4268 2170 4322 Et

571 4375 701 4416 ecce
735 4359 982 4414 dolenter
1025 4373 1148 4412 cum
1193 4355 1453 4426 Apostolo
1495 4355 1796 4426 compellor
1838 4355 2023 4412 dicere
2057 4372 2069 4412 :
2103 4356 2169 4412 In

702 3503 772 3546 AD
811 3501 1086 3553 QUEMDAI

2323 1881 2395 1921 AD
2423 1881 2754 1923 ANSPERTUI
2783 1881 3258 1924 MEDIOLANENSEM
3280 1881 3774 1923 ABCBIEPISCOPUU.

2865 1955 3047 2028 (Anno
3085 1957 3236 2028 881.)

2255 2044 2564 2114 Conﬁrmat
2593 2045 2816 2118 Iosephi
2844 2047 3090 2118 episcopi
3119 2045 3374 2102 Astensis
3402 2045 3846 2111 ordinationem,

2324 2135 2421 2206 qui
2465 2133 2612 2189 alias
2658 2137 2860 2189 contra
2905 2149 3148 2191 canones
3185 2134 3544 2190 Vercellensis
3586 2134 3852 2190 Ecclesia:

2323 2225 2518 2296 fuerat
2547 2223 2835 2296 episcopus
2865 2225 3230 2280 constitutus.

2325 2313 2624 2366 ANSPEB’I‘O
2653 2310 3046 2368 Mediolanensi
3073 2311 3498 2383 archiepiscopo.

2326 2399 2747 2456 Consultationis
2793 2407 2898 2456 tuae
2927 2416 3034 2472 qua
3081 2415 3182 2455 nos
3231 2416 3398 2471 super
3424 2400 3646 2472 Joseph,
3675 2415 3851 2470 nuper

2254 2489 2309 2544 in
2340 2488 2675 2545 Vercellensi
2704 2489 2949 2546 Ecclesia
2975 2487 3229 2548 ordinati.
3246 2504 3383 2544 nova
3413 2504 3556 2544 nunc
3583 2488 3851 2545 electione

2255 2577 2343 2634 vel
2391 2576 2730 2633 ordinatione
2762 2577 2818 2632 in
2847 2578 3093 2634 Ecclesia
3140 2577 3379 2644 Astensi,
3428 2577 3718 2633 consulere
3748 2592 3850 2632 vo-

2255 2665 2419 2733 luisti,
2454 2666 2754 2738 perspectis
2797 2666 3257 2740 suggestionibus,
3303 2665 3498 2738 quibus
3547 2682 3712 2737 super
3751 2666 3856 2722 hoc

2257 2763 2459 2812 nostrae
2507 2755 2841 2812 auctoritatis
2888 2755 3193 2812 consultum
3239 2755 3490 2826 requiris,
3535 2755 3856 2811 canonicum

2251 2844 2636 2915 indicavimus,
2687 2853 2740 2900 et
2783 2844 2981 2900 nostris
3029 2844 3122 2900 tibi
3169 2843 3401 2900 decretis
3446 2843 3852 2912 convenienter,

2257 2933 2489 3004 prOpitia
2535 2932 2848 3000 Divinitate,
2899 2933 3300 3004 respondimus.
3351 2932 3548 2988 Fuerat
3577 2941 3758 2988 autem
3787 2933 3855 2988 de

2258 3022 2350 3077 illo
2377 3022 2634 3093 primum,
2668 3030 2726 3076 ut
2755 3021 2871 3093 ipse
2918 3038 3133 3078 mecum
3182 3021 3441 3087 advertis,
3474 3021 3749 3094 quoddam
3779 3021 3850 3076 ir-

2258 3109 2582 3184 regulariter
2608 3109 2940 3178 institutum;
2977 3111 3076 3166 sed
3104 3125 3206 3166 nos
3233 3109 3379 3181 apud
3398 3110 3456 3165 B.
3481 3110 3698 3166 Petrum
3725 3125 3855 3181 apo-

2259 3199 2455 3255 stolum
2486 3215 2606 3255 cum
2635 3207 2824 3254 sancta
2854 3199 3064 3270 synodo
3107 3199 3433 3266 residentes,
3466 3198 3673 3253 salubri
3701 3197 3855 3270 potiti

2259 3288 2506 3357 consilio,
2539 3297 2592 3342 et
2621 3287 3019 3344 animositatem
3048 3287 3192 3342 illius
3239 3287 3574 3344 correximus
3603 3295 3656 3343 et
3683 3287 3852 3342 mise-

2259 3377 2506 3432 ricordiae
2551 3375 2807 3444 fomenta,
2841 3377 3015 3448 gratia
3065 3376 3250 3432 Sancti
3297 3375 3528 3448 Spiritus
3559 3376 3853 3442 revelante,

2259 3466 2506 3538 protinus
2552 3465 2922 3537 adhibuimus,
2973 3465 3178 3522 scilicet
3224 3474 3310 3533 ut,
3363 3481 3430 3520 eo
3475 3464 3532 3520 in
3575 3464 3857 3536 pristinum

2261 3555 2510 3611 ordinem
2538 3555 2782 3625 reducto,
2817 3555 2864 3610 si
2893 3553 3059 3610 alium
3081 3554 3447 3627 episcopatum
3479 3554 3530 3610 ei
3558 3554 3857 3611 concedam

2261 3644 2550 3710 voluisses,
2581 3651 2635 3699 et
2663 3643 2797 3700 cleri
2817 3643 2904 3699 vel
2923 3643 3110 3716 populi
3130 3651 3257 3701 vota
3277 3645 3422 3700 hunc
3448 3642 3553 3698 sibi
3583 3642 3861 3700 concordi-

2262 3741 2346 3788 ter
2374 3733 2429 3786 in
2459 3732 2776 3804 episcopum
2823 3740 3155 3804 expeterent,
3199 3741 3252 3788 et
3295 3732 3610 3806 eligeretur,
3643 3740 3699 3788 et
3725 3731 3860 3788 sicut

2264 3821 2357 3894 qui
2399 3820 2533 3875 nihil
2561 3821 2629 3875 ab
2657 3821 2966 3876 ordinatore
3006 3821 3160 3892 prius
3202 3820 3498 3892 acceperit,
3540 3820 3597 3875 in
3644 3820 3859 3892 episco-

2262 3926 2390 3982 pum
2420 3917 2721 3966 crearetur.
2754 3910 2970 3965 Interea
2996 3909 3192 3966 accidit
3221 3917 3296 3976 ut,
3327 3909 3576 3965 Astensis
3602 3908 3862 3966 Ecclesia

2265 4006 2480 4055 rectore
2523 3998 2744 4070 proprio
2792 3999 3044 4068 obeunte,
3091 3999 3358 4071 permissu
3408 3997 3591 4054 Caroli
3637 3997 3864 4070 gloriosi

2266 4087 2414 4160 regis
2443 4087 2588 4142 idem
2616 4088 2841 4159 Joseph,
2875 4096 2998 4159 post
3025 4087 3342 4144 electionem
3389 4086 3519 4143 cleri
3558 4096 3611 4142 et
3653 4085 3863 4158 expeti-

2267 4176 2466 4232 tionem
2509 4176 2695 4248 p0puli
2737 4176 2792 4231 in
2833 4176 3027 4232 eadem
3075 4175 3308 4234 ecclesia
3355 4176 3579 4232 deberet
3625 4173 3865 4231 ordinari

2268 4264 2576 4337 episcopus,
2645 4273 2734 4320 tua
2783 4264 3110 4332 fraternitas,
3144 4274 3255 4321 tam
3300 4274 3480 4320 nostra
3525 4265 3866 4320 absolutione

2268 4369 2432 4426 quam
2489 4353 2652 4408 etiam
2706 4353 2878 4426 ipsius
2933 4355 3082 4427 regis
3131 4356 3414 4411 exhortata
3457 4353 3864 4419 monitionibus,

571 4447 890 4504 novissimis
939 4445 1278 4516 temporibus
1328 4443 1625 4499 instabunt
1658 4447 1909 4516 tempora
1939 4446 2168 4518 pericu-
2199 4437 2250 4496 D
2273 4444 2377 4499 hoc
2404 4442 2636 4498 libenter
2663 4443 2880 4498 admisit
2910 4452 2962 4500 et
2989 4444 3247 4500 canonice
3271 4443 3425 4513 jussa
3464 4443 3740 4514 complere
3767 4457 3866 4499 co-

575 4538 710 4605 Iosa,
742 4536 805 4590 in
834 4535 1033 4606 quibus
1063 4535 1237 4587 erunt
1267 4531 1523 4586 homines
1544 4533 1872 4603 semetipsos
1891 4537 2174 4600 amantes,

576 4629 634 4682 et
659 4625 972 4697 quaerentes
1003 4636 1125 4694 qua
1154 4636 1258 4675 sua
1287 4623 1444 4684 sunt,
1475 4635 1592 4674 non
1621 4636 1744 4690 qua:
1789 4622 1921 4678 Iesu
1969 4622 2178 4678 Christi

578 4713 631 4782 (Ι
660 4714 798 4768 Tim.
853 4710 954 4779 tu).
1005 4707 1114 4763 Sed
1163 4722 1265 4762 nos
1290 4715 1363 4772 te,
1396 4705 1469 4761 ﬁli
1511 4707 1850 4774 charissima,
1883 4708 1941 4762 in
1968 4709 2178 4766 viscere

575 4799 772 4855 Christi
801 4797 1088 4868 plurimum
1117 4794 1428 4867 diligentes,
1454 4795 1520 4849 ad
1544 4811 1608 4850 ea
1638 4803 1690 4852 te
1721 4812 2024 4866 provocare
2053 4813 2179 4870 ges-

575 4887 738 4941 timus
769 4901 888 4958 qute
919 4884 1114 4939 anima:
1141 4890 1332 4939 vestra:
1375 4882 1660 4955 proﬁciant
1687 4885 1754 4940 ad
1785 4885 2035 4941 salutem.
2068 4887 2177 4943 Le-

579 4981 739 5048 gatos
760 4989 892 5029 sane
913 4989 942 5028 e
962 4972 1130 5027 latere
1151 4979 1337 5027 nostro
1358 4972 1518 5044 plene
1538 4973 1833 5030 instructos
1857 4960 2177 5043 direximus,

582 5062 776 5134 quibus
801 5061 984 5117 omnia
1013 5061 1084 5116 ad
1105 5077 1304 5132 purum
1328 5062 1552 5118 credere
1575 5079 1692 5118 non
1709 5063 1997 5135 ambigatis
2016 5064 2071 5120 in
2097 5065 2182 5122 his

582 5167 704 5224 quae
734 5151 1063 5206 verbotenns
1093 5157 1146 5206 et
1174 5150 1392 5222 scriptis
1423 5151 1788 5222 capitulariter
1831 5153 2082 5209 dedimus
2126 5155 2182 5208 in

582 5238 870 5296 mandatis.
902 5237 1020 5308 Qua
1061 5239 1130 5294 de
1177 5256 1236 5294 re
1282 5248 1511 5312 paterno
1561 5237 1754 5296 aﬂ'ectu
1800 5257 2084 5298 monemus
2114 5249 2178 5298 ut

583 5327 767 5384 omnia
814 5326 952 5383 sicut
999 5327 1153 5383 vobis
1191 5328 1487 5384 direximus
1527 5344 1629 5400 per
1677 5329 1900 5385 eosdem
1943 5331 2176 5404 legatos,

583 5416 883 5487 adimplere
915 5417 1136 5471 omnino
1179 5417 1402 5472 curetis.
1447 5417 1682 5489 Ideoque
1711 5417 1897 5474 scitote
1927 5419 2182 5491 quoniam

583 5505 630 5565 si
658 5505 820 5580 pleno
848 5505 966 5578 jure
995 5512 1186 5564 cuncta
1217 5521 1337 5580 quae
1368 5505 1761 5564 destinavimus
1786 5523 1893 5562 non
1925 5507 2184 5581 adimple-

2273 4539 2394 4586 nata
2437 4539 2538 4586 est.
2589 4529 2750 4600 Quod
2795 4532 2920 4604 quia
2965 4549 3109 4589 nunc
3158 4531 3480 4588 sententiam
3525 4539 3764 4588 nastram
3812 4539 3870 4585 tn

2275 4637 2490 4693 quoque
2519 4629 2771 4688 secutus,
2803 4631 2856 4678 et
2894 4623 3136 4694 regalem
3181 4622 3596 4694 permissionem
3644 4621 3866 4689 devote,

2275 4709 2412 4764 sicut
2462 4709 2759 4778 condecet,
2811 4726 2872 4766 es
2919 4710 3288 4782 amplexatus.
3339 4709 3620 4782 praefatum
3667 4709 3868 4780 Ioseph

2276 4797 2656 4870 presbyterum
2709 4807 2911 4856 sanctae
2966 4799 3227 4856 Ecclesia:
3283 4799 3500 4856 Astensi
3555 4798 3868 4870 episcopum

2277 4885 2588 4957 pmfecisti,
2621 4895 2673 4942 et
2702 4887 3098 4944 ordinationem
3144 4887 3288 4943 illius
3333 4896 3504 4944 ratam
3551 4885 3740 4944 haberi
3783 4887 3876 4942 de-

2279 4975 2570 5044 cernimus,
2605 4983 2658 5031 et
2687 4977 2928 5032 omnium
2955 4992 3053 5032 ora
3082 4985 3270 5034 contra
3297 4978 3402 5034 hoc
3441 4992 3659 5050 quoquo
3704 4975 3868 5032 modo

2277 5063 2613 5118 mussitantia
2642 5065 2944 5136 apostolica
2982 5066 3300 5122 auctoritate
3340 5065 3665 5122 obstruimus
3697 5083 3711 5120 :
3745 5063 3871 5136 quia

2281 5151 2420 5208 sicut
2448 5152 2516 5207 de
2546 5153 2918 5226 irregulariter
2945 5154 3272 5226 quibuslibet
3299 5154 3498 5210 habitis
3527 5169 3628 5209 nos
3658 5153 3728 5210 ad
3756 5154 3871 5208 haec

2281 5239 2610 5312 corrigenda
2638 5242 2784 5297 zelus
2807 5242 3029 5310 justitiae
3057 5243 3274 5312 excitat,
3300 5243 3372 5297 ita
3401 5243 3469 5298 de
3501 5243 3766 5298 bonorum
3791 5241 3868 5295 vi-

2281 5343 2466 5382 rorum
2519 5329 2881 5386 laudabilibus
2934 5329 3088 5386 factis
3151 5332 3322 5404 gratia
3379 5331 3560 5386 divina
3613 5328 3863 5386 lzetiﬁcat.

2279 5417 2420 5472 Nam
2447 5424 2501 5472 et
2527 5418 2687 5473 sedes
2716 5419 3043 5490 apostolica,
3087 5419 3238 5489 juxta
3280 5419 3426 5491 quod
3473 5420 3528 5474 S.
3580 5418 3687 5474 Leo
3733 5432 3868 5489 papa

2282 5503 2488 5573 scribit,
2540 5507 2682 5564 hanc
2730 5507 3140 5581 temperantiam
3187 5515 3388 5577 servat,
3429 5514 3486 5563 ut
3531 5515 3586 5565 et
3629 5506 3868 5564 severius
