  <div class='ocr_page' id='page_1' title='image "/cluster/home/n/w/nwhite01/storage/ocr_20150623/126/umn.31951002477419r/526.png"; bbox 0 0 4086 6306; ppageno 0'>
   <div class='ocr_carea' id='block_1_1' title="bbox 242 310 341 364">
    <p class='ocr_par' dir='ltr' id='par_1_1' title="bbox 242 310 341 364">
     <span class='ocr_line' id='line_1_1' title="bbox 242 310 341 364; baseline -0.03 0"><span class='ocrx_word' id='word_1_1' title='bbox 242 310 341 364; x_wconf 64' lang='grc' dir='ltr'>9ἳ1</span> 
     </span>
    </p>
   </div>
   <div class='ocr_carea' id='block_1_2' title="bbox 1409 297 2309 357">
    <p class='ocr_par' dir='ltr' id='par_1_2' title="bbox 1409 297 2309 357">
     <span class='ocr_line' id='line_1_2' title="bbox 1409 297 2309 357; baseline 0 -1"><span class='ocrx_word' id='word_1_2' title='bbox 1409 299 1765 357; x_wconf 71' lang='lat' dir='ltr'>EPISTOLE</span> <span class='ocrx_word' id='word_1_3' title='bbox 1820 297 1908 352; x_wconf 89' lang='lat' dir='ltr'>ET</span> <span class='ocrx_word' id='word_1_4' title='bbox 1965 299 2309 356; x_wconf 81' lang='lat' dir='ltr'>DECRETA.</span> 
     </span>
    </p>
   </div>
   <div class='ocr_carea' id='block_1_3' title="bbox 3443 309 3546 364">
    <p class='ocr_par' dir='ltr' id='par_1_3' title="bbox 3443 309 3546 364">
     <span class='ocr_line' id='line_1_3' title="bbox 3443 309 3546 364; baseline 0.01 -2"><span class='ocrx_word' id='word_1_5' title='bbox 3443 309 3546 364; x_wconf 73' lang='grc'>922</span> 
     </span>
    </p>
   </div>
   <div class='ocr_carea' id='block_1_4' title="bbox 246 421 3544 502">
    <p class='ocr_par' dir='ltr' id='par_1_4' title="bbox 246 421 3544 502">
     <span class='ocr_line' id='line_1_4' title="bbox 246 421 3544 502; baseline -0.001 -18"><span class='ocrx_word' id='word_1_6' title='bbox 246 437 374 502; x_wconf 86' lang='lat' dir='ltr'>agat</span> <span class='ocrx_word' id='word_1_7' title='bbox 405 445 526 484; x_wconf 90' lang='lat' dir='ltr'>cum</span> <span class='ocrx_word' id='word_1_8' title='bbox 555 427 834 482; x_wconf 89' lang='lat' dir='ltr'>obduratis</span> <span class='ocrx_word' id='word_1_9' title='bbox 864 435 916 482; x_wconf 89' lang='lat' dir='ltr'>et</span> <span class='ocrx_word' id='word_1_10' title='bbox 945 427 1155 482; x_wconf 84' lang='lat' dir='ltr'>veniam</span> <span class='ocrx_word' id='word_1_11' title='bbox 1197 425 1374 496; x_wconf 90' lang='lat' dir='ltr'>cupiat</span> <span class='ocrx_word' id='word_1_12' title='bbox 1424 433 1686 496; x_wconf 62' lang='lat' dir='ltr'>prastare</span> <span class='ocrx_word' id='word_1_13' title='bbox 1717 439 1845 478; x_wconf 89' lang='lat' dir='ltr'>cor-</span> <span class='ocrx_word' id='word_1_14' title='bbox 1876 421 1931 481; x_wconf 89' lang='lat' dir='ltr'><strong>A</strong></span> <span class='ocrx_word' id='word_1_15' title='bbox 1950 422 2259 492; x_wconf 89' lang='lat' dir='ltr'>pontiﬁcem</span> <span class='ocrx_word' id='word_1_16' title='bbox 2289 433 2436 479; x_wconf 91' lang='lat' dir='ltr'>tuum</span> <span class='ocrx_word' id='word_1_17' title='bbox 2468 427 2646 481; x_wconf 89' lang='lat' dir='ltr'>redire</span> <span class='ocrx_word' id='word_1_18' title='bbox 2693 426 3079 482; x_wconf 79' lang='lat' dir='ltr'>satisfaciendo</span> <span class='ocrx_word' id='word_1_19' title='bbox 3127 427 3544 498; x_wconf 88' lang='lat' dir='ltr'>contempseris,</span> 
     </span>
    </p>
   </div>
   <div class='ocr_carea' id='block_1_5' title="bbox 249 513 1847 585">
    <p class='ocr_par' dir='ltr' id='par_1_5' title="bbox 249 513 1847 585">
     <span class='ocr_line' id='line_1_5' title="bbox 249 513 1847 585; baseline -0.004 -13"><span class='ocrx_word' id='word_1_20' title='bbox 249 518 412 574; x_wconf 89' lang='lat' dir='ltr'>rectis</span> <span class='ocrx_word' id='word_1_21' title='bbox 444 534 457 570; x_wconf 91' lang='lat'>:</span> <span class='ocrx_word' id='word_1_22' title='bbox 491 525 544 572; x_wconf 91' lang='lat' dir='ltr'>et</span> <span class='ocrx_word' id='word_1_23' title='bbox 573 517 697 571; x_wconf 90' lang='lat' dir='ltr'>ideo</span> <span class='ocrx_word' id='word_1_24' title='bbox 728 517 812 569; x_wconf 86' lang='lat' dir='ltr'>his</span> <span class='ocrx_word' id='word_1_25' title='bbox 841 516 1078 582; x_wconf 91' lang='lat' dir='ltr'>omissis,</span> <span class='ocrx_word' id='word_1_26' title='bbox 1113 517 1180 571; x_wconf 91' lang='lat' dir='ltr'>de</span> <span class='ocrx_word' id='word_1_27' title='bbox 1211 515 1479 585; x_wconf 66' lang='lat' dir='ltr'>prtelibati</span> <span class='ocrx_word' id='word_1_28' title='bbox 1508 515 1711 584; x_wconf 84' lang='lat' dir='ltr'>Joseph</span> <span class='ocrx_word' id='word_1_29' title='bbox 1743 513 1847 566; x_wconf 90' lang='lat' dir='ltr'>ite-</span> 
     </span>
    </p>
   </div>
   <div class='ocr_carea' id='block_1_6' title="bbox 251 601 1844 673">
    <p class='ocr_par' dir='ltr' id='par_1_6' title="bbox 251 601 1844 673">
     <span class='ocr_line' id='line_1_6' title="bbox 251 601 1844 673; baseline -0.005 -11"><span class='ocrx_word' id='word_1_30' title='bbox 251 616 371 662; x_wconf 89' lang='lat' dir='ltr'>rata</span> <span class='ocrx_word' id='word_1_31' title='bbox 401 606 672 661; x_wconf 84' lang='lat' dir='ltr'>creatione</span> <span class='ocrx_word' id='word_1_32' title='bbox 703 605 959 660; x_wconf 71' lang='lat' dir='ltr'>sanctitas</span> <span class='ocrx_word' id='word_1_33' title='bbox 991 613 1080 659; x_wconf 91' lang='lat' dir='ltr'>tua</span> <span class='ocrx_word' id='word_1_34' title='bbox 1111 605 1164 658; x_wconf 94' lang='lat' dir='ltr'>in</span> <span class='ocrx_word' id='word_1_35' title='bbox 1195 605 1343 658; x_wconf 93' lang='lat' dir='ltr'>nullo</span> <span class='ocrx_word' id='word_1_36' title='bbox 1371 604 1584 673; x_wconf 88' lang='lat' dir='ltr'>penitus</span> <span class='ocrx_word' id='word_1_37' title='bbox 1614 601 1844 665; x_wconf 61' lang='lat' dir='ltr'>haesitet,</span> 
     </span>
    </p>
   </div>
   <div class='ocr_carea' id='block_1_7' title="bbox 250 690 1848 767">
    <p class='ocr_par' dir='ltr' id='par_1_7' title="bbox 250 690 1848 767">
     <span class='ocr_line' id='line_1_7' title="bbox 250 690 1848 767; baseline -0.004 -17"><span class='ocrx_word' id='word_1_38' title='bbox 250 695 379 767; x_wconf 89' lang='lat' dir='ltr'>quia</span> <span class='ocrx_word' id='word_1_39' title='bbox 435 696 570 749; x_wconf 87' lang='lat' dir='ltr'>hanc</span> <span class='ocrx_word' id='word_1_40' title='bbox 627 702 680 749; x_wconf 91' lang='lat' dir='ltr'>et</span> <span class='ocrx_word' id='word_1_41' title='bbox 739 710 839 749; x_wconf 89' lang='lat' dir='ltr'>nos</span> <span class='ocrx_word' id='word_1_42' title='bbox 893 694 1246 764; x_wconf 87' lang='lat' dir='ltr'>approbatam</span> <span class='ocrx_word' id='word_1_43' title='bbox 1303 692 1636 746; x_wconf 78' lang='lat' dir='ltr'>admittimus</span> <span class='ocrx_word' id='word_1_44' title='bbox 1678 698 1729 745; x_wconf 92' lang='lat' dir='ltr'>et</span> <span class='ocrx_word' id='word_1_45' title='bbox 1779 690 1848 743; x_wconf 89' lang='lat' dir='ltr'>ab</span> 
     </span>
    </p>
   </div>
   <div class='ocr_carea' id='block_1_8' title="bbox 250 779 1848 851">
    <p class='ocr_par' dir='ltr' id='par_1_8' title="bbox 250 779 1848 851">
     <span class='ocr_line' id='line_1_8' title="bbox 250 779 1848 851; baseline -0.004 -13"><span class='ocrx_word' id='word_1_46' title='bbox 250 784 499 839; x_wconf 91' lang='lat' dir='ltr'>omnibus</span> <span class='ocrx_word' id='word_1_47' title='bbox 542 783 927 838; x_wconf 83' lang='lat' dir='ltr'>admittendam</span> <span class='ocrx_word' id='word_1_48' title='bbox 977 799 1098 836; x_wconf 90' lang='lat' dir='ltr'>esse</span> <span class='ocrx_word' id='word_1_49' title='bbox 1147 782 1466 835; x_wconf 87' lang='lat' dir='ltr'>mandamus</span> <span class='ocrx_word' id='word_1_50' title='bbox 1501 798 1514 833; x_wconf 86' lang='lat'><strong>:</strong></span> <span class='ocrx_word' id='word_1_51' title='bbox 1550 780 1670 851; x_wconf 88' lang='lat' dir='ltr'>quia</span> <span class='ocrx_word' id='word_1_52' title='bbox 1705 779 1848 849; x_wconf 89' lang='lat' dir='ltr'>quod</span> 
     </span>
    </p>
   </div>
   <div class='ocr_carea' id='block_1_9' title="bbox 251 867 1848 941">
    <p class='ocr_par' dir='ltr' id='par_1_9' title="bbox 251 867 1848 941">
     <span class='ocr_line' id='line_1_9' title="bbox 251 867 1848 941; baseline -0.004 -15"><span class='ocrx_word' id='word_1_53' title='bbox 251 890 360 928; x_wconf 93' lang='lat' dir='ltr'>non</span> <span class='ocrx_word' id='word_1_54' title='bbox 391 872 692 927; x_wconf 69' lang='lat' dir='ltr'>ostenditur</span> <span class='ocrx_word' id='word_1_55' title='bbox 723 870 921 925; x_wconf 87' lang='lat' dir='ltr'>factum</span> <span class='ocrx_word' id='word_1_56' title='bbox 957 887 1056 941; x_wconf 91' lang='lat' dir='ltr'>per</span> <span class='ocrx_word' id='word_1_57' title='bbox 1103 871 1504 940; x_wconf 89' lang='lat' dir='ltr'>impositionem</span> <span class='ocrx_word' id='word_1_58' title='bbox 1554 884 1747 922; x_wconf 89' lang='lat' dir='ltr'>manus</span> <span class='ocrx_word' id='word_1_59' title='bbox 1779 867 1848 920; x_wconf 87' lang='lat' dir='ltr'>il-</span> 
     </span>
    </p>
   </div>
   <div class='ocr_carea' id='block_1_10' title="bbox 251 957 1848 1031">
    <p class='ocr_par' dir='ltr' id='par_1_10' title="bbox 251 957 1848 1031">
     <span class='ocr_line' id='line_1_10' title="bbox 251 957 1848 1031; baseline -0.004 -18"><span class='ocrx_word' id='word_1_60' title='bbox 251 961 374 1028; x_wconf 89' lang='lat' dir='ltr'>lius,</span> <span class='ocrx_word' id='word_1_61' title='bbox 409 961 495 1016; x_wconf 91' lang='lat' dir='ltr'>cui</span> <span class='ocrx_word' id='word_1_62' title='bbox 542 970 784 1029; x_wconf 92' lang='lat' dir='ltr'>tempore</span> <span class='ocrx_word' id='word_1_63' title='bbox 833 977 942 1014; x_wconf 65' lang='lat' dir='ltr'>suae</span> <span class='ocrx_word' id='word_1_64' title='bbox 991 959 1275 1031; x_wconf 80' lang='lat' dir='ltr'>legationis</span> <span class='ocrx_word' id='word_1_65' title='bbox 1303 1002 1315 1023; x_wconf 94' lang='lat'>,</span> <span class='ocrx_word' id='word_1_66' title='bbox 1350 959 1494 1028; x_wconf 91' lang='lat' dir='ltr'>quod</span> <span class='ocrx_word' id='word_1_67' title='bbox 1535 959 1669 1011; x_wconf 88' lang='lat' dir='ltr'>dare</span> <span class='ocrx_word' id='word_1_68' title='bbox 1701 957 1848 1010; x_wconf 89' lang='lat' dir='ltr'>visus</span> 
     </span>
    </p>
   </div>
   <div class='ocr_carea' id='block_1_11' title="bbox 253 1045 1849 1115">
    <p class='ocr_par' dir='ltr' id='par_1_11' title="bbox 253 1045 1849 1115">
     <span class='ocr_line' id='line_1_11' title="bbox 253 1045 1849 1115; baseline -0.004 -11"><span class='ocrx_word' id='word_1_69' title='bbox 253 1059 354 1115; x_wconf 90' lang='lat' dir='ltr'>est,</span> <span class='ocrx_word' id='word_1_70' title='bbox 405 1058 461 1104; x_wconf 91' lang='lat' dir='ltr'>ut</span> <span class='ocrx_word' id='word_1_71' title='bbox 508 1050 579 1103; x_wconf 88' lang='lat' dir='ltr'>ita</span> <span class='ocrx_word' id='word_1_72' title='bbox 625 1049 892 1110; x_wconf 88' lang='lat' dir='ltr'>dixerim,</span> <span class='ocrx_word' id='word_1_73' title='bbox 929 1065 1035 1102; x_wconf 91' lang='lat' dir='ltr'>non</span> <span class='ocrx_word' id='word_1_74' title='bbox 1068 1048 1274 1113; x_wconf 81' lang='lat' dir='ltr'>habuit,</span> <span class='ocrx_word' id='word_1_75' title='bbox 1311 1047 1443 1102; x_wconf 88' lang='lat' dir='ltr'>ratio</span> <span class='ocrx_word' id='word_1_76' title='bbox 1474 1062 1580 1101; x_wconf 90' lang='lat' dir='ltr'>non</span> <span class='ocrx_word' id='word_1_77' title='bbox 1613 1045 1738 1099; x_wconf 87' lang='lat' dir='ltr'>sinit</span> <span class='ocrx_word' id='word_1_78' title='bbox 1794 1052 1849 1097; x_wconf 92' lang='lat' dir='ltr'>ut</span> 
     </span>
    </p>
   </div>
   <div class='ocr_carea' id='block_1_12' title="bbox 252 1133 1849 1199">
    <p class='ocr_par' dir='ltr' id='par_1_12' title="bbox 252 1133 1849 1199">
     <span class='ocr_line' id='line_1_12' title="bbox 252 1133 1849 1199; baseline -0.004 -6"><span class='ocrx_word' id='word_1_79' title='bbox 252 1139 498 1194; x_wconf 88' lang='lat' dir='ltr'>videatur</span> <span class='ocrx_word' id='word_1_80' title='bbox 543 1138 811 1192; x_wconf 88' lang='lat' dir='ltr'>iteratum.</span> <span class='ocrx_word' id='word_1_81' title='bbox 845 1137 981 1191; x_wconf 88' lang='lat' dir='ltr'>Data</span> <span class='ocrx_word' id='word_1_82' title='bbox 1023 1152 1100 1190; x_wconf 81' lang='lat' dir='ltr'>xv</span> <span class='ocrx_word' id='word_1_83' title='bbox 1152 1136 1424 1190; x_wconf 86' lang='lat' dir='ltr'>Kalendas</span> <span class='ocrx_word' id='word_1_84' title='bbox 1450 1135 1643 1199; x_wconf 83' lang='lat' dir='ltr'>Martii,</span> <span class='ocrx_word' id='word_1_85' title='bbox 1680 1133 1849 1187; x_wconf 89' lang='lat' dir='ltr'>indic-</span> 
     </span>
    </p>
   </div>
   <div class='ocr_carea' id='block_1_13' title="bbox 254 1228 546 1282">
    <p class='ocr_par' dir='ltr' id='par_1_13' title="bbox 254 1228 546 1282">
     <span class='ocr_line' id='line_1_13' title="bbox 254 1228 546 1282; baseline 0.003 -1"><span class='ocrx_word' id='word_1_86' title='bbox 254 1228 397 1282; x_wconf 88' lang='lat' dir='ltr'>tione</span> <span class='ocrx_word' id='word_1_87' title='bbox 427 1241 546 1282; x_wconf 70' lang='lat' dir='ltr'>xxv.</span> 
     </span>
    </p>
   </div>
   <div class='ocr_carea' id='block_1_14' title="bbox 931 1309 1160 1365">
    <p class='ocr_par' dir='ltr' id='par_1_14' title="bbox 931 1309 1160 1365">
     <span class='ocr_line' id='line_1_14' title="bbox 931 1309 1160 1365; baseline -0.013 0"><span class='ocrx_word' id='word_1_88' title='bbox 931 1309 1160 1365; x_wconf 81' lang='lat' dir='ltr'>CCCXL</span> 
     </span>
    </p>
   </div>
   <div class='ocr_carea' id='block_1_15' title="bbox 777 1421 1322 1463">
    <p class='ocr_par' dir='ltr' id='par_1_15' title="bbox 777 1421 1322 1463">
     <span class='ocr_line' id='line_1_15' title="bbox 777 1421 1322 1463; baseline -0.009 0"><span class='ocrx_word' id='word_1_89' title='bbox 777 1424 863 1463; x_wconf 70' lang='lat' dir='ltr'>AD</span> <span class='ocrx_word' id='word_1_90' title='bbox 911 1421 1322 1461; x_wconf 75' lang='lat' dir='ltr'>ATTONIUM.</span> 
     </span>
    </p>
   </div>
   <div class='ocr_carea' id='block_1_16' title="bbox 869 1504 1230 1573">
    <p class='ocr_par' dir='ltr' id='par_1_16' title="bbox 869 1504 1230 1573">
     <span class='ocr_line' id='line_1_16' title="bbox 869 1504 1230 1573; baseline -0.006 -15"><span class='ocrx_word' id='word_1_91' title='bbox 869 1507 1048 1573; x_wconf 79' lang='lat' dir='ltr'>(Anno</span> <span class='ocrx_word' id='word_1_92' title='bbox 1081 1504 1230 1572; x_wconf 81' lang='lat'>881.)</span> 
     </span>
    </p>
   </div>
   <div class='ocr_carea' id='block_1_17' title="bbox 261 1589 1849 1659">
    <p class='ocr_par' dir='ltr' id='par_1_17' title="bbox 261 1589 1849 1659">
     <span class='ocr_line' id='line_1_17' title="bbox 261 1589 1849 1659; baseline -0.007 -4"><span class='ocrx_word' id='word_1_93' title='bbox 261 1598 726 1656; x_wconf 76' lang='lat' dir='ltr'>Exco-mmunicat</span> <span class='ocrx_word' id='word_1_94' title='bbox 756 1613 917 1659; x_wconf 82' lang='lat' dir='ltr'>eum,</span> <span class='ocrx_word' id='word_1_95' title='bbox 979 1595 1095 1648; x_wconf 82' lang='lat' dir='ltr'>nisi</span> <span class='ocrx_word' id='word_1_96' title='bbox 1143 1592 1404 1648; x_wconf 61' lang='lat' dir='ltr'>Ecclesia?</span> <span class='ocrx_word' id='word_1_97' title='bbox 1452 1589 1849 1654; x_wconf 75' lang='lat' dir='ltr'>Mediolanensi</span> 
     </span>
    </p>
   </div>
   <div class='ocr_carea' id='block_1_18' title="bbox 330 1661 1850 1741">
    <p class='ocr_par' dir='ltr' id='par_1_18' title="bbox 330 1661 1850 1741">
     <span class='ocr_line' id='line_1_18' title="bbox 330 1661 1850 1741; baseline -0.007 -16"><span class='ocrx_word' id='word_1_98' title='bbox 330 1672 468 1725; x_wconf 86' lang='lat' dir='ltr'>bona</span> <span class='ocrx_word' id='word_1_99' title='bbox 490 1685 608 1741; x_wconf 72' lang='lat' dir='ltr'>qua:</span> <span class='ocrx_word' id='word_1_100' title='bbox 627 1668 942 1741; x_wconf 78' lang='lat' dir='ltr'>abstulerat</span> <span class='ocrx_word' id='word_1_101' title='bbox 975 1666 1262 1741; x_wconf 58' lang='lat' dir='ltr'>restituat,</span> <span class='ocrx_word' id='word_1_102' title='bbox 1298 1666 1354 1741; x_wconf 72' lang='lat' dir='ltr'>et</span> <span class='ocrx_word' id='word_1_103' title='bbox 1374 1661 1444 1741; x_wconf 72' lang='lat' dir='ltr'>ad</span> <span class='ocrx_word' id='word_1_104' title='bbox 1473 1661 1850 1716; x_wconf 82' lang='lat' dir='ltr'>obedientiam</span> 
     </span>
    </p>
   </div>
   <div class='ocr_carea' id='block_1_19' title="bbox 329 1733 1444 1808">
    <p class='ocr_par' dir='ltr' id='par_1_19' title="bbox 329 1733 1444 1808">
     <span class='ocr_line' id='line_1_19' title="bbox 329 1733 1444 1808; baseline -0.01 -12"><span class='ocrx_word' id='word_1_105' title='bbox 329 1743 420 1796; x_wconf 83' lang='lat' dir='ltr'>sui</span> <span class='ocrx_word' id='word_1_106' title='bbox 447 1733 850 1808; x_wconf 67' lang='lat' dir='ltr'>archiepiscopi</span> <span class='ocrx_word' id='word_1_107' title='bbox 879 1753 1008 1791; x_wconf 86' lang='lat' dir='ltr'>cum</span> <span class='ocrx_word' id='word_1_108' title='bbox 1038 1736 1203 1790; x_wconf 82' lang='lat' dir='ltr'>sociis</span> <span class='ocrx_word' id='word_1_109' title='bbox 1234 1733 1444 1788; x_wconf 83' lang='lat' dir='ltr'>redeat.</span> 
     </span>
    </p>
   </div>
   <div class='ocr_carea' id='block_1_20' title="bbox 331 1832 1096 1893">
    <p class='ocr_par' dir='ltr' id='par_1_20' title="bbox 331 1832 1096 1893">
     <span class='ocr_line' id='line_1_20' title="bbox 331 1832 1096 1893; baseline -0.009 0"><span class='ocrx_word' id='word_1_110' title='bbox 331 1841 578 1893; x_wconf 78' lang='grc' dir='ltr'>ΑττοΝιο</span> <span class='ocrx_word' id='word_1_111' title='bbox 609 1832 1096 1890; x_wconf 89' lang='lat' dir='ltr'>excommunicato.</span> 
     </span>
    </p>
   </div>
   <div class='ocr_carea' id='block_1_21' title="bbox 332 1917 1859 1996">
    <p class='ocr_par' dir='ltr' id='par_1_21' title="bbox 332 1917 1859 1996">
     <span class='ocr_line' id='line_1_21' title="bbox 332 1917 1859 1996; baseline -0.007 -16"><span class='ocrx_word' id='word_1_112' title='bbox 332 1927 494 1980; x_wconf 77' lang='lat' dir='ltr'>Missa</span> <span class='ocrx_word' id='word_1_113' title='bbox 523 1923 829 1996; x_wconf 63' lang='lat' dir='ltr'>praesulatui</span> <span class='ocrx_word' id='word_1_114' title='bbox 863 1930 1048 1976; x_wconf 90' lang='lat' dir='ltr'>nostro</span> <span class='ocrx_word' id='word_1_115' title='bbox 1079 1920 1145 1974; x_wconf 89' lang='lat' dir='ltr'>ab</span> <span class='ocrx_word' id='word_1_116' title='bbox 1179 1923 1448 1991; x_wconf 82' lang='lat' dir='ltr'>Ansperto</span> <span class='ocrx_word' id='word_1_117' title='bbox 1494 1925 1692 1972; x_wconf 73' lang='lat' dir='ltr'>sanctae</span> <span class='ocrx_word' id='word_1_118' title='bbox 1742 1917 1859 1970; x_wconf 77' lang='lat' dir='ltr'>Me-</span> 
     </span>
    </p>
   </div>
   <div class='ocr_carea' id='block_1_22' title="bbox 258 2009 1860 2080">
    <p class='ocr_par' dir='ltr' id='par_1_22' title="bbox 258 2009 1860 2080">
     <span class='ocr_line' id='line_1_22' title="bbox 258 2009 1860 2080; baseline -0.007 -8"><span class='ocrx_word' id='word_1_119' title='bbox 258 2014 593 2072; x_wconf 88' lang='lat' dir='ltr'>diolanensis</span> <span class='ocrx_word' id='word_1_120' title='bbox 625 2012 887 2067; x_wconf 57' lang='lat' dir='ltr'>Ecclesia:</span> <span class='ocrx_word' id='word_1_121' title='bbox 933 2009 1348 2080; x_wconf 83' lang='lat' dir='ltr'>archiepiscopo</span> <span class='ocrx_word' id='word_1_122' title='bbox 1395 2009 1652 2063; x_wconf 86' lang='lat' dir='ltr'>relatione</span> <span class='ocrx_word' id='word_1_123' title='bbox 1697 2014 1860 2076; x_wconf 88' lang='lat' dir='ltr'>atque</span> 
     </span>
    </p>
   </div>
   <div class='ocr_carea' id='block_1_23' title="bbox 263 2097 1865 2178">
    <p class='ocr_par' dir='ltr' id='par_1_23' title="bbox 263 2097 1865 2178">
     <span class='ocr_line' id='line_1_23' title="bbox 263 2097 1865 2178; baseline -0.008 -18"><span class='ocrx_word' id='word_1_124' title='bbox 263 2104 634 2178; x_wconf 80' lang='lat' dir='ltr'>suggestione,</span> <span class='ocrx_word' id='word_1_125' title='bbox 671 2101 959 2156; x_wconf 88' lang='lat' dir='ltr'>didicimus</span> <span class='ocrx_word' id='word_1_126' title='bbox 996 2107 1045 2153; x_wconf 88' lang='lat' dir='ltr'>te</span> <span class='ocrx_word' id='word_1_127' title='bbox 1076 2099 1243 2153; x_wconf 88' lang='lat' dir='ltr'>multa</span> <span class='ocrx_word' id='word_1_128' title='bbox 1269 2114 1369 2168; x_wconf 89' lang='lat' dir='ltr'>per</span> <span class='ocrx_word' id='word_1_129' title='bbox 1387 2097 1672 2152; x_wconf 75' lang='lat' dir='ltr'>horrendae</span> <span class='ocrx_word' id='word_1_130' title='bbox 1700 2103 1865 2149; x_wconf 90' lang='lat' dir='ltr'>teme-</span> 
     </span>
    </p>
   </div>
   <div class='ocr_carea' id='block_1_24' title="bbox 259 2184 1864 2261">
    <p class='ocr_par' dir='ltr' id='par_1_24' title="bbox 259 2184 1864 2261">
     <span class='ocr_line' id='line_1_24' title="bbox 259 2184 1864 2261; baseline -0.007 -12"><span class='ocrx_word' id='word_1_131' title='bbox 259 2195 434 2249; x_wconf 90' lang='lat' dir='ltr'>ritatis</span> <span class='ocrx_word' id='word_1_132' title='bbox 460 2190 848 2261; x_wconf 91' lang='lat' dir='ltr'>impudentiam</span> <span class='ocrx_word' id='word_1_133' title='bbox 882 2189 995 2243; x_wconf 88' lang='lat' dir='ltr'>sive</span> <span class='ocrx_word' id='word_1_134' title='bbox 1025 2187 1304 2241; x_wconf 88' lang='lat' dir='ltr'>audaciam</span> <span class='ocrx_word' id='word_1_135' title='bbox 1337 2187 1519 2258; x_wconf 85' lang='lat' dir='ltr'>egisse</span> <span class='ocrx_word' id='word_1_136' title='bbox 1564 2185 1777 2250; x_wconf 91' lang='lat' dir='ltr'>illicita,</span> <span class='ocrx_word' id='word_1_137' title='bbox 1811 2184 1864 2238; x_wconf 72' lang='lat' dir='ltr'>et</span> 
     </span>
    </p>
   </div>
   <div class='ocr_carea' id='block_1_25' title="bbox 262 2272 1863 2351">
    <p class='ocr_par' dir='ltr' id='par_1_25' title="bbox 262 2272 1863 2351">
     <span class='ocr_line' id='line_1_25' title="bbox 262 2272 1863 2351; baseline -0.008 -13"><span class='ocrx_word' id='word_1_138' title='bbox 262 2284 318 2338; x_wconf 89' lang='lat' dir='ltr'>in</span> <span class='ocrx_word' id='word_1_139' title='bbox 351 2289 719 2351; x_wconf 91' lang='lat' dir='ltr'>contemptum</span> <span class='ocrx_word' id='word_1_140' title='bbox 754 2278 894 2332; x_wconf 88' lang='lat' dir='ltr'>beati</span> <span class='ocrx_word' id='word_1_141' title='bbox 926 2276 1196 2330; x_wconf 86' lang='lat' dir='ltr'>Ambrosii</span> <span class='ocrx_word' id='word_1_142' title='bbox 1229 2285 1390 2347; x_wconf 90' lang='lat' dir='ltr'>atque</span> <span class='ocrx_word' id='word_1_143' title='bbox 1420 2275 1588 2345; x_wconf 84' lang='lat' dir='ltr'>ipsius</span> <span class='ocrx_word' id='word_1_144' title='bbox 1610 2272 1863 2327; x_wconf 84' lang='lat' dir='ltr'>antistitis</span> 
     </span>
    </p>
   </div>
   <div class='ocr_carea' id='block_1_26' title="bbox 264 2362 1864 2434">
    <p class='ocr_par' dir='ltr' id='par_1_26' title="bbox 264 2362 1864 2434">
     <span class='ocr_line' id='line_1_26' title="bbox 264 2362 1864 2434; baseline -0.008 -7"><span class='ocrx_word' id='word_1_145' title='bbox 264 2371 698 2428; x_wconf 84' lang='lat' dir='ltr'>contrarietatem</span> <span class='ocrx_word' id='word_1_146' title='bbox 726 2411 738 2433; x_wconf 97' lang='lat'>,</span> <span class='ocrx_word' id='word_1_147' title='bbox 790 2367 844 2420; x_wconf 91' lang='lat' dir='ltr'>in</span> <span class='ocrx_word' id='word_1_148' title='bbox 893 2366 1030 2420; x_wconf 91' lang='lat' dir='ltr'>locis</span> <span class='ocrx_word' id='word_1_149' title='bbox 1079 2373 1130 2420; x_wconf 91' lang='lat' dir='ltr'>et</span> <span class='ocrx_word' id='word_1_150' title='bbox 1173 2365 1332 2420; x_wconf 91' lang='lat' dir='ltr'>rebus</span> <span class='ocrx_word' id='word_1_151' title='bbox 1378 2364 1426 2419; x_wconf 91' lang='lat' dir='ltr'>ei</span> <span class='ocrx_word' id='word_1_152' title='bbox 1471 2362 1864 2434; x_wconf 88' lang='lat' dir='ltr'>pertinentibus</span> 
     </span>
    </p>
   </div>
   <div class='ocr_carea' id='block_1_27' title="bbox 264 2453 1860 2530">
    <p class='ocr_par' dir='ltr' id='par_1_27' title="bbox 264 2453 1860 2530">
     <span class='ocr_line' id='line_1_27' title="bbox 264 2453 1860 2530; baseline -0.008 -14"><span class='ocrx_word' id='word_1_153' title='bbox 264 2461 406 2517; x_wconf 90' lang='lat' dir='ltr'>mala</span> <span class='ocrx_word' id='word_1_154' title='bbox 454 2469 506 2515; x_wconf 87' lang='lat' dir='ltr'>et</span> <span class='ocrx_word' id='word_1_155' title='bbox 556 2472 903 2530; x_wconf 85' lang='lat' dir='ltr'>quaecunque</span> <span class='ocrx_word' id='word_1_156' title='bbox 965 2463 1182 2525; x_wconf 90' lang='lat' dir='ltr'>poteras</span> <span class='ocrx_word' id='word_1_157' title='bbox 1246 2453 1542 2508; x_wconf 90' lang='lat' dir='ltr'>enormiter</span> <span class='ocrx_word' id='word_1_158' title='bbox 1589 2468 1693 2505; x_wconf 89' lang='lat' dir='ltr'>una</span> <span class='ocrx_word' id='word_1_159' title='bbox 1740 2467 1860 2506; x_wconf 90' lang='lat' dir='ltr'>cum</span> 
     </span>
    </p>
   </div>
   <div class='ocr_carea' id='block_1_28' title="bbox 264 2541 1864 2614">
    <p class='ocr_par' dir='ltr' id='par_1_28' title="bbox 264 2541 1864 2614">
     <span class='ocr_line' id='line_1_28' title="bbox 264 2541 1864 2614; baseline -0.008 -9"><span class='ocrx_word' id='word_1_160' title='bbox 264 2551 387 2605; x_wconf 89' lang='lat' dir='ltr'>ﬁliis</span> <span class='ocrx_word' id='word_1_161' title='bbox 416 2550 517 2604; x_wconf 87' lang='lat' dir='ltr'>tuis</span> <span class='ocrx_word' id='word_1_162' title='bbox 546 2546 886 2603; x_wconf 88' lang='lat' dir='ltr'>commisisse</span> <span class='ocrx_word' id='word_1_163' title='bbox 917 2545 1169 2598; x_wconf 88' lang='lat' dir='ltr'>adversa.</span> <span class='ocrx_word' id='word_1_164' title='bbox 1197 2547 1241 2597; x_wconf 82' lang='grc' dir='ltr'><strong>Α</strong></span> <span class='ocrx_word' id='word_1_165' title='bbox 1274 2559 1494 2614; x_wconf 83' lang='lat' dir='ltr'>quorum</span> <span class='ocrx_word' id='word_1_166' title='bbox 1509 2541 1710 2596; x_wconf 89' lang='lat' dir='ltr'>scilicet</span> <span class='ocrx_word' id='word_1_167' title='bbox 1735 2556 1864 2610; x_wconf 94' lang='lat' dir='ltr'>per-</span> 
     </span>
    </p>
   </div>
   <div class='ocr_carea' id='block_1_29' title="bbox 265 2628 1861 2711">
    <p class='ocr_par' dir='ltr' id='par_1_29' title="bbox 265 2628 1861 2711">
     <span class='ocr_line' id='line_1_29' title="bbox 265 2628 1861 2711; baseline -0.008 -18"><span class='ocrx_word' id='word_1_168' title='bbox 265 2637 561 2711; x_wconf 87' lang='lat' dir='ltr'>petratione</span> <span class='ocrx_word' id='word_1_169' title='bbox 590 2635 809 2690; x_wconf 90' lang='lat' dir='ltr'>assidua</span> <span class='ocrx_word' id='word_1_170' title='bbox 840 2642 891 2688; x_wconf 82' lang='lat' dir='ltr'>te</span> <span class='ocrx_word' id='word_1_171' title='bbox 932 2633 1084 2704; x_wconf 89' lang='lat' dir='ltr'>quasi</span> <span class='ocrx_word' id='word_1_172' title='bbox 1135 2648 1292 2686; x_wconf 89' lang='lat' dir='ltr'>ovem</span> <span class='ocrx_word' id='word_1_173' title='bbox 1339 2631 1529 2702; x_wconf 87' lang='lat' dir='ltr'>gregis</span> <span class='ocrx_word' id='word_1_174' title='bbox 1578 2628 1861 2692; x_wconf 92' lang='lat' dir='ltr'>Dominici,</span> 
     </span>
    </p>
   </div>
   <div class='ocr_carea' id='block_1_30' title="bbox 267 2717 1866 2795">
    <p class='ocr_par' dir='ltr' id='par_1_30' title="bbox 267 2717 1866 2795">
     <span class='ocr_line' id='line_1_30' title="bbox 267 2717 1866 2795; baseline -0.006 -13"><span class='ocrx_word' id='word_1_175' title='bbox 267 2727 451 2783; x_wconf 91' lang='lat' dir='ltr'>multis</span> <span class='ocrx_word' id='word_1_176' title='bbox 475 2727 585 2795; x_wconf 90' lang='lat' dir='ltr'>jam</span> <span class='ocrx_word' id='word_1_177' title='bbox 616 2724 825 2778; x_wconf 88' lang='lat' dir='ltr'>vicibus</span> <span class='ocrx_word' id='word_1_178' title='bbox 855 2721 1162 2793; x_wconf 85' lang='lat' dir='ltr'>arguendo,</span> <span class='ocrx_word' id='word_1_179' title='bbox 1196 2719 1542 2774; x_wconf 84' lang='lat' dir='ltr'>obsecrando</span> <span class='ocrx_word' id='word_1_180' title='bbox 1591 2725 1643 2772; x_wconf 91' lang='lat' dir='ltr'>et</span> <span class='ocrx_word' id='word_1_181' title='bbox 1684 2717 1866 2772; x_wconf 89' lang='lat' dir='ltr'>incre-</span> 
     </span>
    </p>
   </div>
   <div class='ocr_carea' id='block_1_31' title="bbox 266 2805 1870 2890">
    <p class='ocr_par' dir='ltr' id='par_1_31' title="bbox 266 2805 1870 2890">
     <span class='ocr_line' id='line_1_31' title="bbox 266 2805 1870 2890; baseline -0.008 -18"><span class='ocrx_word' id='word_1_182' title='bbox 266 2817 444 2890; x_wconf 88' lang='lat' dir='ltr'>pando</span> <span class='ocrx_word' id='word_1_183' title='bbox 475 2812 766 2870; x_wconf 91' lang='lat' dir='ltr'>convenire</span> <span class='ocrx_word' id='word_1_184' title='bbox 797 2820 959 2881; x_wconf 91' lang='lat' dir='ltr'>atque</span> <span class='ocrx_word' id='word_1_185' title='bbox 989 2825 1267 2865; x_wconf 90' lang='lat' dir='ltr'>removere</span> <span class='ocrx_word' id='word_1_186' title='bbox 1300 2808 1534 2876; x_wconf 90' lang='lat' dir='ltr'>curavit,</span> <span class='ocrx_word' id='word_1_187' title='bbox 1567 2823 1634 2861; x_wconf 90' lang='lat' dir='ltr'>ne</span> <span class='ocrx_word' id='word_1_188' title='bbox 1663 2805 1870 2877; x_wconf 89' lang='lat' dir='ltr'>antiqui</span> 
     </span>
    </p>
   </div>
   <div class='ocr_carea' id='block_1_32' title="bbox 265 2895 1871 2971">
    <p class='ocr_par' dir='ltr' id='par_1_32' title="bbox 265 2895 1871 2971">
     <span class='ocr_line' id='line_1_32' title="bbox 265 2895 1871 2971; baseline -0.008 -11"><span class='ocrx_word' id='word_1_189' title='bbox 265 2905 438 2962; x_wconf 90' lang='lat' dir='ltr'>hostis</span> <span class='ocrx_word' id='word_1_190' title='bbox 468 2901 660 2958; x_wconf 90' lang='lat' dir='ltr'>callida</span> <span class='ocrx_word' id='word_1_191' title='bbox 685 2899 1036 2971; x_wconf 86' lang='lat' dir='ltr'>persuasione</span> <span class='ocrx_word' id='word_1_192' title='bbox 1057 2898 1226 2952; x_wconf 91' lang='lat' dir='ltr'>semel</span> <span class='ocrx_word' id='word_1_193' title='bbox 1251 2897 1540 2967; x_wconf 87' lang='lat' dir='ltr'>deceptum</span> <span class='ocrx_word' id='word_1_194' title='bbox 1574 2895 1627 2949; x_wconf 90' lang='lat' dir='ltr'>in</span> <span class='ocrx_word' id='word_1_195' title='bbox 1650 2895 1871 2965; x_wconf 87' lang='lat' dir='ltr'>profun-</span> 
     </span>
    </p>
   </div>
   <div class='ocr_carea' id='block_1_33' title="bbox 268 2983 1870 3057">
    <p class='ocr_par' dir='ltr' id='par_1_33' title="bbox 268 2983 1870 3057">
     <span class='ocr_line' id='line_1_33' title="bbox 268 2983 1870 3057; baseline -0.009 -7"><span class='ocrx_word' id='word_1_196' title='bbox 268 2997 397 3051; x_wconf 94' lang='lat' dir='ltr'>dum</span> <span class='ocrx_word' id='word_1_197' title='bbox 424 2991 614 3046; x_wconf 88' lang='lat' dir='ltr'>mortis</span> <span class='ocrx_word' id='word_1_198' title='bbox 643 2991 951 3043; x_wconf 88' lang='lat' dir='ltr'>barathrum</span> <span class='ocrx_word' id='word_1_199' title='bbox 981 2988 1195 3057; x_wconf 91' lang='lat' dir='ltr'>lapsum</span> <span class='ocrx_word' id='word_1_200' title='bbox 1219 2987 1403 3055; x_wconf 88' lang='lat' dir='ltr'>jacere</span> <span class='ocrx_word' id='word_1_201' title='bbox 1435 2984 1723 3039; x_wconf 89' lang='lat' dir='ltr'>omitteret.</span> <span class='ocrx_word' id='word_1_202' title='bbox 1761 2983 1870 3038; x_wconf 91' lang='lat' dir='ltr'>Sed</span> 
     </span>
    </p>
   </div>
   <div class='ocr_carea' id='block_1_34' title="bbox 269 3065 1871 3157">
    <p class='ocr_par' dir='ltr' id='par_1_34' title="bbox 269 3065 1871 3157">
     <span class='ocr_line' id='line_1_34' title="bbox 269 3065 1871 3157; baseline -0.009 -19"><span class='ocrx_word' id='word_1_203' title='bbox 269 3083 393 3157; x_wconf 88' lang='lat' dir='ltr'>quia</span> <span class='ocrx_word' id='word_1_204' title='bbox 424 3091 474 3136; x_wconf 92' lang='lat' dir='ltr'>te</span> <span class='ocrx_word' id='word_1_205' title='bbox 496 3087 698 3135; x_wconf 72' lang='lat' dir='ltr'>sanctae</span> <span class='ocrx_word' id='word_1_206' title='bbox 718 3077 1102 3132; x_wconf 87' lang='lat' dir='ltr'>admonitionis</span> <span class='ocrx_word' id='word_1_207' title='bbox 1121 3075 1304 3130; x_wconf 91' lang='lat' dir='ltr'>verbis</span> <span class='ocrx_word' id='word_1_208' title='bbox 1337 3074 1643 3128; x_wconf 90' lang='lat' dir='ltr'>salubribus</span> <span class='ocrx_word' id='word_1_209' title='bbox 1682 3065 1871 3126; x_wconf 88' lang='lat' dir='ltr'>humili</span> 
     </span>
    </p>
   </div>
   <div class='ocr_carea' id='block_1_35' title="bbox 270 3160 1858 3244">
    <p class='ocr_par' dir='ltr' id='par_1_35' title="bbox 270 3160 1858 3244">
     <span class='ocr_line' id='line_1_35' title="bbox 270 3160 1858 3244; baseline -0.008 -18"><span class='ocrx_word' id='word_1_210' title='bbox 270 3187 496 3244; x_wconf 89' lang='lat' dir='ltr'>prorsus</span> <span class='ocrx_word' id='word_1_211' title='bbox 524 3167 812 3223; x_wconf 90' lang='lat' dir='ltr'>devotione</span> <span class='ocrx_word' id='word_1_212' title='bbox 833 3181 940 3220; x_wconf 92' lang='lat' dir='ltr'>non</span> <span class='ocrx_word' id='word_1_213' title='bbox 963 3165 1204 3227; x_wconf 88' lang='lat' dir='ltr'>obedire,</span> <span class='ocrx_word' id='word_1_214' title='bbox 1237 3179 1411 3234; x_wconf 91' lang='lat' dir='ltr'>neque</span> <span class='ocrx_word' id='word_1_215' title='bbox 1441 3178 1625 3216; x_wconf 90' lang='lat' dir='ltr'>aurem</span> <span class='ocrx_word' id='word_1_216' title='bbox 1655 3160 1858 3224; x_wconf 88' lang='lat' dir='ltr'>cordis,</span> 
     </span>
    </p>
   </div>
   <div class='ocr_carea' id='block_1_36' title="bbox 269 3249 1860 3330">
    <p class='ocr_par' dir='ltr' id='par_1_36' title="bbox 269 3249 1860 3330">
     <span class='ocr_line' id='line_1_36' title="bbox 269 3249 1860 3330; baseline -0.01 -13"><span class='ocrx_word' id='word_1_217' title='bbox 269 3261 415 3318; x_wconf 90' lang='lat' dir='ltr'>velut</span> <span class='ocrx_word' id='word_1_218' title='bbox 456 3257 698 3330; x_wconf 87' lang='lat' dir='ltr'>aspidem</span> <span class='ocrx_word' id='word_1_219' title='bbox 746 3255 1002 3320; x_wconf 89' lang='lat' dir='ltr'>surdam,</span> <span class='ocrx_word' id='word_1_220' title='bbox 1047 3253 1309 3307; x_wconf 87' lang='lat' dir='ltr'>inclinare</span> <span class='ocrx_word' id='word_1_221' title='bbox 1363 3251 1447 3306; x_wconf 87' lang='lat' dir='ltr'>vel</span> <span class='ocrx_word' id='word_1_222' title='bbox 1511 3249 1860 3320; x_wconf 89' lang='lat' dir='ltr'>acquiescere</span> 
     </span>
    </p>
   </div>
   <div class='ocr_carea' id='block_1_37' title="bbox 270 3341 1862 3418">
    <p class='ocr_par' dir='ltr' id='par_1_37' title="bbox 270 3341 1862 3418">
     <span class='ocr_line' id='line_1_37' title="bbox 270 3341 1862 3418; baseline -0.009 -12"><span class='ocrx_word' id='word_1_223' title='bbox 270 3350 415 3406; x_wconf 92' lang='lat' dir='ltr'>nolle</span> <span class='ocrx_word' id='word_1_224' title='bbox 454 3346 739 3418; x_wconf 86' lang='lat' dir='ltr'>aspiciens,</span> <span class='ocrx_word' id='word_1_225' title='bbox 764 3351 886 3414; x_wconf 88' lang='lat' dir='ltr'>post</span> <span class='ocrx_word' id='word_1_226' title='bbox 907 3349 983 3398; x_wconf 94' lang='lat' dir='ltr'>tot</span> <span class='ocrx_word' id='word_1_227' title='bbox 1005 3341 1378 3411; x_wconf 90' lang='lat' dir='ltr'>correptiones</span> <span class='ocrx_word' id='word_1_228' title='bbox 1408 3355 1516 3393; x_wconf 91' lang='lat' dir='ltr'>una</span> <span class='ocrx_word' id='word_1_229' title='bbox 1555 3355 1678 3394; x_wconf 91' lang='lat' dir='ltr'>cum</span> <span class='ocrx_word' id='word_1_230' title='bbox 1699 3353 1862 3393; x_wconf 91' lang='lat' dir='ltr'>vene-</span> 
     </span>
    </p>
   </div>
   <div class='ocr_carea' id='block_1_38' title="bbox 273 3425 1864 3505">
    <p class='ocr_par' dir='ltr' id='par_1_38' title="bbox 273 3425 1864 3505">
     <span class='ocr_line' id='line_1_38' title="bbox 273 3425 1864 3505; baseline -0.009 -12"><span class='ocrx_word' id='word_1_231' title='bbox 273 3437 518 3493; x_wconf 90' lang='lat' dir='ltr'>rabilium</span> <span class='ocrx_word' id='word_1_232' title='bbox 539 3433 987 3505; x_wconf 87' lang='lat' dir='ltr'>coepiscoporum</span> <span class='ocrx_word' id='word_1_233' title='bbox 1023 3437 1164 3486; x_wconf 75' lang='lat' dir='ltr'>ccetu</span> <span class='ocrx_word' id='word_1_234' title='bbox 1195 3445 1224 3483; x_wconf 91' lang='lat' dir='ltr'>a</span> <span class='ocrx_word' id='word_1_235' title='bbox 1255 3427 1585 3484; x_wconf 89' lang='lat' dir='ltr'>sacrosancti</span> <span class='ocrx_word' id='word_1_236' title='bbox 1619 3425 1864 3496; x_wconf 89' lang='lat' dir='ltr'>corporis</span> 
     </span>
    </p>
   </div>
   <div class='ocr_carea' id='block_1_39' title="bbox 273 3516 1866 3596">
    <p class='ocr_par' dir='ltr' id='par_1_39' title="bbox 273 3516 1866 3596">
     <span class='ocr_line' id='line_1_39' title="bbox 273 3516 1866 3596; baseline -0.008 -14"><span class='ocrx_word' id='word_1_237' title='bbox 273 3535 325 3583; x_wconf 90' lang='lat' dir='ltr'>et</span> <span class='ocrx_word' id='word_1_238' title='bbox 347 3523 623 3596; x_wconf 85' lang='lat' dir='ltr'>sanguinis</span> <span class='ocrx_word' id='word_1_239' title='bbox 655 3521 891 3586; x_wconf 91' lang='lat' dir='ltr'>Domini,</span> <span class='ocrx_word' id='word_1_240' title='bbox 917 3519 1218 3574; x_wconf 91' lang='lat' dir='ltr'>secundum</span> <span class='ocrx_word' id='word_1_241' title='bbox 1242 3516 1592 3572; x_wconf 87' lang='lat' dir='ltr'>institutionis</span> <span class='ocrx_word' id='word_1_242' title='bbox 1624 3522 1866 3585; x_wconf 68' lang='lat' dir='ltr'>paternae</span> 
     </span>
    </p>
   </div>
   <div class='ocr_carea' id='block_1_40' title="bbox 273 3603 1868 3678">
    <p class='ocr_par' dir='ltr' id='par_1_40' title="bbox 273 3603 1868 3678">
     <span class='ocr_line' id='line_1_40' title="bbox 273 3603 1868 3678; baseline -0.01 -4"><span class='ocrx_word' id='word_1_243' title='bbox 273 3629 563 3673; x_wconf 86' lang='lat' dir='ltr'>censuram</span> <span class='ocrx_word' id='word_1_244' title='bbox 590 3655 602 3678; x_wconf 93' lang='lat'>,</span> <span class='ocrx_word' id='word_1_245' title='bbox 648 3609 1027 3668; x_wconf 87' lang='lat' dir='ltr'>communione</span> <span class='ocrx_word' id='word_1_246' title='bbox 1075 3606 1346 3678; x_wconf 88' lang='lat' dir='ltr'>separavit</span> <span class='ocrx_word' id='word_1_247' title='bbox 1394 3613 1446 3660; x_wconf 91' lang='lat' dir='ltr'>et</span> <span class='ocrx_word' id='word_1_248' title='bbox 1493 3605 1561 3659; x_wconf 90' lang='lat' dir='ltr'>ab</span> <span class='ocrx_word' id='word_1_249' title='bbox 1607 3603 1868 3659; x_wconf 67' lang='lat' dir='ltr'>Ecclesia:</span> 
     </span>
    </p>
   </div>
   <div class='ocr_carea' id='block_1_41' title="bbox 275 3692 1868 3762">
    <p class='ocr_par' dir='ltr' id='par_1_41' title="bbox 275 3692 1868 3762">
     <span class='ocr_line' id='line_1_41' title="bbox 275 3692 1868 3762; baseline -0.009 -2"><span class='ocrx_word' id='word_1_250' title='bbox 275 3704 377 3760; x_wconf 91' lang='lat' dir='ltr'>Dei</span> <span class='ocrx_word' id='word_1_251' title='bbox 427 3703 682 3759; x_wconf 88' lang='lat' dir='ltr'>societate</span> <span class='ocrx_word' id='word_1_252' title='bbox 710 3699 904 3753; x_wconf 90' lang='lat' dir='ltr'>merito</span> <span class='ocrx_word' id='word_1_253' title='bbox 952 3696 1217 3762; x_wconf 88' lang='lat' dir='ltr'>removit;</span> <span class='ocrx_word' id='word_1_254' title='bbox 1271 3703 1323 3749; x_wconf 93' lang='lat' dir='ltr'>et</span> <span class='ocrx_word' id='word_1_255' title='bbox 1365 3694 1542 3748; x_wconf 90' lang='lat' dir='ltr'>adhuc</span> <span class='ocrx_word' id='word_1_256' title='bbox 1585 3693 1636 3747; x_wconf 93' lang='lat' dir='ltr'>in</span> <span class='ocrx_word' id='word_1_257' title='bbox 1679 3692 1868 3748; x_wconf 89' lang='lat' dir='ltr'>eadem</span> 
     </span>
    </p>
   </div>
   <div class='ocr_carea' id='block_1_42' title="bbox 277 3781 1873 3862">
    <p class='ocr_par' dir='ltr' id='par_1_42' title="bbox 277 3781 1873 3862">
     <span class='ocr_line' id='line_1_42' title="bbox 277 3781 1873 3862; baseline -0.01 -12"><span class='ocrx_word' id='word_1_258' title='bbox 277 3793 438 3850; x_wconf 88' lang='lat' dir='ltr'>sorde</span> <span class='ocrx_word' id='word_1_259' title='bbox 485 3788 782 3862; x_wconf 88' lang='lat' dir='ltr'>iniquitatis</span> <span class='ocrx_word' id='word_1_260' title='bbox 841 3786 1062 3842; x_wconf 83' lang='lat' dir='ltr'>fetidum</span> <span class='ocrx_word' id='word_1_261' title='bbox 1113 3793 1166 3840; x_wconf 92' lang='lat' dir='ltr'>et</span> <span class='ocrx_word' id='word_1_262' title='bbox 1211 3784 1550 3840; x_wconf 90' lang='lat' dir='ltr'>vulneratum</span> <span class='ocrx_word' id='word_1_263' title='bbox 1613 3790 1664 3837; x_wconf 92' lang='lat' dir='ltr'>te</span> <span class='ocrx_word' id='word_1_264' title='bbox 1726 3781 1873 3836; x_wconf 89' lang='lat' dir='ltr'>dolet</span> 
     </span>
    </p>
   </div>
   <div class='ocr_carea' id='block_1_43' title="bbox 271 3873 1872 3953">
    <p class='ocr_par' dir='ltr' id='par_1_43' title="bbox 271 3873 1872 3953">
     <span class='ocr_line' id='line_1_43' title="bbox 271 3873 1872 3953; baseline -0.009 -15"><span class='ocrx_word' id='word_1_265' title='bbox 271 3885 494 3953; x_wconf 87' lang='lat' dir='ltr'>jacere,</span> <span class='ocrx_word' id='word_1_266' title='bbox 543 3880 814 3949; x_wconf 83' lang='lat' dir='ltr'>cordeque</span> <span class='ocrx_word' id='word_1_267' title='bbox 863 3873 1218 3946; x_wconf 82' lang='lat' dir='ltr'>impaenitenti</span> <span class='ocrx_word' id='word_1_268' title='bbox 1263 3873 1408 3928; x_wconf 92' lang='lat' dir='ltr'>nolle</span> <span class='ocrx_word' id='word_1_269' title='bbox 1459 3873 1528 3927; x_wconf 91' lang='lat' dir='ltr'>ad</span> <span class='ocrx_word' id='word_1_270' title='bbox 1571 3880 1623 3927; x_wconf 92' lang='lat' dir='ltr'>te</span> <span class='ocrx_word' id='word_1_271' title='bbox 1674 3886 1872 3944; x_wconf 91' lang='lat' dir='ltr'>percu-</span> 
     </span>
    </p>
   </div>
   <div class='ocr_carea' id='block_1_44' title="bbox 277 3958 1874 4036">
    <p class='ocr_par' dir='ltr' id='par_1_44' title="bbox 277 3958 1874 4036">
     <span class='ocr_line' id='line_1_44' title="bbox 277 3958 1874 4036; baseline -0.009 -9"><span class='ocrx_word' id='word_1_272' title='bbox 277 3973 502 4027; x_wconf 90' lang='lat' dir='ltr'>tientem</span> <span class='ocrx_word' id='word_1_273' title='bbox 556 3966 755 4023; x_wconf 90' lang='lat' dir='ltr'>reverti</span> <span class='ocrx_word' id='word_1_274' title='bbox 803 3965 1113 4036; x_wconf 88' lang='lat' dir='ltr'>aspiciens,</span> <span class='ocrx_word' id='word_1_275' title='bbox 1165 3963 1361 4018; x_wconf 91' lang='lat' dir='ltr'>clamat</span> <span class='ocrx_word' id='word_1_276' title='bbox 1405 3970 1462 4017; x_wconf 90' lang='lat' dir='ltr'>ut</span> <span class='ocrx_word' id='word_1_277' title='bbox 1523 3978 1623 4032; x_wconf 92' lang='lat' dir='ltr'>per</span> <span class='ocrx_word' id='word_1_278' title='bbox 1685 3958 1874 4014; x_wconf 91' lang='lat' dir='ltr'>salutis</span> 
     </span>
    </p>
   </div>
   <div class='ocr_carea' id='block_1_45' title="bbox 280 4047 1876 4116">
    <p class='ocr_par' dir='ltr' id='par_1_45' title="bbox 280 4047 1876 4116">
     <span class='ocr_line' id='line_1_45' title="bbox 280 4047 1876 4116; baseline -0.011 0"><span class='ocrx_word' id='word_1_279' title='bbox 280 4059 670 4116; x_wconf 87' lang='lat' dir='ltr'>medicamenta</span> <span class='ocrx_word' id='word_1_280' title='bbox 699 4053 863 4110; x_wconf 91' lang='lat' dir='ltr'>animi</span> <span class='ocrx_word' id='word_1_281' title='bbox 897 4053 969 4107; x_wconf 89' lang='lat' dir='ltr'>tui</span> <span class='ocrx_word' id='word_1_282' title='bbox 1003 4053 1180 4106; x_wconf 87' lang='lat' dir='ltr'>valeat</span> <span class='ocrx_word' id='word_1_283' title='bbox 1219 4051 1441 4106; x_wconf 87' lang='lat' dir='ltr'>vulnera</span> <span class='ocrx_word' id='word_1_284' title='bbox 1487 4047 1628 4104; x_wconf 89' lang='lat' dir='ltr'>male</span> <span class='ocrx_word' id='word_1_285' title='bbox 1675 4048 1876 4103; x_wconf 81' lang='lat' dir='ltr'>inflicta</span> 
     </span>
    </p>
   </div>
   <div class='ocr_carea' id='block_1_46' title="bbox 282 4139 1877 4212">
    <p class='ocr_par' dir='ltr' id='par_1_46' title="bbox 282 4139 1877 4212">
     <span class='ocr_line' id='line_1_46' title="bbox 282 4139 1877 4212; baseline -0.009 -8"><span class='ocrx_word' id='word_1_286' title='bbox 282 4164 490 4204; x_wconf 90' lang='lat' dir='ltr'>sanare.</span> <span class='ocrx_word' id='word_1_287' title='bbox 542 4146 695 4202; x_wconf 92' lang='lat' dir='ltr'>Unde</span> <span class='ocrx_word' id='word_1_288' title='bbox 739 4152 790 4199; x_wconf 90' lang='lat' dir='ltr'>et</span> <span class='ocrx_word' id='word_1_289' title='bbox 835 4159 934 4198; x_wconf 91' lang='lat' dir='ltr'>nos</span> <span class='ocrx_word' id='word_1_290' title='bbox 969 4141 1226 4212; x_wconf 77' lang='lat' dir='ltr'>pastorali</span> <span class='ocrx_word' id='word_1_291' title='bbox 1271 4139 1668 4202; x_wconf 89' lang='lat' dir='ltr'>sollicitudine,</span> <span class='ocrx_word' id='word_1_292' title='bbox 1718 4144 1877 4206; x_wconf 90' lang='lat' dir='ltr'>atque</span> 
     </span>
    </p>
   </div>
   <div class='ocr_carea' id='block_1_47' title="bbox 282 4224 1877 4301">
    <p class='ocr_par' dir='ltr' id='par_1_47' title="bbox 282 4224 1877 4301">
     <span class='ocr_line' id='line_1_47' title="bbox 282 4224 1877 4301; baseline -0.01 -7"><span class='ocrx_word' id='word_1_293' title='bbox 282 4235 571 4294; x_wconf 85' lang='lat' dir='ltr'>confratris</span> <span class='ocrx_word' id='word_1_294' title='bbox 617 4232 786 4288; x_wconf 90' lang='lat' dir='ltr'>nostri</span> <span class='ocrx_word' id='word_1_295' title='bbox 831 4229 1228 4301; x_wconf 87' lang='lat' dir='ltr'>archiepiscopi</span> <span class='ocrx_word' id='word_1_296' title='bbox 1276 4229 1380 4283; x_wconf 92' lang='lat' dir='ltr'>hoc</span> <span class='ocrx_word' id='word_1_297' title='bbox 1439 4225 1693 4298; x_wconf 85' lang='lat' dir='ltr'>praesenti</span> <span class='ocrx_word' id='word_1_298' title='bbox 1735 4224 1877 4278; x_wconf 84' lang='lat' dir='ltr'>dile-</span> 
     </span>
    </p>
   </div>
   <div class='ocr_carea' id='block_1_48' title="bbox 282 4315 1882 4386">
    <p class='ocr_par' dir='ltr' id='par_1_48' title="bbox 282 4315 1882 4386">
     <span class='ocr_line' id='line_1_48' title="bbox 282 4315 1882 4386; baseline -0.012 -2"><span class='ocrx_word' id='word_1_299' title='bbox 282 4328 457 4384; x_wconf 89' lang='lat' dir='ltr'>ctione</span> <span class='ocrx_word' id='word_1_300' title='bbox 487 4322 762 4386; x_wconf 92' lang='lat' dir='ltr'>commoti,</span> <span class='ocrx_word' id='word_1_301' title='bbox 800 4319 1139 4376; x_wconf 89' lang='lat' dir='ltr'>auctoritatis</span> <span class='ocrx_word' id='word_1_302' title='bbox 1178 4326 1375 4373; x_wconf 74' lang='lat' dir='ltr'>nostrae</span> <span class='ocrx_word' id='word_1_303' title='bbox 1402 4323 1596 4370; x_wconf 91' lang='lat' dir='ltr'>statuto</span> <span class='ocrx_word' id='word_1_304' title='bbox 1627 4315 1882 4384; x_wconf 91' lang='lat' dir='ltr'>jubemus</span> 
     </span>
    </p>
   </div>
   <div class='ocr_carea' id='block_1_49' title="bbox 283 4397 1884 4483">
    <p class='ocr_par' dir='ltr' id='par_1_49' title="bbox 283 4397 1884 4483">
     <span class='ocr_line' id='line_1_49' title="bbox 283 4397 1884 4483; baseline -0.012 -12"><span class='ocrx_word' id='word_1_305' title='bbox 283 4424 360 4482; x_wconf 93' lang='lat' dir='ltr'>ut,</span> <span class='ocrx_word' id='word_1_306' title='bbox 395 4421 537 4468; x_wconf 91' lang='lat' dir='ltr'>tanta</span> <span class='ocrx_word' id='word_1_307' title='bbox 564 4410 920 4483; x_wconf 87' lang='lat' dir='ltr'>perversitate</span> <span class='ocrx_word' id='word_1_308' title='bbox 984 4417 1036 4464; x_wconf 89' lang='lat' dir='ltr'>et</span> <span class='ocrx_word' id='word_1_309' title='bbox 1080 4407 1262 4464; x_wconf 90' lang='lat' dir='ltr'>cordis</span> <span class='ocrx_word' id='word_1_310' title='bbox 1299 4405 1491 4460; x_wconf 88' lang='lat' dir='ltr'>duritia</span> <span class='ocrx_word' id='word_1_311' title='bbox 1528 4405 1643 4474; x_wconf 89' lang='lat' dir='ltr'>jam</span> <span class='ocrx_word' id='word_1_312' title='bbox 1690 4397 1884 4474; x_wconf 90' lang='lat' dir='ltr'>procul</span> 
     </span>
    </p>
   </div>
   <div class='ocr_carea' id='block_1_50' title="bbox 1882 1778 1935 1836">
    <p class='ocr_par' dir='ltr' id='par_1_50' title="bbox 1882 1778 1935 1836">
     <span class='ocr_line' id='line_1_50' title="bbox 1882 1778 1935 1836; baseline 0 0"><span class='ocrx_word' id='word_1_313' title='bbox 1882 1778 1935 1836; x_wconf 94' lang='lat' dir='ltr'>B</span> 
     </span>
    </p>
   </div>
   <div class='ocr_carea' id='block_1_51' title="bbox 1949 514 3548 586">
    <p class='ocr_par' dir='ltr' id='par_1_51' title="bbox 1949 514 3548 586">
     <span class='ocr_line' id='line_1_51' title="bbox 1949 514 3548 586; baseline 0.001 -20"><span class='ocrx_word' id='word_1_314' title='bbox 1949 529 2013 566; x_wconf 83' lang='lat' dir='ltr'>ex</span> <span class='ocrx_word' id='word_1_315' title='bbox 2045 514 2364 568; x_wconf 88' lang='lat' dir='ltr'>auctoritate</span> <span class='ocrx_word' id='word_1_316' title='bbox 2396 516 2493 569; x_wconf 93' lang='lat' dir='ltr'>Dei</span> <span class='ocrx_word' id='word_1_317' title='bbox 2525 516 2719 579; x_wconf 86' lang='lat' dir='ltr'>Patris,</span> <span class='ocrx_word' id='word_1_318' title='bbox 2753 525 2805 569; x_wconf 92' lang='lat' dir='ltr'>et</span> <span class='ocrx_word' id='word_1_319' title='bbox 2837 517 2985 579; x_wconf 87' lang='lat' dir='ltr'>Filii,</span> <span class='ocrx_word' id='word_1_320' title='bbox 3018 533 3081 572; x_wconf 86' lang='lat' dir='ltr'>ac</span> <span class='ocrx_word' id='word_1_321' title='bbox 3112 517 3340 586; x_wconf 91' lang='lat' dir='ltr'>Spiritus</span> <span class='ocrx_word' id='word_1_322' title='bbox 3371 515 3548 571; x_wconf 88' lang='lat' dir='ltr'>sancti</span> 
     </span>
    </p>
   </div>
   <div class='ocr_carea' id='block_1_52' title="bbox 1951 601 3544 674">
    <p class='ocr_par' dir='ltr' id='par_1_52' title="bbox 1951 601 3544 674">
     <span class='ocr_line' id='line_1_52' title="bbox 1951 601 3544 674; baseline 0.003 -21"><span class='ocrx_word' id='word_1_323' title='bbox 1951 601 2165 665; x_wconf 90' lang='lat' dir='ltr'>virtute,</span> <span class='ocrx_word' id='word_1_324' title='bbox 2218 603 2608 674; x_wconf 89' lang='lat' dir='ltr'>beatorumque</span> <span class='ocrx_word' id='word_1_325' title='bbox 2655 605 3021 674; x_wconf 89' lang='lat' dir='ltr'>apostolorum</span> <span class='ocrx_word' id='word_1_326' title='bbox 3071 605 3216 658; x_wconf 90' lang='lat' dir='ltr'>Petri</span> <span class='ocrx_word' id='word_1_327' title='bbox 3263 621 3329 659; x_wconf 89' lang='lat' dir='ltr'>ac</span> <span class='ocrx_word' id='word_1_328' title='bbox 3373 604 3544 671; x_wconf 83' lang='lat' dir='ltr'>Pauli,</span> 
     </span>
    </p>
   </div>
   <div class='ocr_carea' id='block_1_53' title="bbox 1949 691 3550 764">
    <p class='ocr_par' dir='ltr' id='par_1_53' title="bbox 1949 691 3550 764">
     <span class='ocr_line' id='line_1_53' title="bbox 1949 691 3550 764; baseline 0.003 -21"><span class='ocrx_word' id='word_1_329' title='bbox 1949 698 2002 744; x_wconf 89' lang='lat' dir='ltr'>et</span> <span class='ocrx_word' id='word_1_330' title='bbox 2032 691 2274 744; x_wconf 91' lang='lat' dir='ltr'>omnium</span> <span class='ocrx_word' id='word_1_331' title='bbox 2303 701 2611 747; x_wconf 91' lang='lat' dir='ltr'>sanctorum</span> <span class='ocrx_word' id='word_1_332' title='bbox 2647 694 2893 759; x_wconf 88' lang='lat' dir='ltr'>Patrum,</span> <span class='ocrx_word' id='word_1_333' title='bbox 2929 702 3217 764; x_wconf 89' lang='lat' dir='ltr'>nostraque</span> <span class='ocrx_word' id='word_1_334' title='bbox 3249 693 3550 763; x_wconf 86' lang='lat' dir='ltr'>apostolica</span> 
     </span>
    </p>
   </div>
   <div class='ocr_carea' id='block_1_54' title="bbox 1951 779 3550 849">
    <p class='ocr_par' dir='ltr' id='par_1_54' title="bbox 1951 779 3550 849">
     <span class='ocr_line' id='line_1_54' title="bbox 1951 779 3550 849; baseline 0.004 -19"><span class='ocrx_word' id='word_1_335' title='bbox 1951 779 2230 834; x_wconf 86' lang='lat' dir='ltr'>sanctione</span> <span class='ocrx_word' id='word_1_336' title='bbox 2252 823 2264 845; x_wconf 95' lang='lat'>,</span> <span class='ocrx_word' id='word_1_337' title='bbox 2302 781 2601 836; x_wconf 91' lang='lat' dir='ltr'>secundum</span> <span class='ocrx_word' id='word_1_338' title='bbox 2625 782 2741 849; x_wconf 90' lang='lat' dir='ltr'>jam</span> <span class='ocrx_word' id='word_1_339' title='bbox 2773 781 2898 836; x_wconf 91' lang='lat' dir='ltr'>dicti</span> <span class='ocrx_word' id='word_1_340' title='bbox 2928 781 3111 836; x_wconf 92' lang='lat' dir='ltr'>dilecti</span> <span class='ocrx_word' id='word_1_341' title='bbox 3141 781 3426 836; x_wconf 86' lang='lat' dir='ltr'>confratris</span> <span class='ocrx_word' id='word_1_342' title='bbox 3451 797 3550 836; x_wconf 85' lang='lat' dir='ltr'>no-</span> 
     </span>
    </p>
   </div>
   <div class='ocr_carea' id='block_1_55' title="bbox 1951 875 3541 947">
    <p class='ocr_par' dir='ltr' id='par_1_55' title="bbox 1951 875 3541 947">
     <span class='ocr_line' id='line_1_55' title="bbox 1951 875 3541 947; baseline 0.002 -19"><span class='ocrx_word' id='word_1_343' title='bbox 1951 875 2047 928; x_wconf 90' lang='lat' dir='ltr'>stri</span> <span class='ocrx_word' id='word_1_344' title='bbox 2091 877 2488 946; x_wconf 87' lang='lat' dir='ltr'>archiepiscopi</span> <span class='ocrx_word' id='word_1_345' title='bbox 2536 886 2588 931; x_wconf 92' lang='lat' dir='ltr'>et</span> <span class='ocrx_word' id='word_1_346' title='bbox 2637 879 3018 947; x_wconf 90' lang='lat' dir='ltr'>episcoporum</span> <span class='ocrx_word' id='word_1_347' title='bbox 3069 879 3388 932; x_wconf 90' lang='lat' dir='ltr'>sententiam</span> <span class='ocrx_word' id='word_1_348' title='bbox 3431 878 3541 946; x_wconf 89' lang='lat' dir='ltr'>jam</span> 
     </span>
    </p>
   </div>
   <div class='ocr_carea' id='block_1_56' title="bbox 1951 963 3556 1035">
    <p class='ocr_par' dir='ltr' id='par_1_56' title="bbox 1951 963 3556 1035">
     <span class='ocr_line' id='line_1_56' title="bbox 1951 963 3556 1035; baseline 0.002 -19"><span class='ocrx_word' id='word_1_349' title='bbox 1951 963 2078 1016; x_wconf 92' lang='lat' dir='ltr'>olim</span> <span class='ocrx_word' id='word_1_350' title='bbox 2107 964 2161 1018; x_wconf 91' lang='lat' dir='ltr'>in</span> <span class='ocrx_word' id='word_1_351' title='bbox 2195 973 2245 1018; x_wconf 93' lang='lat' dir='ltr'>te</span> <span class='ocrx_word' id='word_1_352' title='bbox 2277 966 2570 1035; x_wconf 86' lang='lat' dir='ltr'>prolatam,</span> <span class='ocrx_word' id='word_1_353' title='bbox 2598 966 2850 1033; x_wconf 89' lang='lat' dir='ltr'>jubemus</span> <span class='ocrx_word' id='word_1_354' title='bbox 2881 974 2932 1019; x_wconf 85' lang='lat' dir='ltr'>te</span> <span class='ocrx_word' id='word_1_355' title='bbox 2955 981 3075 1020; x_wconf 93' lang='lat' dir='ltr'>cum</span> <span class='ocrx_word' id='word_1_356' title='bbox 3113 965 3234 1018; x_wconf 89' lang='lat' dir='ltr'>ﬁliis</span> <span class='ocrx_word' id='word_1_357' title='bbox 3254 974 3306 1019; x_wconf 88' lang='lat' dir='ltr'>et</span> <span class='ocrx_word' id='word_1_358' title='bbox 3337 965 3556 1035; x_wconf 90' lang='lat' dir='ltr'>compli-</span> 
     </span>
    </p>
   </div>
   <div class='ocr_carea' id='block_1_57' title="bbox 1951 1039 3550 1124">
    <p class='ocr_par' dir='ltr' id='par_1_57' title="bbox 1951 1039 3550 1124">
     <span class='ocr_line' id='line_1_57' title="bbox 1951 1039 3550 1124; baseline 0 -17"><span class='ocrx_word' id='word_1_359' title='bbox 1951 1052 2109 1107; x_wconf 91' lang='lat' dir='ltr'>cibus</span> <span class='ocrx_word' id='word_1_360' title='bbox 2132 1053 2236 1107; x_wconf 90' lang='lat' dir='ltr'>tuis</span> <span class='ocrx_word' id='word_1_361' title='bbox 2258 1055 2403 1108; x_wconf 91' lang='lat' dir='ltr'>omni</span> <span class='ocrx_word' id='word_1_362' title='bbox 2426 1055 2799 1109; x_wconf 87' lang='lat' dir='ltr'>ecclesiastica</span> <span class='ocrx_word' id='word_1_363' title='bbox 2820 1071 2942 1109; x_wconf 90' lang='lat' dir='ltr'>esse</span> <span class='ocrx_word' id='word_1_364' title='bbox 2964 1039 3348 1110; x_wconf 85' lang='lat' dir='ltr'>communione</span> <span class='ocrx_word' id='word_1_365' title='bbox 3367 1054 3550 1124; x_wconf 91' lang='lat' dir='ltr'>priva-</span> 
     </span>
    </p>
   </div>
   <div class='ocr_carea' id='block_1_58' title="bbox 1952 1142 3553 1214">
    <p class='ocr_par' dir='ltr' id='par_1_58' title="bbox 1952 1142 3553 1214">
     <span class='ocr_line' id='line_1_58' title="bbox 1952 1142 3553 1214; baseline 0.001 -20"><span class='ocrx_word' id='word_1_366' title='bbox 1952 1147 2086 1205; x_wconf 91' lang='lat' dir='ltr'>tum,</span> <span class='ocrx_word' id='word_1_367' title='bbox 2107 1149 2161 1195; x_wconf 94' lang='lat' dir='ltr'>et</span> <span class='ocrx_word' id='word_1_368' title='bbox 2183 1158 2214 1196; x_wconf 90' lang='lat' dir='ltr'>a</span> <span class='ocrx_word' id='word_1_369' title='bbox 2244 1151 2382 1196; x_wconf 64' lang='lat' dir='ltr'>coetu</span> <span class='ocrx_word' id='word_1_370' title='bbox 2413 1151 2573 1214; x_wconf 87' lang='lat' dir='ltr'>atque</span> <span class='ocrx_word' id='word_1_371' title='bbox 2603 1143 2858 1197; x_wconf 87' lang='lat' dir='ltr'>societate</span> <span class='ocrx_word' id='word_1_372' title='bbox 2880 1143 3118 1198; x_wconf 92' lang='lat' dir='ltr'>omnium</span> <span class='ocrx_word' id='word_1_373' title='bbox 3151 1142 3553 1197; x_wconf 86' lang='lat' dir='ltr'>Christianissi-</span> 
     </span>
    </p>
   </div>
   <div class='ocr_carea' id='block_1_59' title="bbox 1951 1231 3553 1301">
    <p class='ocr_par' dir='ltr' id='par_1_59' title="bbox 1951 1231 3553 1301">
     <span class='ocr_line' id='line_1_59' title="bbox 1951 1231 3553 1301; baseline 0.001 -18"><span class='ocrx_word' id='word_1_374' title='bbox 1951 1246 2187 1294; x_wconf 91' lang='lat' dir='ltr'>morum,</span> <span class='ocrx_word' id='word_1_375' title='bbox 2213 1239 2397 1300; x_wconf 90' lang='lat' dir='ltr'>utpote</span> <span class='ocrx_word' id='word_1_376' title='bbox 2427 1239 2702 1286; x_wconf 89' lang='lat' dir='ltr'>tantorum</span> <span class='ocrx_word' id='word_1_377' title='bbox 2731 1232 2999 1286; x_wconf 89' lang='lat' dir='ltr'>malorum</span> <span class='ocrx_word' id='word_1_378' title='bbox 3029 1239 3435 1301; x_wconf 85' lang='lat' dir='ltr'>perpetratores</span> <span class='ocrx_word' id='word_1_379' title='bbox 3465 1231 3553 1284; x_wconf 90' lang='lat' dir='ltr'>in-</span> 
     </span>
    </p>
   </div>
   <div class='ocr_carea' id='block_1_60' title="bbox 1953 1319 3553 1390">
    <p class='ocr_par' dir='ltr' id='par_1_60' title="bbox 1953 1319 3553 1390">
     <span class='ocr_line' id='line_1_60' title="bbox 1953 1319 3553 1390; baseline -0.001 -16"><span class='ocrx_word' id='word_1_380' title='bbox 1953 1319 2356 1386; x_wconf 86' lang='lat' dir='ltr'>convertibiles,</span> <span class='ocrx_word' id='word_1_381' title='bbox 2382 1320 2626 1375; x_wconf 91' lang='lat' dir='ltr'>seclusos</span> <span class='ocrx_word' id='word_1_382' title='bbox 2663 1329 2714 1374; x_wconf 92' lang='lat' dir='ltr'>et</span> <span class='ocrx_word' id='word_1_383' title='bbox 2749 1321 3034 1375; x_wconf 87' lang='lat' dir='ltr'>damnatos</span> <span class='ocrx_word' id='word_1_384' title='bbox 3055 1321 3321 1384; x_wconf 88' lang='lat' dir='ltr'>existere;</span> <span class='ocrx_word' id='word_1_385' title='bbox 3347 1335 3553 1390; x_wconf 91' lang='lat' dir='ltr'>quous-</span> 
     </span>
    </p>
   </div>
   <div class='ocr_carea' id='block_1_61' title="bbox 1954 1408 3549 1480">
    <p class='ocr_par' dir='ltr' id='par_1_61' title="bbox 1954 1408 3549 1480">
     <span class='ocr_line' id='line_1_61' title="bbox 1954 1408 3549 1480; baseline 0.001 -19"><span class='ocrx_word' id='word_1_386' title='bbox 1954 1423 2060 1478; x_wconf 89' lang='lat' dir='ltr'>que</span> <span class='ocrx_word' id='word_1_387' title='bbox 2104 1408 2303 1474; x_wconf 89' lang='lat' dir='ltr'>omnia,</span> <span class='ocrx_word' id='word_1_388' title='bbox 2358 1425 2479 1479; x_wconf 79' lang='lat' dir='ltr'>quae</span> <span class='ocrx_word' id='word_1_389' title='bbox 2522 1425 2806 1480; x_wconf 89' lang='lat' dir='ltr'>perperam</span> <span class='ocrx_word' id='word_1_390' title='bbox 2851 1409 3133 1480; x_wconf 86' lang='lat' dir='ltr'>gessistis,</span> <span class='ocrx_word' id='word_1_391' title='bbox 3186 1408 3549 1474; x_wconf 89' lang='lat' dir='ltr'>emendando,</span> 
     </span>
    </p>
   </div>
   <div class='ocr_carea' id='block_1_62' title="bbox 1954 1495 3554 1568">
    <p class='ocr_par' dir='ltr' id='par_1_62' title="bbox 1954 1495 3554 1568">
     <span class='ocr_line' id='line_1_62' title="bbox 1954 1495 3554 1568; baseline -0.001 -18"><span class='ocrx_word' id='word_1_392' title='bbox 1954 1496 2323 1566; x_wconf 89' lang='lat' dir='ltr'>canoniceque</span> <span class='ocrx_word' id='word_1_393' title='bbox 2356 1496 2759 1562; x_wconf 85' lang='lat' dir='ltr'>satisfaciendo,</span> <span class='ocrx_word' id='word_1_394' title='bbox 2785 1498 2998 1552; x_wconf 90' lang='lat' dir='ltr'>veniam</span> <span class='ocrx_word' id='word_1_395' title='bbox 3025 1497 3348 1568; x_wconf 83' lang='lat' dir='ltr'>condignam</span> <span class='ocrx_word' id='word_1_396' title='bbox 3370 1495 3554 1565; x_wconf 91' lang='lat' dir='ltr'>perci-</span> 
     </span>
    </p>
   </div>
   <div class='ocr_carea' id='block_1_63' title="bbox 1954 1584 3552 1654">
    <p class='ocr_par' dir='ltr' id='par_1_63' title="bbox 1954 1584 3552 1654">
     <span class='ocr_line' id='line_1_63' title="bbox 1954 1584 3552 1654; baseline 0.001 -16"><span class='ocrx_word' id='word_1_397' title='bbox 1954 1600 2085 1654; x_wconf 92' lang='lat' dir='ltr'>pere</span> <span class='ocrx_word' id='word_1_398' title='bbox 2106 1585 2449 1639; x_wconf 90' lang='lat' dir='ltr'>mereamini.</span> <span class='ocrx_word' id='word_1_399' title='bbox 2505 1587 2640 1640; x_wconf 86' lang='lat' dir='ltr'>Data</span> <span class='ocrx_word' id='word_1_400' title='bbox 2683 1601 2762 1640; x_wconf 82' lang='lat' dir='ltr'>xv</span> <span class='ocrx_word' id='word_1_401' title='bbox 2809 1586 3078 1641; x_wconf 87' lang='lat' dir='ltr'>Kalendas</span> <span class='ocrx_word' id='word_1_402' title='bbox 3126 1585 3320 1650; x_wconf 86' lang='lat' dir='ltr'>Martii,</span> <span class='ocrx_word' id='word_1_403' title='bbox 3372 1584 3552 1640; x_wconf 82' lang='lat' dir='ltr'>indic-</span> 
     </span>
    </p>
   </div>
   <div class='ocr_carea' id='block_1_64' title="bbox 1956 1673 2253 1728">
    <p class='ocr_par' dir='ltr' id='par_1_64' title="bbox 1956 1673 2253 1728">
     <span class='ocr_line' id='line_1_64' title="bbox 1956 1673 2253 1728; baseline 0.003 -2"><span class='ocrx_word' id='word_1_404' title='bbox 1956 1673 2102 1728; x_wconf 89' lang='lat' dir='ltr'>tione</span> <span class='ocrx_word' id='word_1_405' title='bbox 2134 1688 2253 1727; x_wconf 71' lang='lat' dir='ltr'>xxv.</span> 
     </span>
    </p>
   </div>
   <div class='ocr_carea' id='block_1_65' title="bbox 2622 1797 2875 1853">
    <p class='ocr_par' dir='ltr' id='par_1_65' title="bbox 2622 1797 2875 1853">
     <span class='ocr_line' id='line_1_65' title="bbox 2622 1797 2875 1853; baseline 0 -1"><span class='ocrx_word' id='word_1_406' title='bbox 2622 1797 2875 1853; x_wconf 87' lang='lat' dir='ltr'>CCCXII.</span> 
     </span>
    </p>
   </div>
   <div class='ocr_carea' id='block_1_66' title="bbox 2031 1906 3480 1952">
    <p class='ocr_par' dir='ltr' id='par_1_66' title="bbox 2031 1906 3480 1952">
     <span class='ocr_line' id='line_1_66' title="bbox 2031 1906 3480 1952; baseline 0.004 -7"><span class='ocrx_word' id='word_1_407' title='bbox 2031 1906 2102 1946; x_wconf 81' lang='lat' dir='ltr'>AD</span> <span class='ocrx_word' id='word_1_408' title='bbox 2147 1907 2447 1948; x_wconf 70' lang='lat' dir='ltr'>ANSELMUII</span> <span class='ocrx_word' id='word_1_409' title='bbox 2488 1909 2961 1949; x_wconf 73' lang='lat' dir='ltr'>MEDIOLANENSEM</span> <span class='ocrx_word' id='word_1_410' title='bbox 3005 1908 3480 1952; x_wconf 70' lang='lat' dir='ltr'>ARCHIDIACONUH.</span> 
     </span>
    </p>
   </div>
   <div class='ocr_carea' id='block_1_67' title="bbox 2583 1990 2942 2061">
    <p class='ocr_par' dir='ltr' id='par_1_67' title="bbox 2583 1990 2942 2061">
     <span class='ocr_line' id='line_1_67' title="bbox 2583 1990 2942 2061; baseline 0.003 -17"><span class='ocrx_word' id='word_1_411' title='bbox 2583 1991 2764 2061; x_wconf 79' lang='lat' dir='ltr'>(Anno</span> <span class='ocrx_word' id='word_1_412' title='bbox 2795 1990 2942 2061; x_wconf 76' lang='lat'>881&#39;.)</span> 
     </span>
    </p>
   </div>
   <div class='ocr_carea' id='block_1_68' title="bbox 1964 2096 3558 2168">
    <p class='ocr_par' dir='ltr' id='par_1_68' title="bbox 1964 2096 3558 2168">
     <span class='ocr_line' id='line_1_68' title="bbox 1964 2096 3558 2168; baseline 0.001 -17"><span class='ocrx_word' id='word_1_413' title='bbox 1964 2096 2213 2152; x_wconf 78' lang='lat' dir='ltr'>Minatur</span> <span class='ocrx_word' id='word_1_414' title='bbox 2243 2098 2332 2152; x_wconf 84' lang='lat' dir='ltr'>illi</span> <span class='ocrx_word' id='word_1_415' title='bbox 2352 2098 2957 2153; x_wconf 74' lang='lat' dir='ltr'>excommunicationis</span> <span class='ocrx_word' id='word_1_416' title='bbox 2975 2098 3341 2168; x_wconf 69' lang='lat' dir='ltr'>pamammisi</span> <span class='ocrx_word' id='word_1_417' title='bbox 3367 2097 3439 2152; x_wconf 88' lang='lat' dir='ltr'>ad</span> <span class='ocrx_word' id='word_1_418' title='bbox 3468 2098 3558 2153; x_wconf 80' lang='lat' dir='ltr'>sui</span> 
     </span>
    </p>
   </div>
   <div class='ocr_carea' id='block_1_69' title="bbox 2280 2169 3330 2240">
    <p class='ocr_par' dir='ltr' id='par_1_69' title="bbox 2280 2169 3330 2240">
     <span class='ocr_line' id='line_1_69' title="bbox 2280 2169 3330 2240; baseline 0.001 -18"><span class='ocrx_word' id='word_1_419' title='bbox 2280 2169 2684 2240; x_wconf 73' lang='lat' dir='ltr'>archiepiscopi</span> <span class='ocrx_word' id='word_1_420' title='bbox 2713 2170 3087 2224; x_wconf 82' lang='lat' dir='ltr'>obedientiam</span> <span class='ocrx_word' id='word_1_421' title='bbox 3115 2169 3330 2223; x_wconf 85' lang='lat' dir='ltr'>redeat.</span> 
     </span>
    </p>
   </div>
   <div class='ocr_carea' id='block_1_70' title="bbox 2034 2282 3155 2339">
    <p class='ocr_par' dir='ltr' id='par_1_70' title="bbox 2034 2282 3155 2339">
     <span class='ocr_line' id='line_1_70' title="bbox 2034 2282 3155 2339; baseline 0.003 -4"><span class='ocrx_word' id='word_1_422' title='bbox 2034 2283 2302 2336; x_wconf 68' lang='lat' dir='ltr'>Axsnwo</span> <span class='ocrx_word' id='word_1_423' title='bbox 2331 2282 2716 2339; x_wconf 86' lang='lat' dir='ltr'>archidiacono</span> <span class='ocrx_word' id='word_1_424' title='bbox 2747 2283 3155 2338; x_wconf 87' lang='lat' dir='ltr'>Mediolanensi.</span> 
     </span>
    </p>
   </div>
   <div class='ocr_carea' id='block_1_71' title="bbox 2035 2371 3559 2444">
    <p class='ocr_par' dir='ltr' id='par_1_71' title="bbox 2035 2371 3559 2444">
     <span class='ocr_line' id='line_1_71' title="bbox 2035 2371 3559 2444; baseline 0.001 -21"><span class='ocrx_word' id='word_1_425' title='bbox 2035 2371 2197 2425; x_wconf 89' lang='lat' dir='ltr'>Missa</span> <span class='ocrx_word' id='word_1_426' title='bbox 2227 2372 2535 2440; x_wconf 83' lang='lat' dir='ltr'>praesulatui</span> <span class='ocrx_word' id='word_1_427' title='bbox 2577 2380 2765 2428; x_wconf 89' lang='lat' dir='ltr'>nostro</span> <span class='ocrx_word' id='word_1_428' title='bbox 2813 2372 3202 2444; x_wconf 84' lang='lat' dir='ltr'>suggestione,</span> <span class='ocrx_word' id='word_1_429' title='bbox 3254 2374 3559 2442; x_wconf 85' lang='lat' dir='ltr'>Anspertus</span> 
     </span>
    </p>
   </div>
   <div class='ocr_carea' id='block_1_72' title="bbox 1965 2460 3560 2516">
    <p class='ocr_par' dir='ltr' id='par_1_72' title="bbox 1965 2460 3560 2516">
     <span class='ocr_line' id='line_1_72' title="bbox 1965 2460 3560 2516; baseline 0.001 -2"><span class='ocrx_word' id='word_1_430' title='bbox 1965 2467 2168 2515; x_wconf 80' lang='lat' dir='ltr'>sanctae</span> <span class='ocrx_word' id='word_1_431' title='bbox 2232 2460 2652 2514; x_wconf 86' lang='lat' dir='ltr'>Mediolanensis</span> <span class='ocrx_word' id='word_1_432' title='bbox 2731 2461 2994 2516; x_wconf 63' lang='lat' dir='ltr'>Ecclesiae</span> <span class='ocrx_word' id='word_1_433' title='bbox 3075 2461 3560 2516; x_wconf 78' lang='lat' dir='ltr'>reverendissimus</span> 
     </span>
    </p>
   </div>
   <div class='ocr_carea' id='block_1_73' title="bbox 1964 2547 3562 2619">
    <p class='ocr_par' dir='ltr' id='par_1_73' title="bbox 1964 2547 3562 2619">
     <span class='ocr_line' id='line_1_73' title="bbox 1964 2547 3562 2619; baseline -0.001 -15"><span class='ocrx_word' id='word_1_434' title='bbox 1964 2547 2405 2618; x_wconf 89' lang='lat' dir='ltr'>archiepiscopus</span> <span class='ocrx_word' id='word_1_435' title='bbox 2430 2592 2443 2615; x_wconf 93' lang='lat'>,</span> <span class='ocrx_word' id='word_1_436' title='bbox 2475 2549 2627 2618; x_wconf 84' lang='lat' dir='ltr'>cujus</span> <span class='ocrx_word' id='word_1_437' title='bbox 2665 2549 2912 2604; x_wconf 88' lang='lat' dir='ltr'>minister</span> <span class='ocrx_word' id='word_1_438' title='bbox 2955 2565 3077 2604; x_wconf 90' lang='lat' dir='ltr'>esse</span> <span class='ocrx_word' id='word_1_439' title='bbox 3123 2549 3345 2616; x_wconf 84' lang='lat' dir='ltr'>videris,</span> <span class='ocrx_word' id='word_1_440' title='bbox 3399 2565 3562 2619; x_wconf 88' lang='lat' dir='ltr'>super</span> 
     </span>
    </p>
   </div>
   <div class='ocr_carea' id='block_1_74' title="bbox 1964 2637 3560 2708">
    <p class='ocr_par' dir='ltr' id='par_1_74' title="bbox 1964 2637 3560 2708">
     <span class='ocr_line' id='line_1_74' title="bbox 1964 2637 3560 2708; baseline 0.001 -18"><span class='ocrx_word' id='word_1_441' title='bbox 1964 2645 2018 2691; x_wconf 92' lang='lat' dir='ltr'>te</span> <span class='ocrx_word' id='word_1_442' title='bbox 2049 2645 2271 2708; x_wconf 91' lang='lat' dir='ltr'>questus</span> <span class='ocrx_word' id='word_1_443' title='bbox 2291 2645 2372 2691; x_wconf 91' lang='lat' dir='ltr'>est</span> <span class='ocrx_word' id='word_1_444' title='bbox 2394 2638 2538 2708; x_wconf 91' lang='lat' dir='ltr'>quod</span> <span class='ocrx_word' id='word_1_445' title='bbox 2560 2637 2701 2692; x_wconf 92' lang='lat' dir='ltr'>inter</span> <span class='ocrx_word' id='word_1_446' title='bbox 2724 2646 2948 2692; x_wconf 61' lang='lat' dir='ltr'>crateras</span> <span class='ocrx_word' id='word_1_447' title='bbox 2981 2637 3402 2708; x_wconf 88' lang='lat' dir='ltr'>perturbationis</span> <span class='ocrx_word' id='word_1_448' title='bbox 3437 2653 3560 2692; x_wconf 90' lang='lat' dir='ltr'>mo-</span> 
     </span>
    </p>
   </div>
   <div class='ocr_carea' id='block_1_75' title="bbox 1965 2724 3561 2797">
    <p class='ocr_par' dir='ltr' id='par_1_75' title="bbox 1965 2724 3561 2797">
     <span class='ocr_line' id='line_1_75' title="bbox 1965 2724 3561 2797; baseline -0.001 -16"><span class='ocrx_word' id='word_1_449' title='bbox 1965 2724 2204 2781; x_wconf 87' lang='lat' dir='ltr'>lestiasa</span> <span class='ocrx_word' id='word_1_450' title='bbox 2225 2733 2275 2780; x_wconf 90' lang='lat' dir='ltr'>te</span> <span class='ocrx_word' id='word_1_451' title='bbox 2296 2725 2399 2779; x_wconf 86' lang='lat' dir='ltr'>sibi</span> <span class='ocrx_word' id='word_1_452' title='bbox 2420 2733 2626 2782; x_wconf 90' lang='lat' dir='ltr'>temere</span> <span class='ocrx_word' id='word_1_453' title='bbox 2643 2725 2833 2795; x_wconf 88' lang='lat' dir='ltr'>illatas,</span> <span class='ocrx_word' id='word_1_454' title='bbox 2876 2734 2928 2782; x_wconf 93' lang='lat' dir='ltr'>et</span> <span class='ocrx_word' id='word_1_455' title='bbox 2961 2735 3082 2797; x_wconf 93' lang='lat' dir='ltr'>post</span> <span class='ocrx_word' id='word_1_456' title='bbox 3116 2743 3302 2782; x_wconf 89' lang='lat' dir='ltr'>rerum</span> <span class='ocrx_word' id='word_1_457' title='bbox 3337 2742 3561 2781; x_wconf 88' lang='lat' dir='ltr'>suarum</span> 
     </span>
    </p>
   </div>
   <div class='ocr_carea' id='block_1_76' title="bbox 1967 2814 3560 2886">
    <p class='ocr_par' dir='ltr' id='par_1_76' title="bbox 1967 2814 3560 2886">
     <span class='ocr_line' id='line_1_76' title="bbox 1967 2814 3560 2886; baseline 0.001 -18"><span class='ocrx_word' id='word_1_458' title='bbox 1967 2815 2165 2868; x_wconf 89' lang='lat' dir='ltr'>damna</span> <span class='ocrx_word' id='word_1_459' title='bbox 2194 2829 2302 2869; x_wconf 92' lang='lat' dir='ltr'>non</span> <span class='ocrx_word' id='word_1_460' title='bbox 2318 2814 2553 2880; x_wconf 89' lang='lat' dir='ltr'>modica,</span> <span class='ocrx_word' id='word_1_461' title='bbox 2593 2830 2702 2870; x_wconf 91' lang='lat' dir='ltr'>non</span> <span class='ocrx_word' id='word_1_462' title='bbox 2745 2815 2962 2886; x_wconf 90' lang='lat' dir='ltr'>propria</span> <span class='ocrx_word' id='word_1_463' title='bbox 2999 2815 3259 2871; x_wconf 88' lang='lat' dir='ltr'>derelicta</span> <span class='ocrx_word' id='word_1_464' title='bbox 3293 2815 3560 2884; x_wconf 88' lang='lat' dir='ltr'>Ecclesia,</span> 
     </span>
    </p>
   </div>
   <div class='ocr_carea' id='block_1_77' title="bbox 1968 2903 3562 2975">
    <p class='ocr_par' dir='ltr' id='par_1_77' title="bbox 1968 2903 3562 2975">
     <span class='ocr_line' id='line_1_77' title="bbox 1968 2903 3562 2975; baseline 0.001 -18"><span class='ocrx_word' id='word_1_465' title='bbox 1968 2904 2034 2957; x_wconf 92' lang='lat' dir='ltr'>ab</span> <span class='ocrx_word' id='word_1_466' title='bbox 2068 2903 2184 2972; x_wconf 91' lang='lat' dir='ltr'>ejus</span> <span class='ocrx_word' id='word_1_467' title='bbox 2229 2911 2280 2957; x_wconf 90' lang='lat' dir='ltr'>te</span> <span class='ocrx_word' id='word_1_468' title='bbox 2320 2903 2584 2975; x_wconf 89' lang='lat' dir='ltr'>obsequio</span> <span class='ocrx_word' id='word_1_469' title='bbox 2617 2911 2669 2957; x_wconf 91' lang='lat' dir='ltr'>et</span> <span class='ocrx_word' id='word_1_470' title='bbox 2698 2903 2973 2958; x_wconf 89' lang='lat' dir='ltr'>consortio</span> <span class='ocrx_word' id='word_1_471' title='bbox 3013 2920 3302 2975; x_wconf 87' lang='lat' dir='ltr'>separare,</span> <span class='ocrx_word' id='word_1_472' title='bbox 3334 2912 3386 2959; x_wconf 93' lang='lat' dir='ltr'>et</span> <span class='ocrx_word' id='word_1_473' title='bbox 3417 2903 3562 2959; x_wconf 91' lang='lat' dir='ltr'>velut</span> 
     </span>
    </p>
   </div>
   <div class='ocr_carea' id='block_1_78' title="bbox 1973 2991 3563 3062">
    <p class='ocr_par' dir='ltr' id='par_1_78' title="bbox 1973 2991 3563 3062">
     <span class='ocr_line' id='line_1_78' title="bbox 1973 2991 3563 3062; baseline 0.001 -16"><span class='ocrx_word' id='word_1_474' title='bbox 1973 2991 2350 3048; x_wconf 86' lang='lat' dir='ltr'>schismaticus</span> <span class='ocrx_word' id='word_1_475' title='bbox 2399 3008 2498 3062; x_wconf 90' lang='lat' dir='ltr'>per</span> <span class='ocrx_word' id='word_1_476' title='bbox 2543 2992 2748 3046; x_wconf 87' lang='lat' dir='ltr'>alienas</span> <span class='ocrx_word' id='word_1_477' title='bbox 2803 2992 3086 3062; x_wconf 88' lang='lat' dir='ltr'>parochias</span> <span class='ocrx_word' id='word_1_478' title='bbox 3152 3001 3344 3049; x_wconf 86' lang='lat' dir='ltr'>contra</span> <span class='ocrx_word' id='word_1_479' title='bbox 3389 3007 3563 3048; x_wconf 85' lang='lat' dir='ltr'>cano-</span> 
     </span>
    </p>
   </div>
   <div class='ocr_carea' id='block_1_79' title="bbox 1973 3081 3567 3151">
    <p class='ocr_par' dir='ltr' id='par_1_79' title="bbox 1973 3081 3567 3151">
     <span class='ocr_line' id='line_1_79' title="bbox 1973 3081 3567 3151; baseline 0.001 -17"><span class='ocrx_word' id='word_1_480' title='bbox 1973 3081 2096 3136; x_wconf 91' lang='lat' dir='ltr'>nica</span> <span class='ocrx_word' id='word_1_481' title='bbox 2140 3088 2339 3134; x_wconf 90' lang='lat' dir='ltr'>statuta</span> <span class='ocrx_word' id='word_1_482' title='bbox 2385 3081 2708 3136; x_wconf 88' lang='lat' dir='ltr'>commorari</span> <span class='ocrx_word' id='word_1_483' title='bbox 2753 3081 3171 3151; x_wconf 82' lang='lat' dir='ltr'>praesumpseris</span> <span class='ocrx_word' id='word_1_484' title='bbox 3208 3121 3221 3149; x_wconf 95' lang='lat'>,</span> <span class='ocrx_word' id='word_1_485' title='bbox 3257 3096 3471 3138; x_wconf 88' lang='lat' dir='ltr'>necnon</span> <span class='ocrx_word' id='word_1_486' title='bbox 3513 3088 3567 3136; x_wconf 91' lang='lat' dir='ltr'>et</span> 
     </span>
    </p>
   </div>
   <div class='ocr_carea' id='block_1_80' title="bbox 1962 3169 3564 3240">
    <p class='ocr_par' dir='ltr' id='par_1_80' title="bbox 1962 3169 3564 3240">
     <span class='ocr_line' id='line_1_80' title="bbox 1962 3169 3564 3240; baseline 0.001 -18"><span class='ocrx_word' id='word_1_487' title='bbox 1962 3169 2104 3239; x_wconf 91' lang='lat' dir='ltr'>apud</span> <span class='ocrx_word' id='word_1_488' title='bbox 2150 3169 2508 3239; x_wconf 89' lang='lat' dir='ltr'>principalem</span> <span class='ocrx_word' id='word_1_489' title='bbox 2568 3169 2866 3238; x_wconf 89' lang='lat' dir='ltr'>potentiam</span> <span class='ocrx_word' id='word_1_490' title='bbox 2928 3170 3313 3240; x_wconf 89' lang='lat' dir='ltr'>pr0perando,</span> <span class='ocrx_word' id='word_1_491' title='bbox 3374 3169 3564 3224; x_wconf 77' lang='lat' dir='ltr'>noxias</span> 
     </span>
    </p>
   </div>
   <div class='ocr_carea' id='block_1_81' title="bbox 1956 3257 3557 3328">
    <p class='ocr_par' dir='ltr' id='par_1_81' title="bbox 1956 3257 3557 3328">
     <span class='ocr_line' id='line_1_81' title="bbox 1956 3257 3557 3328; baseline 0 -16"><span class='ocrx_word' id='word_1_492' title='bbox 1956 3257 2040 3312; x_wconf 91' lang='lat' dir='ltr'>illi</span> <span class='ocrx_word' id='word_1_493' title='bbox 2101 3272 2409 3327; x_wconf 74' lang='lat' dir='ltr'>praeparare</span> <span class='ocrx_word' id='word_1_494' title='bbox 2475 3257 2700 3311; x_wconf 87' lang='lat' dir='ltr'>insidias</span> <span class='ocrx_word' id='word_1_495' title='bbox 2769 3257 2968 3313; x_wconf 84' lang='lat' dir='ltr'>callida</span> <span class='ocrx_word' id='word_1_496' title='bbox 3029 3257 3388 3328; x_wconf 88' lang='lat' dir='ltr'>persuasione</span> <span class='ocrx_word' id='word_1_497' title='bbox 3455 3258 3557 3312; x_wconf 91' lang='lat' dir='ltr'>de-</span> 
     </span>
    </p>
   </div>
   <div class='ocr_carea' id='block_1_82' title="bbox 1963 3345 3564 3417">
    <p class='ocr_par' dir='ltr' id='par_1_82' title="bbox 1963 3345 3564 3417">
     <span class='ocr_line' id='line_1_82' title="bbox 1963 3345 3564 3417; baseline 0 -15"><span class='ocrx_word' id='word_1_498' title='bbox 1963 3353 2162 3402; x_wconf 89' lang='lat' dir='ltr'>cretas.</span> <span class='ocrx_word' id='word_1_499' title='bbox 2229 3346 2381 3401; x_wconf 91' lang='lat' dir='ltr'>Unde</span> <span class='ocrx_word' id='word_1_500' title='bbox 2428 3345 2514 3400; x_wconf 92' lang='lat' dir='ltr'>his</span> <span class='ocrx_word' id='word_1_501' title='bbox 2560 3346 2762 3402; x_wconf 89' lang='lat' dir='ltr'>nostris</span> <span class='ocrx_word' id='word_1_502' title='bbox 2821 3346 3132 3417; x_wconf 89' lang='lat' dir='ltr'>apostolicis</span> <span class='ocrx_word' id='word_1_503' title='bbox 3186 3345 3375 3416; x_wconf 85' lang='lat' dir='ltr'>litteris</span> <span class='ocrx_word' id='word_1_504' title='bbox 3423 3345 3564 3402; x_wconf 89' lang='lat' dir='ltr'>dile-</span> 
     </span>
    </p>
   </div>
   <div class='ocr_carea' id='block_1_83' title="bbox 1965 3433 3561 3505">
    <p class='ocr_par' dir='ltr' id='par_1_83' title="bbox 1965 3433 3561 3505">
     <span class='ocr_line' id='line_1_83' title="bbox 1965 3433 3561 3505; baseline 0 -15"><span class='ocrx_word' id='word_1_505' title='bbox 1965 3434 2200 3490; x_wconf 89' lang='lat' dir='ltr'>ctionem</span> <span class='ocrx_word' id='word_1_506' title='bbox 2263 3443 2409 3489; x_wconf 87' lang='lat' dir='ltr'>tuam</span> <span class='ocrx_word' id='word_1_507' title='bbox 2475 3442 2702 3505; x_wconf 92' lang='lat' dir='ltr'>paterno</span> <span class='ocrx_word' id='word_1_508' title='bbox 2768 3433 2959 3490; x_wconf 81' lang='lat' dir='ltr'>affectu</span> <span class='ocrx_word' id='word_1_509' title='bbox 3021 3435 3411 3503; x_wconf 85' lang='lat' dir='ltr'>convenimus,</span> <span class='ocrx_word' id='word_1_510' title='bbox 3471 3434 3561 3490; x_wconf 87' lang='lat' dir='ltr'>ni-</span> 
     </span>
    </p>
   </div>
   <div class='ocr_carea' id='block_1_84' title="bbox 1967 3523 3566 3594">
    <p class='ocr_par' dir='ltr' id='par_1_84' title="bbox 1967 3523 3566 3594">
     <span class='ocr_line' id='line_1_84' title="bbox 1967 3523 3566 3594; baseline 0.002 -18"><span class='ocrx_word' id='word_1_511' title='bbox 1967 3523 2258 3579; x_wconf 88' lang='lat' dir='ltr'>hilominus</span> <span class='ocrx_word' id='word_1_512' title='bbox 2302 3532 2354 3578; x_wconf 93' lang='lat' dir='ltr'>et</span> <span class='ocrx_word' id='word_1_513' title='bbox 2397 3538 2521 3578; x_wconf 89' lang='lat' dir='ltr'>cum</span> <span class='ocrx_word' id='word_1_514' title='bbox 2568 3527 2714 3578; x_wconf 89' lang='lat' dir='ltr'>omni</span> <span class='ocrx_word' id='word_1_515' title='bbox 2757 3524 3013 3592; x_wconf 90' lang='lat' dir='ltr'>jubemus</span> <span class='ocrx_word' id='word_1_516' title='bbox 3077 3523 3338 3594; x_wconf 89' lang='lat' dir='ltr'>imperio,</span> <span class='ocrx_word' id='word_1_517' title='bbox 3391 3530 3450 3577; x_wconf 91' lang='lat' dir='ltr'>ut</span> <span class='ocrx_word' id='word_1_518' title='bbox 3496 3523 3566 3579; x_wconf 89' lang='lat' dir='ltr'>de</span> 
     </span>
    </p>
   </div>
   <div class='ocr_carea' id='block_1_85' title="bbox 1968 3611 3567 3684">
    <p class='ocr_par' dir='ltr' id='par_1_85' title="bbox 1968 3611 3567 3684">
     <span class='ocr_line' id='line_1_85' title="bbox 1968 3611 3567 3684; baseline 0.001 -19"><span class='ocrx_word' id='word_1_519' title='bbox 1968 3611 2225 3683; x_wconf 62' lang='lat' dir='ltr'>presenti</span> <span class='ocrx_word' id='word_1_520' title='bbox 2255 3611 2326 3667; x_wconf 87' lang='lat' dir='ltr'>ad</span> <span class='ocrx_word' id='word_1_521' title='bbox 2355 3611 2531 3666; x_wconf 92' lang='lat' dir='ltr'>sinum</span> <span class='ocrx_word' id='word_1_522' title='bbox 2565 3620 2617 3666; x_wconf 92' lang='lat' dir='ltr'>et</span> <span class='ocrx_word' id='word_1_523' title='bbox 2647 3611 2914 3684; x_wconf 88' lang='lat' dir='ltr'>gremium</span> <span class='ocrx_word' id='word_1_524' title='bbox 2945 3619 3149 3668; x_wconf 64' lang='lat' dir='ltr'>sancta</span> <span class='ocrx_word' id='word_1_525' title='bbox 3193 3611 3567 3667; x_wconf 88' lang='lat' dir='ltr'>Mediolanen-</span> 
     </span>
    </p>
   </div>
   <div class='ocr_carea' id='block_1_86' title="bbox 1971 3699 3567 3772">
    <p class='ocr_par' dir='ltr' id='par_1_86' title="bbox 1971 3699 3567 3772">
     <span class='ocr_line' id='line_1_86' title="bbox 1971 3699 3567 3772; baseline 0.001 -18"><span class='ocrx_word' id='word_1_526' title='bbox 1971 3701 2044 3755; x_wconf 90' lang='lat' dir='ltr'>sis</span> <span class='ocrx_word' id='word_1_527' title='bbox 2091 3700 2354 3756; x_wconf 63' lang='lat' dir='ltr'>Ecclesia</span> <span class='ocrx_word' id='word_1_528' title='bbox 2399 3699 2591 3755; x_wconf 88' lang='lat' dir='ltr'>matris</span> <span class='ocrx_word' id='word_1_529' title='bbox 2637 3707 2744 3755; x_wconf 74' lang='lat' dir='ltr'>tuas</span> <span class='ocrx_word' id='word_1_530' title='bbox 2767 3743 2779 3766; x_wconf 94' lang='lat'>,</span> <span class='ocrx_word' id='word_1_531' title='bbox 2827 3715 2988 3772; x_wconf 88' lang='lat' dir='ltr'>quam</span> <span class='ocrx_word' id='word_1_532' title='bbox 3047 3699 3336 3756; x_wconf 86' lang='lat' dir='ltr'>furibundo</span> <span class='ocrx_word' id='word_1_533' title='bbox 3383 3699 3567 3756; x_wconf 87' lang='lat' dir='ltr'>animo</span> 
     </span>
    </p>
   </div>
   <div class='ocr_carea' id='block_1_87' title="bbox 1972 3787 3570 3861">
    <p class='ocr_par' dir='ltr' id='par_1_87' title="bbox 1972 3787 3570 3861">
     <span class='ocr_line' id='line_1_87' title="bbox 1972 3787 3570 3861; baseline 0 -17"><span class='ocrx_word' id='word_1_534' title='bbox 1972 3788 2239 3861; x_wconf 89' lang='lat' dir='ltr'>reliquisti</span> <span class='ocrx_word' id='word_1_535' title='bbox 2265 3831 2278 3858; x_wconf 93' lang='lat'>,</span> <span class='ocrx_word' id='word_1_536' title='bbox 2330 3788 2489 3844; x_wconf 89' lang='lat' dir='ltr'>valde</span> <span class='ocrx_word' id='word_1_537' title='bbox 2519 3789 2748 3844; x_wconf 89' lang='lat' dir='ltr'>devotus</span> <span class='ocrx_word' id='word_1_538' title='bbox 2773 3789 2951 3845; x_wconf 90' lang='lat' dir='ltr'>redire</span> <span class='ocrx_word' id='word_1_539' title='bbox 2981 3787 3202 3845; x_wconf 89' lang='lat' dir='ltr'>festines</span> <span class='ocrx_word' id='word_1_540' title='bbox 3226 3831 3240 3860; x_wconf 95' lang='lat'>,</span> <span class='ocrx_word' id='word_1_541' title='bbox 3273 3797 3438 3860; x_wconf 87' lang='lat' dir='ltr'>atque</span> <span class='ocrx_word' id='word_1_542' title='bbox 3467 3789 3570 3845; x_wconf 86' lang='lat' dir='ltr'>sub</span> 
     </span>
    </p>
   </div>
   <div class='ocr_carea' id='block_1_88' title="bbox 1973 3877 3572 3950">
    <p class='ocr_par' dir='ltr' id='par_1_88' title="bbox 1973 3877 3572 3950">
     <span class='ocr_line' id='line_1_88' title="bbox 1973 3877 3572 3950; baseline 0 -18"><span class='ocrx_word' id='word_1_543' title='bbox 1973 3878 2176 3949; x_wconf 91' lang='lat' dir='ltr'>proprii</span> <span class='ocrx_word' id='word_1_544' title='bbox 2226 3878 2457 3950; x_wconf 89' lang='lat' dir='ltr'>pastoris</span> <span class='ocrx_word' id='word_1_545' title='bbox 2501 3878 2768 3950; x_wconf 86' lang='lat' dir='ltr'>regimine</span> <span class='ocrx_word' id='word_1_546' title='bbox 2810 3878 2897 3934; x_wconf 86' lang='lat' dir='ltr'>vel</span> <span class='ocrx_word' id='word_1_547' title='bbox 2937 3879 3226 3949; x_wconf 77' lang='lat' dir='ltr'>praesentia</span> <span class='ocrx_word' id='word_1_548' title='bbox 3255 3894 3378 3934; x_wconf 87' lang='lat' dir='ltr'>esse</span> <span class='ocrx_word' id='word_1_549' title='bbox 3423 3877 3572 3933; x_wconf 90' lang='lat' dir='ltr'>omni</span> 
     </span>
    </p>
   </div>
   <div class='ocr_carea' id='block_1_89' title="bbox 1975 3966 3573 4037">
    <p class='ocr_par' dir='ltr' id='par_1_89' title="bbox 1975 3966 3573 4037">
     <span class='ocr_line' id='line_1_89' title="bbox 1975 3966 3573 4037; baseline -0.001 -16"><span class='ocrx_word' id='word_1_550' title='bbox 1975 3967 2172 4023; x_wconf 90' lang='lat' dir='ltr'>mentis</span> <span class='ocrx_word' id='word_1_551' title='bbox 2200 3967 2475 4022; x_wconf 89' lang='lat' dir='ltr'>alacritate</span> <span class='ocrx_word' id='word_1_552' title='bbox 2506 3967 2755 4022; x_wconf 91' lang='lat' dir='ltr'>decertes</span> <span class='ocrx_word' id='word_1_553' title='bbox 2777 4009 2790 4032; x_wconf 93' lang='lat'>,</span> <span class='ocrx_word' id='word_1_554' title='bbox 2822 3974 2892 4035; x_wconf 90' lang='lat' dir='ltr'>et,</span> <span class='ocrx_word' id='word_1_555' title='bbox 2925 3975 3111 4037; x_wconf 88' lang='lat' dir='ltr'>utpote</span> <span class='ocrx_word' id='word_1_556' title='bbox 3139 3968 3368 4022; x_wconf 89' lang='lat' dir='ltr'>idoneus</span> <span class='ocrx_word' id='word_1_557' title='bbox 3414 3966 3573 4021; x_wconf 90' lang='lat' dir='ltr'>mini-</span> 
     </span>
    </p>
   </div>
   <div class='ocr_carea' id='block_1_90' title="bbox 1979 4055 3573 4125">
    <p class='ocr_par' dir='ltr' id='par_1_90' title="bbox 1979 4055 3573 4125">
     <span class='ocr_line' id='line_1_90' title="bbox 1979 4055 3573 4125; baseline -0.003 -13"><span class='ocrx_word' id='word_1_558' title='bbox 1979 4065 2108 4123; x_wconf 89' lang='lat' dir='ltr'>ster,</span> <span class='ocrx_word' id='word_1_559' title='bbox 2143 4056 2332 4109; x_wconf 90' lang='lat' dir='ltr'>humili</span> <span class='ocrx_word' id='word_1_560' title='bbox 2361 4071 2586 4125; x_wconf 89' lang='lat' dir='ltr'>prorsus</span> <span class='ocrx_word' id='word_1_561' title='bbox 2606 4055 2893 4110; x_wconf 87' lang='lat' dir='ltr'>devotione</span> <span class='ocrx_word' id='word_1_562' title='bbox 2913 4055 3174 4121; x_wconf 91' lang='lat' dir='ltr'>debitum,</span> <span class='ocrx_word' id='word_1_563' title='bbox 3191 4056 3344 4123; x_wconf 84' lang='lat' dir='ltr'>juxta</span> <span class='ocrx_word' id='word_1_564' title='bbox 3363 4055 3573 4110; x_wconf 85' lang='lat' dir='ltr'>ordinis</span> 
     </span>
    </p>
   </div>
   <div class='ocr_carea' id='block_1_91' title="bbox 1979 4143 3571 4215">
    <p class='ocr_par' dir='ltr' id='par_1_91' title="bbox 1979 4143 3571 4215">
     <span class='ocr_line' id='line_1_91' title="bbox 1979 4143 3571 4215; baseline 0 -16"><span class='ocrx_word' id='word_1_565' title='bbox 1979 4145 2053 4199; x_wconf 91' lang='lat' dir='ltr'>tui</span> <span class='ocrx_word' id='word_1_566' title='bbox 2081 4143 2282 4213; x_wconf 91' lang='lat' dir='ltr'>locum,</span> <span class='ocrx_word' id='word_1_567' title='bbox 2315 4151 2625 4198; x_wconf 91' lang='lat' dir='ltr'>reverenter</span> <span class='ocrx_word' id='word_1_568' title='bbox 2642 4143 2936 4213; x_wconf 84' lang='lat' dir='ltr'>impendas</span> <span class='ocrx_word' id='word_1_569' title='bbox 2962 4143 3284 4215; x_wconf 90' lang='lat' dir='ltr'>obsequium</span> <span class='ocrx_word' id='word_1_570' title='bbox 3331 4151 3384 4198; x_wconf 91' lang='lat' dir='ltr'>et</span> <span class='ocrx_word' id='word_1_571' title='bbox 3433 4143 3571 4200; x_wconf 87' lang='lat' dir='ltr'>obe-</span> 
     </span>
    </p>
   </div>
   <div class='ocr_carea' id='block_1_92' title="bbox 1982 4231 3570 4305">
    <p class='ocr_par' dir='ltr' id='par_1_92' title="bbox 1982 4231 3570 4305">
     <span class='ocr_line' id='line_1_92' title="bbox 1982 4231 3570 4305; baseline 0 -17"><span class='ocrx_word' id='word_1_572' title='bbox 1982 4231 2198 4288; x_wconf 85' lang='lat' dir='ltr'>dientiae</span> <span class='ocrx_word' id='word_1_573' title='bbox 2228 4231 2542 4287; x_wconf 85' lang='lat' dir='ltr'>famulatum</span> <span class='ocrx_word' id='word_1_574' title='bbox 2567 4274 2579 4297; x_wconf 92' lang='lat'>,</span> <span class='ocrx_word' id='word_1_575' title='bbox 2631 4240 2894 4304; x_wconf 90' lang='lat' dir='ltr'>quatenus</span> <span class='ocrx_word' id='word_1_576' title='bbox 2917 4274 2930 4301; x_wconf 94' lang='lat'>,</span> <span class='ocrx_word' id='word_1_577' title='bbox 2983 4232 3101 4300; x_wconf 91' lang='lat' dir='ltr'>ejus</span> <span class='ocrx_word' id='word_1_578' title='bbox 3145 4231 3318 4305; x_wconf 86' lang='lat' dir='ltr'>gratia</span> <span class='ocrx_word' id='word_1_579' title='bbox 3346 4232 3570 4302; x_wconf 90' lang='lat' dir='ltr'>potitus,</span> 
     </span>
    </p>
   </div>
   <div class='ocr_carea' id='block_1_93' title="bbox 1983 4320 3574 4394">
    <p class='ocr_par' dir='ltr' id='par_1_93' title="bbox 1983 4320 3574 4394">
     <span class='ocr_line' id='line_1_93' title="bbox 1983 4320 3574 4394; baseline -0.001 -16"><span class='ocrx_word' id='word_1_580' title='bbox 1983 4321 2337 4392; x_wconf 90' lang='lat' dir='ltr'>omnipotenti</span> <span class='ocrx_word' id='word_1_581' title='bbox 2365 4321 2598 4376; x_wconf 89' lang='lat' dir='ltr'>Domino</span> <span class='ocrx_word' id='word_1_582' title='bbox 2618 4321 2686 4375; x_wconf 90' lang='lat' dir='ltr'>de</span> <span class='ocrx_word' id='word_1_583' title='bbox 2720 4320 2881 4377; x_wconf 77' lang='lat' dir='ltr'>ofﬁcii</span> <span class='ocrx_word' id='word_1_584' title='bbox 2912 4320 2987 4376; x_wconf 90' lang='lat' dir='ltr'>tui</span> <span class='ocrx_word' id='word_1_585' title='bbox 3014 4321 3327 4376; x_wconf 86' lang='lat' dir='ltr'>assiduitate</span> <span class='ocrx_word' id='word_1_586' title='bbox 3357 4337 3574 4394; x_wconf 84' lang='lat' dir='ltr'>semper</span> 
     </span>
    </p>
   </div>
   <div class='ocr_carea' id='block_1_94' title="bbox 1986 4409 3578 4483">
    <p class='ocr_par' dir='ltr' id='par_1_94' title="bbox 1986 4409 3578 4483">
     <span class='ocr_line' id='line_1_94' title="bbox 1986 4409 3578 4483; baseline 0.001 -18"><span class='ocrx_word' id='word_1_587' title='bbox 1986 4411 2206 4483; x_wconf 87' lang='lat' dir='ltr'>placere</span> <span class='ocrx_word' id='word_1_588' title='bbox 2231 4410 2436 4466; x_wconf 87' lang='lat' dir='ltr'>valeas.</span> <span class='ocrx_word' id='word_1_589' title='bbox 2471 4409 2629 4479; x_wconf 89' lang='lat' dir='ltr'>Quod</span> <span class='ocrx_word' id='word_1_590' title='bbox 2659 4410 2704 4464; x_wconf 91' lang='lat' dir='ltr'>si</span> <span class='ocrx_word' id='word_1_591' title='bbox 2734 4410 2892 4465; x_wconf 90' lang='lat' dir='ltr'>aliter</span> <span class='ocrx_word' id='word_1_592' title='bbox 2938 4417 3127 4466; x_wconf 89' lang='lat' dir='ltr'>contra</span> <span class='ocrx_word' id='word_1_593' title='bbox 3173 4411 3476 4482; x_wconf 65' lang='lat' dir='ltr'>praecipuas</span> <span class='ocrx_word' id='word_1_594' title='bbox 3523 4419 3578 4467; x_wconf 89' lang='lat' dir='ltr'>et</span> 
     </span>
    </p>
   </div>
   <div class='ocr_carea' id='block_1_95' title="bbox 284 4488 3574 4573">
    <p class='ocr_par' dir='ltr' id='par_1_95' title="bbox 284 4488 3574 4573">
     <span class='ocr_line' id='line_1_95' title="bbox 284 4488 3574 4573; baseline -0.002 -12"><span class='ocrx_word' id='word_1_595' title='bbox 284 4505 514 4573; x_wconf 84' lang='lat' dir='ltr'>abjecla,</span> <span class='ocrx_word' id='word_1_596' title='bbox 549 4500 803 4573; x_wconf 83' lang='lat' dir='ltr'>quoniam</span> <span class='ocrx_word' id='word_1_597' title='bbox 835 4500 1133 4568; x_wconf 73' lang='lat' dir='ltr'>hacleDUS,</span> <span class='ocrx_word' id='word_1_598' title='bbox 1181 4496 1279 4550; x_wconf 74' lang='grc' dir='ltr'>Πθί</span> <span class='ocrx_word' id='word_1_599' title='bbox 1323 4494 1516 4549; x_wconf 62' lang='lat' dir='ltr'>timore</span> <span class='ocrx_word' id='word_1_600' title='bbox 1554 4491 1873 4563; x_wconf 75' lang='grc' dir='ltr'>ροειροεὶιο,</span> <span class='ocrx_word' id='word_1_601' title='bbox 1908 4488 1959 4548; x_wconf 84' lang='lat' dir='ltr'>D</span> <span class='ocrx_word' id='word_1_602' title='bbox 1983 4517 2092 4556; x_wconf 93' lang='lat' dir='ltr'>non</span> <span class='ocrx_word' id='word_1_603' title='bbox 2120 4499 2404 4554; x_wconf 87' lang='lat' dir='ltr'>violandas</span> <span class='ocrx_word' id='word_1_604' title='bbox 2433 4506 2744 4554; x_wconf 90' lang='lat' dir='ltr'>sanctorum</span> <span class='ocrx_word' id='word_1_605' title='bbox 2762 4499 2975 4554; x_wconf 89' lang='lat' dir='ltr'>Patrum</span> <span class='ocrx_word' id='word_1_606' title='bbox 3004 4499 3388 4566; x_wconf 89' lang='lat' dir='ltr'>institutiones,</span> <span class='ocrx_word' id='word_1_607' title='bbox 3411 4507 3574 4570; x_wconf 90' lang='lat' dir='ltr'>atque</span> 
     </span>
    </p>
   </div>
   <div class='ocr_carea' id='block_1_96' title="bbox 285 4582 1877 4660">
    <p class='ocr_par' dir='ltr' id='par_1_96' title="bbox 285 4582 1877 4660">
     <span class='ocr_line' id='line_1_96' title="bbox 285 4582 1877 4660; baseline -0.011 -10"><span class='ocrx_word' id='word_1_608' title='bbox 285 4593 483 4650; x_wconf 89' lang='lat' dir='ltr'>multos</span> <span class='ocrx_word' id='word_1_609' title='bbox 513 4598 617 4646; x_wconf 76' lang='lat' dir='ltr'>tuae</span> <span class='ocrx_word' id='word_1_610' title='bbox 664 4588 955 4660; x_wconf 89' lang='lat' dir='ltr'>iniquitatis</span> <span class='ocrx_word' id='word_1_611' title='bbox 999 4587 1150 4656; x_wconf 88' lang='lat' dir='ltr'>lepra</span> <span class='ocrx_word' id='word_1_612' title='bbox 1193 4582 1586 4654; x_wconf 87' lang='lat' dir='ltr'>coinquinasti,</span> <span class='ocrx_word' id='word_1_613' title='bbox 1621 4589 1673 4636; x_wconf 93' lang='lat' dir='ltr'>et</span> <span class='ocrx_word' id='word_1_614' title='bbox 1704 4587 1877 4634; x_wconf 91' lang='lat' dir='ltr'>tanto-</span> 
     </span>
    </p>
   </div>
   <div class='ocr_carea' id='block_1_97' title="bbox 284 4669 1876 4741">
    <p class='ocr_par' dir='ltr' id='par_1_97' title="bbox 284 4669 1876 4741">
     <span class='ocr_line' id='line_1_97' title="bbox 284 4669 1876 4741; baseline -0.011 -3"><span class='ocrx_word' id='word_1_615' title='bbox 284 4698 403 4738; x_wconf 89' lang='lat' dir='ltr'>rum</span> <span class='ocrx_word' id='word_1_616' title='bbox 432 4679 697 4735; x_wconf 87' lang='lat' dir='ltr'>malorum</span> <span class='ocrx_word' id='word_1_617' title='bbox 731 4685 914 4732; x_wconf 89' lang='lat' dir='ltr'>auctor</span> <span class='ocrx_word' id='word_1_618' title='bbox 943 4691 1063 4730; x_wconf 91' lang='lat' dir='ltr'>esse</span> <span class='ocrx_word' id='word_1_619' title='bbox 1093 4689 1200 4729; x_wconf 88' lang='lat' dir='ltr'>non</span> <span class='ocrx_word' id='word_1_620' title='bbox 1233 4671 1502 4741; x_wconf 90' lang='lat' dir='ltr'>dubitasti,</span> <span class='ocrx_word' id='word_1_621' title='bbox 1534 4669 1876 4741; x_wconf 70' lang='lat' dir='ltr'>praecipimus</span> 
     </span>
    </p>
   </div>
   <div class='ocr_carea' id='block_1_98' title="bbox 286 4756 1879 4830">
    <p class='ocr_par' dir='ltr' id='par_1_98' title="bbox 286 4756 1879 4830">
     <span class='ocr_line' id='line_1_98' title="bbox 286 4756 1879 4830; baseline -0.009 -4"><span class='ocrx_word' id='word_1_622' title='bbox 286 4780 338 4826; x_wconf 92' lang='lat' dir='ltr'>te</span> <span class='ocrx_word' id='word_1_623' title='bbox 382 4785 506 4825; x_wconf 91' lang='lat' dir='ltr'>cum</span> <span class='ocrx_word' id='word_1_624' title='bbox 551 4767 697 4823; x_wconf 92' lang='lat' dir='ltr'>omni</span> <span class='ocrx_word' id='word_1_625' title='bbox 744 4764 1019 4821; x_wconf 89' lang='lat' dir='ltr'>celeritate</span> <span class='ocrx_word' id='word_1_626' title='bbox 1087 4762 1283 4818; x_wconf 90' lang='lat' dir='ltr'>reverti</span> <span class='ocrx_word' id='word_1_627' title='bbox 1327 4762 1396 4816; x_wconf 89' lang='lat' dir='ltr'>ad</span> <span class='ocrx_word' id='word_1_628' title='bbox 1440 4775 1624 4815; x_wconf 87' lang='lat' dir='ltr'>veram</span> <span class='ocrx_word' id='word_1_629' title='bbox 1672 4756 1879 4830; x_wconf 80' lang='lat' dir='ltr'>praefati</span> 
     </span>
    </p>
   </div>
   <div class='ocr_carea' id='block_1_99' title="bbox 287 4846 1879 4931">
    <p class='ocr_par' dir='ltr' id='par_1_99' title="bbox 287 4846 1879 4931">
     <span class='ocr_line' id='line_1_99' title="bbox 287 4846 1879 4931; baseline -0.011 -14"><span class='ocrx_word' id='word_1_630' title='bbox 287 4856 558 4931; x_wconf 81' lang='lat' dir='ltr'>pontiﬁcis</span> <span class='ocrx_word' id='word_1_631' title='bbox 588 4856 660 4910; x_wconf 91' lang='lat' dir='ltr'>tui</span> <span class='ocrx_word' id='word_1_632' title='bbox 688 4853 1104 4908; x_wconf 85' lang='lat' dir='ltr'>satisfactionem</span> <span class='ocrx_word' id='word_1_633' title='bbox 1137 4867 1260 4906; x_wconf 91' lang='lat' dir='ltr'>eum</span> <span class='ocrx_word' id='word_1_634' title='bbox 1290 4849 1412 4904; x_wconf 90' lang='lat' dir='ltr'>ﬁliis</span> <span class='ocrx_word' id='word_1_635' title='bbox 1455 4858 1507 4903; x_wconf 89' lang='lat' dir='ltr'>et</span> <span class='ocrx_word' id='word_1_636' title='bbox 1551 4848 1654 4902; x_wconf 92' lang='lat' dir='ltr'>tuis</span> <span class='ocrx_word' id='word_1_637' title='bbox 1698 4846 1879 4902; x_wconf 90' lang='lat' dir='ltr'>omni-</span> 
     </span>
    </p>
   </div>
   <div class='ocr_carea' id='block_1_100' title="bbox 289 4937 1880 5016">
    <p class='ocr_par' dir='ltr' id='par_1_100' title="bbox 289 4937 1880 5016">
     <span class='ocr_line' id='line_1_100' title="bbox 289 4937 1880 5016; baseline -0.009 -13"><span class='ocrx_word' id='word_1_638' title='bbox 289 4950 390 5003; x_wconf 89' lang='lat' dir='ltr'>bus</span> <span class='ocrx_word' id='word_1_639' title='bbox 419 4945 805 5016; x_wconf 89' lang='lat' dir='ltr'>complicibus,</span> <span class='ocrx_word' id='word_1_640' title='bbox 841 4958 1066 5013; x_wconf 90' lang='lat' dir='ltr'>quorum</span> <span class='ocrx_word' id='word_1_641' title='bbox 1110 4941 1353 4997; x_wconf 88' lang='lat' dir='ltr'>incentor</span> <span class='ocrx_word' id='word_1_642' title='bbox 1395 4939 1574 4993; x_wconf 88' lang='lat' dir='ltr'>adhuc</span> <span class='ocrx_word' id='word_1_643' title='bbox 1617 4937 1880 4992; x_wconf 88' lang='lat' dir='ltr'>malorum</span> 
     </span>
    </p>
   </div>
   <div class='ocr_carea' id='block_1_101' title="bbox 291 5025 1883 5109">
    <p class='ocr_par' dir='ltr' id='par_1_101' title="bbox 291 5025 1883 5109">
     <span class='ocr_line' id='line_1_101' title="bbox 291 5025 1883 5109; baseline -0.01 -16"><span class='ocrx_word' id='word_1_644' title='bbox 291 5044 413 5109; x_wconf 91' lang='lat' dir='ltr'>post</span> <span class='ocrx_word' id='word_1_645' title='bbox 445 5042 617 5090; x_wconf 89' lang='lat' dir='ltr'>tantas</span> <span class='ocrx_word' id='word_1_646' title='bbox 646 5031 1009 5089; x_wconf 88' lang='lat' dir='ltr'>correctiones</span> <span class='ocrx_word' id='word_1_647' title='bbox 1049 5047 1171 5085; x_wconf 91' lang='lat' dir='ltr'>esse</span> <span class='ocrx_word' id='word_1_648' title='bbox 1215 5044 1324 5082; x_wconf 91' lang='lat' dir='ltr'>non</span> <span class='ocrx_word' id='word_1_649' title='bbox 1366 5025 1618 5090; x_wconf 89' lang='lat' dir='ltr'>timuisti,</span> <span class='ocrx_word' id='word_1_650' title='bbox 1667 5033 1720 5080; x_wconf 92' lang='lat' dir='ltr'>et</span> <span class='ocrx_word' id='word_1_651' title='bbox 1753 5025 1883 5094; x_wconf 73' lang='lat' dir='ltr'>&#39;ejus</span> 
     </span>
    </p>
   </div>
   <div class='ocr_carea' id='block_1_102' title="bbox 291 5113 1881 5184">
    <p class='ocr_par' dir='ltr' id='par_1_102' title="bbox 291 5113 1881 5184">
     <span class='ocr_line' id='line_1_102' title="bbox 291 5113 1881 5184; baseline -0.009 -4"><span class='ocrx_word' id='word_1_652' title='bbox 291 5123 602 5180; x_wconf 88' lang='lat' dir='ltr'>salubribus</span> <span class='ocrx_word' id='word_1_653' title='bbox 663 5121 880 5176; x_wconf 89' lang='lat' dir='ltr'>monitis</span> <span class='ocrx_word' id='word_1_654' title='bbox 937 5119 1180 5173; x_wconf 90' lang='lat' dir='ltr'>subditus</span> <span class='ocrx_word' id='word_1_655' title='bbox 1227 5125 1277 5171; x_wconf 92' lang='lat' dir='ltr'>et</span> <span class='ocrx_word' id='word_1_656' title='bbox 1323 5116 1600 5184; x_wconf 89' lang='lat' dir='ltr'>subjectus</span> <span class='ocrx_word' id='word_1_657' title='bbox 1663 5113 1881 5178; x_wconf 87' lang='lat' dir='ltr'>existas,</span> 
     </span>
    </p>
   </div>
   <div class='ocr_carea' id='block_1_103' title="bbox 292 5202 1884 5277">
    <p class='ocr_par' dir='ltr' id='par_1_103' title="bbox 292 5202 1884 5277">
     <span class='ocr_line' id='line_1_103' title="bbox 292 5202 1884 5277; baseline -0.009 -8"><span class='ocrx_word' id='word_1_658' title='bbox 292 5213 544 5270; x_wconf 90' lang='lat' dir='ltr'>omnibus</span> <span class='ocrx_word' id='word_1_659' title='bbox 584 5219 760 5265; x_wconf 89' lang='lat' dir='ltr'>tamen</span> <span class='ocrx_word' id='word_1_660' title='bbox 805 5208 1064 5264; x_wconf 70' lang='lat' dir='ltr'>Ecclesiae</span> <span class='ocrx_word' id='word_1_661' title='bbox 1105 5204 1602 5277; x_wconf 62' lang='lat' dir='ltr'>depraedationibus</span> <span class='ocrx_word' id='word_1_662' title='bbox 1652 5202 1705 5256; x_wconf 90' lang='lat' dir='ltr'>in</span> <span class='ocrx_word' id='word_1_663' title='bbox 1750 5202 1884 5256; x_wconf 93' lang='lat' dir='ltr'>inte-</span> 
     </span>
    </p>
   </div>
   <div class='ocr_carea' id='block_1_104' title="bbox 295 5289 1889 5373">
    <p class='ocr_par' dir='ltr' id='par_1_104' title="bbox 295 5289 1889 5373">
     <span class='ocr_line' id='line_1_104' title="bbox 295 5289 1889 5373; baseline -0.008 -17"><span class='ocrx_word' id='word_1_664' title='bbox 295 5317 452 5373; x_wconf 85' lang='lat' dir='ltr'>grum</span> <span class='ocrx_word' id='word_1_665' title='bbox 485 5299 759 5366; x_wconf 86' lang='lat' dir='ltr'>restitutis,</span> <span class='ocrx_word' id='word_1_666' title='bbox 802 5305 854 5352; x_wconf 90' lang='lat' dir='ltr'>et</span> <span class='ocrx_word' id='word_1_667' title='bbox 902 5295 1199 5352; x_wconf 89' lang='lat' dir='ltr'>secundum</span> <span class='ocrx_word' id='word_1_668' title='bbox 1231 5293 1401 5364; x_wconf 91' lang='lat' dir='ltr'>ipsius</span> <span class='ocrx_word' id='word_1_669' title='bbox 1436 5291 1698 5347; x_wconf 64' lang='lat' dir='ltr'>Ecclesiae</span> <span class='ocrx_word' id='word_1_670' title='bbox 1730 5289 1889 5361; x_wconf 90' lang='lat' dir='ltr'>privi-</span> 
     </span>
    </p>
   </div>
   <div class='ocr_carea' id='block_1_105' title="bbox 294 5379 1888 5461">
    <p class='ocr_par' dir='ltr' id='par_1_105' title="bbox 294 5379 1888 5461">
     <span class='ocr_line' id='line_1_105' title="bbox 294 5379 1888 5461; baseline -0.008 -16"><span class='ocrx_word' id='word_1_671' title='bbox 294 5390 494 5461; x_wconf 81' lang='lat' dir='ltr'>legium</span> <span class='ocrx_word' id='word_1_672' title='bbox 535 5386 832 5443; x_wconf 90' lang='lat' dir='ltr'>emendatis</span> <span class='ocrx_word' id='word_1_673' title='bbox 861 5395 1017 5455; x_wconf 88' lang='lat' dir='ltr'>atque</span> <span class='ocrx_word' id='word_1_674' title='bbox 1049 5382 1254 5438; x_wconf 90' lang='lat' dir='ltr'>solutis.</span> <span class='ocrx_word' id='word_1_675' title='bbox 1299 5381 1455 5450; x_wconf 88' lang='lat' dir='ltr'>Quod</span> <span class='ocrx_word' id='word_1_676' title='bbox 1487 5381 1532 5435; x_wconf 92' lang='lat' dir='ltr'>si</span> <span class='ocrx_word' id='word_1_677' title='bbox 1579 5387 1701 5450; x_wconf 91' lang='lat' dir='ltr'>post</span> <span class='ocrx_word' id='word_1_678' title='bbox 1731 5379 1888 5448; x_wconf 91' lang='lat' dir='ltr'>hujus</span> 
     </span>
    </p>
   </div>
   <div class='ocr_carea' id='block_1_106' title="bbox 298 5467 1889 5547">
    <p class='ocr_par' dir='ltr' id='par_1_106' title="bbox 298 5467 1889 5547">
     <span class='ocr_line' id='line_1_106' title="bbox 298 5467 1889 5547; baseline -0.008 -13"><span class='ocrx_word' id='word_1_679' title='bbox 298 5486 496 5534; x_wconf 75' lang='lat' dir='ltr'>nostrae</span> <span class='ocrx_word' id='word_1_680' title='bbox 525 5475 902 5547; x_wconf 66' lang='lat' dir='ltr'>praeceptionis</span> <span class='ocrx_word' id='word_1_681' title='bbox 932 5475 1186 5530; x_wconf 90' lang='lat' dir='ltr'>relectam</span> <span class='ocrx_word' id='word_1_682' title='bbox 1218 5470 1504 5542; x_wconf 90' lang='lat' dir='ltr'>epistolam</span> <span class='ocrx_word' id='word_1_683' title='bbox 1535 5469 1588 5522; x_wconf 91' lang='lat' dir='ltr'>in</span> <span class='ocrx_word' id='word_1_684' title='bbox 1606 5476 1691 5523; x_wconf 89' lang='lat' dir='ltr'>tua</span> <span class='ocrx_word' id='word_1_685' title='bbox 1705 5467 1889 5539; x_wconf 91' lang='lat' dir='ltr'>iniqua</span> 
     </span>
    </p>
   </div>
   <div class='ocr_carea' id='block_1_107' title="bbox 297 5563 1890 5646">
    <p class='ocr_par' dir='ltr' id='par_1_107' title="bbox 297 5563 1890 5646">
     <span class='ocr_line' id='line_1_107' title="bbox 297 5563 1890 5646; baseline -0.009 -13"><span class='ocrx_word' id='word_1_686' title='bbox 297 5574 657 5634; x_wconf 88' lang='lat' dir='ltr'>obstinatione</span> <span class='ocrx_word' id='word_1_687' title='bbox 685 5573 1002 5646; x_wconf 86' lang='lat' dir='ltr'>perdurans,</span> <span class='ocrx_word' id='word_1_688' title='bbox 1036 5577 1094 5626; x_wconf 94' lang='lat' dir='ltr'>ut</span> <span class='ocrx_word' id='word_1_689' title='bbox 1122 5569 1326 5627; x_wconf 90' lang='lat' dir='ltr'>dictum</span> <span class='ocrx_word' id='word_1_690' title='bbox 1355 5575 1466 5638; x_wconf 88' lang='lat' dir='ltr'>est,</span> <span class='ocrx_word' id='word_1_691' title='bbox 1517 5566 1584 5621; x_wconf 88' lang='lat' dir='ltr'>ad</span> <span class='ocrx_word' id='word_1_692' title='bbox 1611 5563 1890 5638; x_wconf 85' lang='lat' dir='ltr'>praefatum</span> 
     </span>
    </p>
   </div>
   <div class='ocr_carea' id='block_1_108' title="bbox 1978 4588 3575 4660">
    <p class='ocr_par' dir='ltr' id='par_1_108' title="bbox 1978 4588 3575 4660">
     <span class='ocr_line' id='line_1_108' title="bbox 1978 4588 3575 4660; baseline -0.002 -14"><span class='ocrx_word' id='word_1_693' title='bbox 1978 4598 2166 4646; x_wconf 89' lang='lat' dir='ltr'>contra</span> <span class='ocrx_word' id='word_1_694' title='bbox 2195 4589 2334 4644; x_wconf 91' lang='lat' dir='ltr'>hanc</span> <span class='ocrx_word' id='word_1_695' title='bbox 2365 4595 2610 4643; x_wconf 88' lang='lat' dir='ltr'>nostram</span> <span class='ocrx_word' id='word_1_696' title='bbox 2640 4588 3047 4643; x_wconf 89' lang='lat' dir='ltr'>saluberrimam</span> <span class='ocrx_word' id='word_1_697' title='bbox 3071 4588 3372 4657; x_wconf 89' lang='lat' dir='ltr'>jussionem</span> <span class='ocrx_word' id='word_1_698' title='bbox 3405 4603 3575 4660; x_wconf 87' lang='lat' dir='ltr'>agere</span> 
     </span>
    </p>
   </div>
   <div class='ocr_carea' id='block_1_109' title="bbox 1977 4676 3576 4750">
    <p class='ocr_par' dir='ltr' id='par_1_109' title="bbox 1977 4676 3576 4750">
     <span class='ocr_line' id='line_1_109' title="bbox 1977 4676 3576 4750; baseline 0 -18"><span class='ocrx_word' id='word_1_699' title='bbox 1977 4676 2412 4750; x_wconf 71' lang='lat' dir='ltr'>praesumpseris,</span> <span class='ocrx_word' id='word_1_700' title='bbox 2439 4685 2491 4732; x_wconf 93' lang='lat' dir='ltr'>et</span> <span class='ocrx_word' id='word_1_701' title='bbox 2510 4676 2578 4732; x_wconf 89' lang='lat' dir='ltr'>ad</span> <span class='ocrx_word' id='word_1_702' title='bbox 2605 4684 2750 4731; x_wconf 90' lang='lat' dir='ltr'>tuam</span> <span class='ocrx_word' id='word_1_703' title='bbox 2779 4676 3078 4732; x_wconf 88' lang='lat' dir='ltr'>Ecclesiam</span> <span class='ocrx_word' id='word_1_704' title='bbox 3108 4684 3368 4749; x_wconf 88' lang='lat' dir='ltr'>tuumque</span> <span class='ocrx_word' id='word_1_705' title='bbox 3396 4685 3576 4748; x_wconf 88' lang='lat' dir='ltr'>pasto-</span> 
     </span>
    </p>
   </div>
   <div class='ocr_carea' id='block_1_110' title="bbox 1979 4765 3576 4837">
    <p class='ocr_par' dir='ltr' id='par_1_110' title="bbox 1979 4765 3576 4837">
     <span class='ocr_line' id='line_1_110' title="bbox 1979 4765 3576 4837; baseline -0.001 -15"><span class='ocrx_word' id='word_1_706' title='bbox 1979 4784 2114 4834; x_wconf 92' lang='lat' dir='ltr'>rem,</span> <span class='ocrx_word' id='word_1_707' title='bbox 2149 4766 2288 4822; x_wconf 90' lang='lat' dir='ltr'>sicut</span> <span class='ocrx_word' id='word_1_708' title='bbox 2313 4765 2508 4837; x_wconf 84' lang='lat' dir='ltr'>regula</span> <span class='ocrx_word' id='word_1_709' title='bbox 2534 4765 2908 4822; x_wconf 83' lang='lat' dir='ltr'>ecclesiastica</span> <span class='ocrx_word' id='word_1_710' title='bbox 2939 4766 3114 4831; x_wconf 89' lang='lat' dir='ltr'>docet,</span> <span class='ocrx_word' id='word_1_711' title='bbox 3139 4765 3320 4821; x_wconf 89' lang='lat' dir='ltr'>redire</span> <span class='ocrx_word' id='word_1_712' title='bbox 3339 4773 3576 4822; x_wconf 79' lang='lat' dir='ltr'>contem-</span> 
     </span>
    </p>
   </div>
   <div class='ocr_carea' id='block_1_111' title="bbox 1979 4853 3581 4927">
    <p class='ocr_par' dir='ltr' id='par_1_111' title="bbox 1979 4853 3581 4927">
     <span class='ocr_line' id='line_1_111' title="bbox 1979 4853 3581 4927; baseline -0.001 -15"><span class='ocrx_word' id='word_1_713' title='bbox 1979 4856 2178 4927; x_wconf 89' lang='lat' dir='ltr'>pseris,</span> <span class='ocrx_word' id='word_1_714' title='bbox 2211 4855 2350 4912; x_wconf 89' lang='lat' dir='ltr'>scias</span> <span class='ocrx_word' id='word_1_715' title='bbox 2381 4863 2433 4910; x_wconf 91' lang='lat' dir='ltr'>te</span> <span class='ocrx_word' id='word_1_716' title='bbox 2464 4854 2562 4910; x_wconf 89' lang='lat' dir='ltr'>Dei</span> <span class='ocrx_word' id='word_1_717' title='bbox 2591 4853 2934 4924; x_wconf 89' lang='lat' dir='ltr'>omipotentis</span> <span class='ocrx_word' id='word_1_718' title='bbox 2966 4854 3163 4910; x_wconf 89' lang='lat' dir='ltr'>virtute</span> <span class='ocrx_word' id='word_1_719' title='bbox 3193 4861 3244 4909; x_wconf 91' lang='lat' dir='ltr'>et</span> <span class='ocrx_word' id='word_1_720' title='bbox 3276 4854 3419 4910; x_wconf 87' lang='lat' dir='ltr'>beati</span> <span class='ocrx_word' id='word_1_721' title='bbox 3438 4855 3581 4910; x_wconf 90' lang='lat' dir='ltr'>Petri</span> 
     </span>
    </p>
   </div>
   <div class='ocr_carea' id='block_1_112' title="bbox 1981 4941 3579 5016">
    <p class='ocr_par' dir='ltr' id='par_1_112' title="bbox 1981 4941 3579 5016">
     <span class='ocr_line' id='line_1_112' title="bbox 1981 4941 3579 5016; baseline 0 -16"><span class='ocrx_word' id='word_1_722' title='bbox 1981 4944 2352 5016; x_wconf 87' lang='lat' dir='ltr'>apostolorum</span> <span class='ocrx_word' id='word_1_723' title='bbox 2395 4943 2650 5014; x_wconf 88' lang='lat' dir='ltr'>principis</span> <span class='ocrx_word' id='word_1_724' title='bbox 2697 4950 2991 5014; x_wconf 88' lang='lat' dir='ltr'>nostraque</span> <span class='ocrx_word' id='word_1_725' title='bbox 3035 4941 3384 5010; x_wconf 88' lang='lat' dir='ltr'>auctoritate,</span> <span class='ocrx_word' id='word_1_726' title='bbox 3417 4950 3579 5016; x_wconf 89' lang='lat' dir='ltr'>atque</span> 
     </span>
    </p>
   </div>
   <div class='ocr_carea' id='block_1_113' title="bbox 1987 5030 3580 5100">
    <p class='ocr_par' dir='ltr' id='par_1_113' title="bbox 1987 5030 3580 5100">
     <span class='ocr_line' id='line_1_113' title="bbox 1987 5030 3580 5100; baseline 0.001 -11"><span class='ocrx_word' id='word_1_727' title='bbox 1987 5032 2252 5090; x_wconf 91' lang='lat' dir='ltr'>canonico</span> <span class='ocrx_word' id='word_1_728' title='bbox 2304 5033 2524 5087; x_wconf 90' lang='lat' dir='ltr'>Patrum</span> <span class='ocrx_word' id='word_1_729' title='bbox 2568 5031 2812 5100; x_wconf 89' lang='lat' dir='ltr'>judicio,</span> <span class='ocrx_word' id='word_1_730' title='bbox 2862 5030 2976 5087; x_wconf 90' lang='lat' dir='ltr'>fore</span> <span class='ocrx_word' id='word_1_731' title='bbox 3021 5031 3169 5086; x_wconf 91' lang='lat' dir='ltr'>omni</span> <span class='ocrx_word' id='word_1_732' title='bbox 3209 5031 3580 5090; x_wconf 89' lang='lat' dir='ltr'>ecclesiastica</span> 
     </span>
    </p>
   </div>
   <div class='ocr_carea' id='block_1_114' title="bbox 1984 5121 3578 5193">
    <p class='ocr_par' dir='ltr' id='par_1_114' title="bbox 1984 5121 3578 5193">
     <span class='ocr_line' id='line_1_114' title="bbox 1984 5121 3578 5193; baseline -0.002 -14"><span class='ocrx_word' id='word_1_733' title='bbox 1984 5121 2366 5179; x_wconf 87' lang='lat' dir='ltr'>communione</span> <span class='ocrx_word' id='word_1_734' title='bbox 2395 5121 2684 5191; x_wconf 90' lang='lat' dir='ltr'>privatum,</span> <span class='ocrx_word' id='word_1_735' title='bbox 2717 5135 3019 5191; x_wconf 90' lang='lat' dir='ltr'>quousque,</span> <span class='ocrx_word' id='word_1_736' title='bbox 3038 5128 3096 5174; x_wconf 91' lang='lat' dir='ltr'>ut</span> <span class='ocrx_word' id='word_1_737' title='bbox 3123 5121 3446 5191; x_wconf 73' lang='lat' dir='ltr'>praedictum</span> <span class='ocrx_word' id='word_1_738' title='bbox 3476 5131 3578 5193; x_wconf 91' lang='lat' dir='ltr'>est,</span> 
     </span>
    </p>
   </div>
   <div class='ocr_carea' id='block_1_115' title="bbox 1986 5208 3580 5280">
    <p class='ocr_par' dir='ltr' id='par_1_115' title="bbox 1986 5208 3580 5280">
     <span class='ocr_line' id='line_1_115' title="bbox 1986 5208 3580 5280; baseline -0.001 -14"><span class='ocrx_word' id='word_1_739' title='bbox 1986 5213 2052 5267; x_wconf 93' lang='lat' dir='ltr'>ad</span> <span class='ocrx_word' id='word_1_740' title='bbox 2083 5220 2232 5265; x_wconf 89' lang='lat' dir='ltr'>tuam</span> <span class='ocrx_word' id='word_1_741' title='bbox 2262 5209 2564 5265; x_wconf 90' lang='lat' dir='ltr'>Ecclesiam</span> <span class='ocrx_word' id='word_1_742' title='bbox 2595 5208 2777 5263; x_wconf 90' lang='lat' dir='ltr'>redire</span> <span class='ocrx_word' id='word_1_743' title='bbox 2807 5216 3005 5280; x_wconf 91' lang='lat' dir='ltr'>tuoque</span> <span class='ocrx_word' id='word_1_744' title='bbox 3033 5210 3236 5279; x_wconf 89' lang='lat' dir='ltr'>pastori</span> <span class='ocrx_word' id='word_1_745' title='bbox 3265 5210 3580 5266; x_wconf 88' lang='lat' dir='ltr'>humilitatis</span> 
     </span>
    </p>
   </div>
   <div class='ocr_carea' id='block_1_116' title="bbox 1987 5295 3579 5369">
    <p class='ocr_par' dir='ltr' id='par_1_116' title="bbox 1987 5295 3579 5369">
     <span class='ocr_line' id='line_1_116' title="bbox 1987 5295 3579 5369; baseline 0 -14"><span class='ocrx_word' id='word_1_746' title='bbox 1987 5299 2128 5356; x_wconf 87' lang='lat' dir='ltr'>colla</span> <span class='ocrx_word' id='word_1_747' title='bbox 2155 5298 2386 5353; x_wconf 90' lang='lat' dir='ltr'>subdere</span> <span class='ocrx_word' id='word_1_748' title='bbox 2416 5295 2636 5352; x_wconf 89' lang='lat' dir='ltr'>omnino</span> <span class='ocrx_word' id='word_1_749' title='bbox 2679 5295 2970 5364; x_wconf 87' lang='lat' dir='ltr'>studueris,</span> <span class='ocrx_word' id='word_1_750' title='bbox 3019 5298 3273 5369; x_wconf 90' lang='lat' dir='ltr'>quoniam</span> <span class='ocrx_word' id='word_1_751' title='bbox 3303 5299 3447 5354; x_wconf 89' lang='lat' dir='ltr'>ferro</span> <span class='ocrx_word' id='word_1_752' title='bbox 3477 5316 3579 5355; x_wconf 91' lang='lat' dir='ltr'>ne-</span> 
     </span>
    </p>
   </div>
   <div class='ocr_carea' id='block_1_117' title="bbox 1988 5384 3580 5459">
    <p class='ocr_par' dir='ltr' id='par_1_117' title="bbox 1988 5384 3580 5459">
     <span class='ocr_line' id='line_1_117' title="bbox 1988 5384 3580 5459; baseline -0.001 -16"><span class='ocrx_word' id='word_1_753' title='bbox 1988 5403 2142 5444; x_wconf 90' lang='lat' dir='ltr'>cesse</span> <span class='ocrx_word' id='word_1_754' title='bbox 2172 5395 2255 5442; x_wconf 91' lang='lat' dir='ltr'>est</span> <span class='ocrx_word' id='word_1_755' title='bbox 2282 5395 2336 5440; x_wconf 92' lang='lat' dir='ltr'>ut</span> <span class='ocrx_word' id='word_1_756' title='bbox 2365 5385 2749 5442; x_wconf 84' lang='lat' dir='ltr'>abscindantur</span> <span class='ocrx_word' id='word_1_757' title='bbox 2789 5384 3019 5441; x_wconf 85' lang='lat' dir='ltr'>vulnera</span> <span class='ocrx_word' id='word_1_758' title='bbox 3061 5403 3183 5459; x_wconf 59' lang='lat' dir='ltr'>quae</span> <span class='ocrx_word' id='word_1_759' title='bbox 3225 5394 3283 5442; x_wconf 91' lang='lat' dir='ltr'>ut</span> <span class='ocrx_word' id='word_1_760' title='bbox 3309 5388 3417 5442; x_wconf 89' lang='lat' dir='ltr'>illis</span> <span class='ocrx_word' id='word_1_761' title='bbox 3465 5403 3580 5442; x_wconf 89' lang='lat' dir='ltr'>ma-</span> 
     </span>
    </p>
   </div>
   <div class='ocr_carea' id='block_1_118' title="bbox 1989 5474 3580 5533">
    <p class='ocr_par' dir='ltr' id='par_1_118' title="bbox 1989 5474 3580 5533">
     <span class='ocr_line' id='line_1_118' title="bbox 1989 5474 3580 5533; baseline 0.001 -2"><span class='ocrx_word' id='word_1_762' title='bbox 1989 5492 2118 5531; x_wconf 90' lang='lat' dir='ltr'>num</span> <span class='ocrx_word' id='word_1_763' title='bbox 2145 5475 2460 5531; x_wconf 89' lang='lat' dir='ltr'>adhibueris</span> <span class='ocrx_word' id='word_1_764' title='bbox 2499 5474 2858 5532; x_wconf 84' lang='lat' dir='ltr'>fomentorum</span> <span class='ocrx_word' id='word_1_765' title='bbox 2903 5491 3012 5532; x_wconf 91' lang='lat' dir='ltr'>non</span> <span class='ocrx_word' id='word_1_766' title='bbox 3058 5475 3327 5532; x_wconf 90' lang='lat' dir='ltr'>senserint</span> <span class='ocrx_word' id='word_1_767' title='bbox 3353 5475 3580 5533; x_wconf 88' lang='lat' dir='ltr'>medici-</span> 
     </span>
    </p>
   </div>
   <div class='ocr_carea' id='block_1_119' title="bbox 1989 5581 2132 5620">
    <p class='ocr_par' dir='ltr' id='par_1_119' title="bbox 1989 5581 2132 5620">
     <span class='ocr_line' id='line_1_119' title="bbox 1989 5581 2132 5620; baseline 0 0"><span class='ocrx_word' id='word_1_768' title='bbox 1989 5581 2132 5620; x_wconf 88' lang='lat' dir='ltr'>nam.</span> 
     </span>
    </p>
   </div>
  </div>
