4086 6308
1213 394 1494 452 CCCXIII.

877 507 952 548 AD
989 507 1284 560 JOANNEM,
1325 505 1672 557 EGILULFUH,
1711 505 1835 546 ETC.

1177 583 1359 651 (Anno
1389 583 1538 650 881.)

564 679 805 736 Causam
824 681 980 735 inter
996 678 1407 734 Tridentanum
1419 680 1474 732 et
1497 678 1868 733 Varonensem
1881 675 2161 745 episcopos

625 754 951 806 versantem
1001 751 1080 805 eis
1125 750 1470 814 committit;
1516 750 1709 803 monet
1751 751 1817 800 ut
1866 761 1990 800 eam
2025 746 2160 816 jure

629 819 933 890 deﬁniant,
957 825 1014 876 et
1041 820 1113 874 ad
1142 836 1201 876 se
1229 820 1578 875 sententiam
1613 817 1888 882 mittant,
1921 819 1987 870 ut
2033 831 2160 871 eam

628 893 967 961 conﬁrmare
990 893 1188 964 possit.

626 1008 834 1062 JOANNI
847 1005 1194 1073 Bononiensi,
1208 1006 1489 1060 EGILULFO
1502 1004 1815 1067 Mantuano,
1834 1009 1888 1058 et
1907 1003 2158 1057 ΕιοΑιωο

563 1096 866 1163 Vicentino,
899 1104 952 1152 et
985 1097 1212 1150 VIATORI
1242 1093 1577 1149 Ferrariensi
1600 1092 1892 1164 episcOpis.

629 1185 992 1242 Sanctitamen
1021 1192 1260 1240 vestram
1288 1183 1542 1238 nolumus
1584 1181 1839 1254 ignorare
1887 1179 2156 1252 quoddam

557 1273 688 1328 olim
733 1273 874 1328 inter
919 1280 1162 1329 sanctam
1204 1273 1576 1327 Veronensem
1609 1269 1919 1326 Ecclesium
1949 1277 2002 1324 et
2031 1269 2156 1323 Tri-

556 1362 850 1418 dentanam
879 1363 949 1416 de
979 1361 1306 1434 quibusdam
1337 1360 1502 1415 rebus
1552 1359 1769 1414 Asianae
1801 1357 1942 1414 villae
1992 1373 2157 1413 exor-

554 1458 670 1506 tum
698 1449 864 1506 fuisse
894 1449 1146 1524 litigium,
1183 1465 1320 1520 quas
1352 1447 1649 1504 Veronensi
1678 1447 1940 1503 Ecclesiae
1985 1447 2157 1520 perti-

554 1539 740 1594 nuisse
765 1539 1137 1611 probavimus,
1171 1539 1310 1594 sicut
1336 1553 1370 1593 a
1397 1537 1593 1609 legatis
1622 1535 1824 1592 nostris
1845 1580 1862 1602 ,
1893 1535 1986 1608 qui
2013 1543 2156 1590 tem-

555 1644 689 1699 pore
717 1627 811 1684 illo
838 1627 894 1682 in
925 1627 1094 1683 Italia
1122 1627 1362 1698 partibus
1393 1625 1680 1697 legationis
1709 1633 1908 1680 nostrae
1955 1623 2156 1697 funge-

552 1716 753 1771 bantur
781 1715 978 1783 ofﬁcio,
1003 1715 1184 1772 veraci
1214 1715 1474 1770 relatione
1495 1713 1860 1785 comperimus
1885 1730 1898 1768 :
1924 1729 2156 1784 quorum

557 1813 610 1861 et
629 1805 820 1874 judicii
847 1803 1223 1860 diﬁinitionem
1271 1803 1537 1869 vidimus,
1587 1810 1642 1857 et
1684 1818 1870 1857 eorum
1916 1801 2157 1858 subscri-

555 1893 771 1964 ptiones
802 1909 1054 1948 manuum
1081 1891 1315 1948 lectione
1342 1891 1740 1962 percurrimus,
1786 1905 1894 1962 quo
1922 1889 2158 1946 manife-

553 1981 689 2036 stius
710 1982 1024 2037 declaratur
1054 1981 1278 2036 easdem
1308 1997 1398 2036 res
1429 1981 1498 2035 ad
1529 1987 1768 2036 sanctam
1790 1979 2160 2034 Veronensem

541 2071 864 2127 Ecclesiam
899 2071 1044 2140 juste
1089 2069 1453 2141 pertinuisse,
1501 2077 1556 2124 et
1601 2085 1694 2124 eas
1739 2068 1792 2122 in
1838 2075 2160 2138 perpetuum

553 2159 918 2232 possidendas
939 2159 1226 2214 ditiinitum
1255 2157 1444 2213 fuisse.
1479 2157 1588 2214 Sed
1610 2157 1738 2230 quia
1767 2173 1912 2228 sape
1943 2165 2161 2212 conten-

555 2249 630 2304 tio
659 2248 796 2304 solet
825 2263 1098 2320 generare
1127 2246 1482 2315 discordiam,
1532 2262 1710 2312 nunc,
1760 2245 1898 2302 sicut
1942 2245 2154 2313 dicitur,

551 2336 898 2394 Adelchisius
926 2337 1257 2392 venerabilis
1281 2335 1648 2391 Tridentanus
1678 2334 1990 2406 episcopus,
2026 2351 2158 2390 con-

551 2433 637 2482 tra
664 2424 1043 2482 diﬁinitionem
1071 2425 1248 2497 ipsam
1279 2440 1570 2498 peragens,
1603 2432 1767 2496 atque
1797 2431 1988 2480 contra
2021 2440 2157 2494 pro-

549 2515 850 2572 fessionem
870 2558 884 2581 ,
933 2530 1236 2586 manusque
1285 2531 1398 2570 suae
1437 2513 1894 2585 subscriptionem
1934 2529 2158 2570 movere

547 2603 916 2676 praesumpsit,
969 2603 1295 2660 reverentiae
1328 2611 1534 2659 uestrae
1583 2619 1750 2674 super
1787 2603 1891 2658 hoc
1936 2601 2159 2674 negotio

549 2688 728 2750 vicem
756 2700 996 2748 nostram
1025 2691 1431 2757 committimus,
1463 2699 1520 2746 ut
1549 2692 1615 2746 ad
1645 2691 1766 2746 illas
1782 2699 1964 2762 partes
1993 2706 2158 2747 acce-

550 2782 762 2850 dentes,
797 2797 923 2838 cum
951 2781 1242 2846 Adelardo,
1277 2789 1330 2835 et
1359 2781 1552 2836 eodem
1581 2779 1908 2843 Adelchisio,
1941 2795 2164 2836 venera-

551 2869 756 2924 bilibus
787 2869 1080 2940 episcopis,
1115 2869 1219 2924 hoc
1247 2868 1482 2941 litigium
1511 2868 1660 2938 (licet
1689 2869 1794 2924 hoc
1816 2911 1831 2934 ,
1863 2868 1990 2940 quia
2037 2885 2161 2924 cum

550 2957 752 3031 legatis
781 2957 986 3014 nostris
1014 2956 1376 3013 deliberatum
1425 2964 1526 3022 est,
1579 2956 1914 3027 superﬂuum
1939 2957 2154 3026 judice-

1785 264 2082 324 JOANNIS
2137 262 2334 319 PAPE
2372 263 2514 321 VIII.

2183 387 2241 449 A
2259 387 2486 444 aliorum
2533 387 2823 446 certiﬁcari
2870 405 3032 462 super
3074 390 3178 447 hoc
3225 389 3676 446 attestationibus.
3747 387 3863 444 Sed

3751 264 3864 322 926

2262 477 2386 548 quia
2417 479 2521 534 hoc
2548 495 2658 534 non
2687 495 2810 535 esse
2837 487 3202 550 opportunum
3230 479 3580 550 praevidimus
3604 521 3618 544 ,
3661 477 3864 533 Joanni

2261 567 2622 636 Bononiensi,
2655 567 2896 641 Egilulfo
2927 570 3214 624 Mantuano
3239 613 3253 635 ,
3285 568 3518 624 Eicardo
3551 567 3857 634 Vicentino,

2262 663 2315 711 et
2363 657 2571 712 Viatori
2615 657 2951 714 Ferrariensi
2996 657 3394 714 venerabilibus
3442 657 3717 728 episcopis
3740 698 3756 726 ,
3788 655 3861 711 ad

2261 745 2365 800 hoc
2395 747 2696 802 secundum
2722 748 2898 802 Deum
2927 747 3322 818 providendum
3347 789 3361 810 ,
3394 753 3448 802 et
3477 753 3739 818 quantum
3787 745 3861 800 ad

2261 842 2630 906 contemptum
2667 835 3095 892 inobedientium
3141 834 3378 907 pertinet
3397 877 3410 903 ,
3458 851 3676 890 rursum
3719 833 3862 889 ditii-

2261 924 2522 978 niendum
2543 967 2556 990 ,
2602 924 2778 980 vicem
2823 933 3067 980 nostram
3116 941 3281 995 super
3320 925 3464 980 hanc
3501 923 3860 995 quaestionem

2261 1012 2631 1069 commisimus
2651 1057 2668 1081 ,
2701 1021 2759 1068 ut
2785 1013 2840 1068 in
2869 1013 2925 1068 id
2953 1013 3131 1085 ipsum
3157 1013 3542 1070 convenientes
3565 1057 3578 1077 ,
3611 1013 3718 1068 hoc
3743 1011 3858 1066 liti-

2260 1101 2412 1174 gium
2443 1118 2567 1158 cum
2597 1101 2878 1158 sanctitate
2908 1111 2998 1158 tua
3024 1103 3400 1167 determinent,
3433 1109 3486 1166 et
3514 1101 3859 1172 irreprehen-

2261 1190 2464 1260 sibiter,
2498 1192 2614 1247 Deo
2642 1208 2754 1263 prae
2782 1192 2954 1248 oculis
2991 1192 3175 1248 habito
3195 1235 3210 1258 ,
3257 1191 3490 1246 diffinire
3536 1197 3853 1262 procurent.

2261 1279 2605 1351 Quapropter
2651 1279 2886 1336 fraterno
2927 1289 2981 1336 te
3023 1297 3208 1336 amore
3252 1295 3540 1336 monemus
3578 1287 3636 1334 ut
3664 1279 3718 1333 in
3749 1280 3855 1335 hoc

2258 1368 2334 1424 ita
2361 1385 2599 1440 peragas
2635 1378 2903 1442 quatenus
2931 1386 2963 1424 a
2991 1370 3148 1425 nobis
3176 1370 3370 1426 merito
3390 1367 3715 1440 reprehendi
3745 1383 3856 1424 non

2257 1457 2438 1529 possis
2472 1465 2522 1512 et
2551 1459 2868 1515 canonicam
2913 1459 3236 1515 sententiam
3282 1475 3392 1514 non
3437 1457 3672 1528 excipias
3704 1475 3719 1512 :
3753 1472 3852 1512 ve-

2258 1555 2561 1602 rumtamen
2592 1549 2662 1602 ad
2691 1548 2870 1604 locum
2904 1565 3064 1620 quem
3093 1547 3333 1620 praedicti
3363 1546 3706 1602 venerabiles
3731 1547 3852 1618 epi-

2258 1636 2410 1707 scopi
2441 1635 2537 1690 tibi
2567 1635 2994 1708 significaverint
3015 1680 3028 1703 ,
3061 1653 3354 1692 occurrere
3382 1652 3491 1692 non
3519 1636 3755 1692 omittas.
3787 1636 3854 1690 Et

2183 1747 2237 1806 B
2258 1724 2326 1780 de
2359 1725 2564 1780 eisdem
2591 1726 2758 1780 rebus
2787 1726 3002 1781 Asianus
3031 1725 3174 1782 villa:
3201 1725 3558 1796 respondeas,
3579 1732 3637 1779 ut
3666 1739 3732 1779 ex
3749 1725 3853 1780 hoc

2251 1815 2362 1884 jam
2390 1814 2540 1869 nulla
2568 1814 2796 1886 quaestio
2835 1829 3065 1886 prorsus
3093 1823 3373 1871 remaneat
3402 1814 3488 1871 vel
3513 1822 3847 1870 renascatur.

2260 1903 2402 1958 Data
2430 1907 2496 1960 ut
2526 1921 2716 1976 supra.

2943 2007 3193 2064 CCCXV.

2443 2113 2517 2154 AD
2554 2112 2872 2154 ισυονισωι
2908 2112 2978 2152 ΕΤ
3015 2111 3432 2152 ΟΑΒιΟΜΔΝΝΠΗ
3470 2111 3666 2152 REGES.

2877 2205 3057 2274 (Anno
3088 2207 3238 2274 881.)

2259 2296 2430 2366 Rogat
2461 2297 2537 2366 ut
2553 2310 2683 2350 cum
2707 2294 2900 2350 Carolo
2925 2294 3266 2366 imperatore
3288 2292 3650 2366 consentiant
3669 2292 3738 2348 de
3765 2307 3855 2366 re:

2331 2363 2580 2420 pacanda
2627 2369 2684 2420 ct
2727 2367 2957 2420 Romam
3005 2363 3288 2419 mittenda
3318 2365 3658 2436 Angclbcrga
3686 2405 3702 2428 ,
3759 2363 3858 2418 ubi

2329 2453 2456 2491 eam
2485 2439 2570 2492 ita
2597 2452 2656 2491 se
2694 2435 3114 2508 custoditurttm
3157 2435 3481 2508 pollicetur,
3537 2439 3604 2490 ut
3659 2437 3858 2490 contra

2329 2509 2480 2580 ipsos
2509 2509 2704 2564 moliri
2732 2507 2880 2563 nihil
2909 2506 3103 2578 possit.

2329 2615 2616 2670 Lunovwo
2655 2621 2708 2669 et
2765 2613 3150 2668 CARLOMANNO
3205 2609 3468 2682 regibus;
3526 2617 3580 2665 et
3633 2609 3857 2666 Hucom

2221 2715 2234 2736 θ
2264 2703 2468 2758 abbati.

2327 2793 2506 2847 Nosse
2543 2789 2792 2846 volumus
2826 2795 3064 2844 vestram
3129 2785 3474 2842 dilectionem
3539 2785 3631 2856 qui
3693 2785 3853 2856 spiri-

2257 2881 2422 2936 talem
2453 2878 2621 2934 ﬁlium
2649 2885 2895 2933 uostrum
2943 2876 3194 2932 Carolum
3245 2873 3650 2930 serenissimum
3679 2872 3852 2945 impe-

2259 2977 2496 3026 ratorem
2544 2969 2731 3025 Romae
2779 2969 3063 3024 nobiscum
3113 2969 3404 3038 degentem
3449 2966 3766 3040 rogavimus
3794 2975 3854 3022 ut

553 3048 702 3118 mus)
731 3062 952 3102 rursum
982 3045 1264 3101 audientes
1291 3045 1632 3114 deliberetis,
1672 3052 1726 3101 et
1753 3045 1823 3100 ad
1853 3045 2154 3118 legitimum

2258 3058 2560 3130 spiritalem
2574 3056 2739 3112 ﬁliam
2756 3065 2997 3113 nostram
3020 3057 3428 3130 Angelhergam
3445 3057 3559 3112 Deo
3577 3056 3849 3126 devotam,

551 3133 716 3191 ﬁnem
743 3135 1048 3206 perducere
1076 3134 1254 3190 modis
1282 3133 1535 3190 omnibus
1571 3133 1832 3208 satagatis
1863 3149 1876 3190 2
1911 3149 2020 3206 quo
2051 3134 2152 3190 rite
2187 3111 2374 3220 Οίῖἶιω
2423 3164 2482 3203 se
2530 3155 2720 3202 sancto
2767 3148 2930 3202 Petro
2967 3111 3211 3218 εροεῶιο
3259 3111 3335 3201 εἴ
3353 3145 3512 3201 nobis
3571 3161 3695 3202 cum
3741 3111 3853 3200 sui;

549 3232 606 3280 et
633 3224 936 3280 secundum
967 3223 1167 3279 seriem
1197 3223 1591 3294 scripturarum
1641 3238 1863 3277 suarum
1904 3231 2147 3294 peracto,

547 3312 815 3384 quidquid
862 3312 994 3367 illud
1043 3310 1206 3366 fuerit
1230 3355 1243 3378 ,
1309 3319 1498 3367 nostro
1566 3311 1896 3383 apostolatui
1939 3311 2154 3383 scriptis

543 3400 742 3458 vestris
773 3401 1024 3457 volumus
1059 3399 1298 3456 intimari
1317 3441 1332 3470 ,
1382 3408 1442 3454 ut
1489 3415 1591 3455 nos
1641 3407 1695 3454 et
1742 3399 1974 3455 libenter
2003 3399 2152 3456 acci-

544 3489 780 3562 piamus,
831 3497 886 3544 et
933 3496 1123 3545 nostra
1169 3488 1492 3544 auctoritate
1535 3488 1787 3543 stabilire
1829 3504 1939 3545 non
1988 3489 2153 3545 omit-

545 3585 747 3634 tamus.
800 3577 941 3648 Quia
988 3586 1041 3634 et
1082 3577 1312 3648 primum
1361 3592 1542 3634 coram
1593 3576 1906 3648 apostolicis
1972 3578 2154 3633 missis

545 3667 778 3739 aliisque
825 3665 1300 3722 reverendissimis
1342 3665 1614 3737 episcopis
1662 3667 1719 3721 in
1771 3666 1980 3738 synodo
2008 3667 2154 3722 Tici-

542 3755 701 3810 nensi
721 3797 735 3822 ,
769 3762 975 3826 etpost
1021 3755 1078 3809 in
1123 3754 1438 3810 Tridentina
1480 3755 1716 3810 ecclesia
1741 3797 1754 3821 ,
1806 3755 2155 3810 nihilominus

545 3857 732 3900 coram
762 3842 966 3898 nostris
994 3842 1192 3918 legatis
1223 3850 1277 3898 et
1303 3841 1425 3897 aliis
1468 3842 1840 3914 imperialibus
1885 3843 2156 3912 iudicibus

549 3931 620 3988 de
651 3931 756 3989 hoc
777 3929 1082 4001 iudicatum
1111 3929 1208 3986 fuit
1237 3939 1288 3986 et
1317 3930 1566 4003 legaliter
1593 3931 1900 3988 diffinitum.
1933 3933 2072 3988 Data
2098 3948 2156 3988 IV

549 4021 740 4079 Nonas
771 4019 966 4088 Martii,
999 4019 1296 4078 indictione
1325 4035 1446 4076 xxv.

1213 4126 1489 4184 CCCXIV.

706 4240 780 4282 AD
817 4239 1190 4283 ADELCHISIUM
1227 4241 1538 4282 EPISCOPUH
1575 4240 1998 4282 TRIDENTANUM.

1171 4314 1357 4386 (Anno
1385 4315 1534 4385 881.)

543 4405 746 4489 Argitit
765 4402 1050 4476 cumquod
1065 4403 1210 4489 bona
1231 4403 1558 4489 Veronensis
1577 4405 1821 4488 episcopi
1839 4405 2121 4489 invaserit
2133 4425 2156 4472 ;

2255 3237 2510 3291 omnibus
2541 3236 3041 3301 commendaverat,
3075 3251 3234 3307 quam
3266 3235 3430 3290 etiam
3460 3235 3656 3304 conqu
3709 3233 3853 3290 illius

2255 3325 2398 3381 divae
2445 3325 2724 3380 memoriae
2767 3325 3072 3380 Ludovicus
3111 3327 3388 3397 Augustus
3447 3324 3624 3380 adhuc
3667 3323 3852 3379 vivens

2256 3422 2456 3470 nostrae
2481 3413 2694 3469 tuitioni
2735 3414 3042 3485 specialiter
3089 3413 3450 3479 submiserat,
3498 3413 3566 3467 ab
3613 3412 3853 3468 exsulatu

2256 3503 2559 3570 reduceret,
2593 3511 2646 3558 et
2675 3503 2817 3574 apud
2848 3519 2950 3558 nos
2998 3518 3120 3557 eam
3169 3503 3415 3569 Romam,
3447 3502 3540 3556 ubi
3569 3501 3716 3556 nulla
3739 3502 3850 3570 jam

2256 3593 2325 3647 de
2354 3591 2447 3646 illa
2475 3591 2696 3646 sinistra
2726 3591 2966 3663 suspicio
2995 3591 3131 3648 oriri
3159 3598 3372 3662 posset,
3406 3607 3507 3662 pro
3537 3606 3723 3646 amore
3751 3591 3850 3647 Dei

2256 3689 2310 3736 et
2337 3680 2553 3744 Christi,
2576 3680 2837 3752 clavigeri
2865 3681 3034 3752 ipsius
3063 3681 3208 3736 beati
3233 3681 3379 3736 Petri
3407 3681 3636 3752 apostoli
3665 3679 3851 3748 simul-

2257 3785 2362 3842 que
2391 3777 2579 3824 nostro
2609 3769 2884 3840 dirigeret.
2916 3768 3074 3840 Quod
3113 3770 3204 3826 ille
3233 3769 3469 3825 libenter
3495 3785 3558 3825 se
3588 3767 3846 3825 factumm

2256 3857 2614 3930 promittens,
2648 3865 2910 3930 quantum
2957 3859 3357 3930 comperimus,
3404 3867 3646 3914 vestrum
3690 3873 3851 3930 super

2257 3947 2362 4002 hoc
2391 3946 2738 4018 praestolatur
2766 3961 3074 4002 assensum.
3127 3949 3194 4002 Et
3224 3947 3441 4020 quidem
3471 3960 3574 4003 n‘os
3605 3947 3674 4003 de
3700 3963 3844 4003 com-

2255 4034 2407 4090 muni
2435 4035 2726 4092 dilectione
2747 4043 2800 4091 et
2827 4051 2964 4107 pace
2994 4037 3108 4092 sive
3123 4036 3417 4092 concordia
3444 4044 3631 4092 vestra
3650 4036 3851 4109 gaude-

2256 4139 2396 4191 mus,
2429 4131 2483 4179 et
2510 4124 2627 4180 Deo
2655 4140 2754 4196 pro
2820 4124 2926 4182 hoc
2951 4125 3268 4181 innumeras
3316 4132 3505 4198 grates
3547 4124 3850 4180 referimus.

2259 4213 2366 4268 Sed
2396 4220 2605 4268 tantum
2645 4214 2716 4270 de
2761 4214 2935 4285 ipsius
2974 4214 3236 4286 spiritalis
3277 4212 3404 4270 filiae
3447 4222 3650 4270 nostra
3687 4229 3847 4270 recu-

2257 4302 2538 4373 peratione
2582 4309 2634 4358 et
2681 4303 2858 4358 reditu
2901 4319 3001 4359 vos
3047 4303 3422 4375 deprecamur,
3459 4311 3722 4375 quantum
3739 4346 3756 4369 ,
3803 4302 3849 4358 si

2256 4391 2374 4463 ipsa
2399 4391 2471 4446 ad
2500 4406 2602 4447 nos
2630 4391 2850 4448 reducta
2877 4391 3056 4458 fuerit,
3105 4401 3164 4448 ut
3203 4393 3339 4448 nihil
3383 4392 3598 4464 penitus
3622 4393 3736 4461 jam
3763 4391 3850 4447 vel

615 4473 740 4552 ejus
759 4473 1003 4552 causam
1031 4474 1363 4552 quihusdam
1393 4473 1664 4552 episcopis
1705 4473 1774 4530 δέ
1794 4477 2152 4552 commisisse
2181 4473 2235 4534 D
2257 4487 2446 4536 contra
2493 4481 2745 4537 eumdem
2785 4481 3194 4552 imperatorem,
3228 4481 3315 4538 vel
3343 4489 3533 4538 contra
3561 4496 3660 4538 vos
3685 4495 3848 4552 agere

617 4545 910 4619 signiﬁcat
928 4563 948 4600 :
969 4545 1166 4601 manet
1181 4547 1250 4600 ut
1261 4559 1455 4600 eorum
1485 4545 1805 4617 acq’uiescat
1827 4549 2150 4604 sontentiai.

617 4655 964 4709 Anascnrsro
997 4650 1258 4722 episcopo
1285 4649 1637 4706 Tridentano.

613 4741 958 4814 Suggerente
986 4738 1323 4810 coepiscopo
1342 4745 1530 4794 nostro
1550 4739 1828 4796 Adelardo
1848 4739 2152 4798 Veronensi

541 4829 832 4900 episcopo,
887 4827 1176 4884 didicimus
1219 4828 1562 4882 sanctitatem
1608 4835 1754 4883 tuam
1779 4827 1938 4884 aliter
1969 4830 2154 4903 egisse

541 4933 706 4989 quam
737 4933 796 4974 se
826 4916 1088 4974 canonica
1110 4959 1126 4982 ,
1171 4915 1281 4971 imo
1327 4915 1630 4972 Christiana
1658 4917 2004 4974 observantia
2057 4921 2154 4976 ha-

539 5007 674 5061 bere
702 5005 933 5061 videtur.
982 5003 1124 5074 Quia
1167 5003 1409 5074 scilicet,
1459 5013 1774 5078 contempto
1821 5008 2146 5078 praeceden-

536 5093 671 5150 tium
701 5095 919 5150 Patrum
941 5093 1166 5163 judicio,
1191 5093 1278 5149 cui
1303 5093 1423 5166 ipse
1443 5093 1759 5152 interfuisse
1778 5096 2142 5168 dignosceris,

538 5199 627 5240 res
682 5182 952 5254 quasdam
999 5181 1070 5237 ad
1117 5189 1364 5239 sanctam
1409 5183 1785 5241 Veronensem
1839 5187 2143 5243 Ecclesiam

537 5271 872 5346 pertinentes
912 5269 1178 5326 invasisse
1222 5271 1423 5329 diceris
1445 5315 1458 5339 ,
1493 5280 1547 5328 et
1592 5281 1782 5330 contra
1811 5290 2004 5330 manus
2035 5283 2141 5332 tute

539 5359 999 5432 subscriptionem
1027 5367 1080 5414 te
1111 5359 1292 5434 egisse
1335 5361 1740 5434 quodammodo
1789 5363 2087 5436 suspicaris
2130 5399 2145 5436 ε

535 5450 592 5508 in
639 5465 872 5524 quarum
912 5464 1098 5506 rerum
1141 5449 1459 5508 ditﬁnitione
1485 5494 1498 5518 ,
1547 5452 1594 5507 si
1641 5453 1790 5510 sedis
1829 5453 2140 5525 apostolicae

536 5547 705 5624 legati
731 5562 842 5605 non
869 5547 1214 5617 interessent,
1249 5563 1598 5620 speraremus
1627 5547 1808 5608 adhuc
1834 5566 1999 5629 posse
2040 5565 2144 5610 nos

2255 4568 2449 4640 possit,
2485 4569 2688 4625 nostris
2717 4585 2816 4626 vos
2845 4569 3280 4626 attestationibus
3304 4569 3635 4626 certissimos
3661 4568 3848 4626 reddi-

2255 4673 2396 4713 mus.
2458 4657 2668 4715 Idcirco
2713 4659 2900 4728 juncta
2945 4667 3128 4714 vestra
3169 4658 3388 4716 devotio
3435 4675 3557 4715 cum
3607 4658 3846 4730 ejusdem

2255 4747 2487 4820 Augusti
2517 4747 2827 4802 obedientia
2847 4791 2860 4815 ,
2911 4747 3116 4820 absque
3155 4747 3304 4804 omni
3343 4747 3716 4819 protelatione,
3742 4747 3848 4816 jam

2254 4834 2454 4891 dictam
2484 4837 2600 4892 Deo
2629 4835 2880 4892 devotam
2913 4835 3190 4904 feminam,
3224 4851 3386 4909 quam
3413 4837 3484 4892 ad
3510 4837 3697 4892 limina
3721 4851 3849 4908 apo-

2255 4923 2546 4991 stolorum,
2595 4939 2628 4979 a
2671 4940 2903 4997 quorum
2971 4923 3316 4981 confessione
3377 4923 3624 4980 altarium
3664 4931 3848 4980 nostro

2256 5027 2474 5084 semper
2503 5013 2761 5069 tuendam
2789 5013 3042 5084 praesidio
3089 5014 3429 5086 suscepimus
3447 5055 3461 5083 ,
3513 5029 3614 5085 pro
3654 5028 3836 5069 amore

2255 5099 2356 5155 Dei
2381 5109 2434 5156 et
2462 5109 2652 5158 nostro
2680 5102 2958 5159 remittere
2983 5144 2997 5173 ,
3031 5111 3294 5176 quantum
3339 5103 3395 5158 in
3441 5103 3598 5159 vobis
3625 5109 3708 5158 est
3734 5115 3839 5157 non

2253 5189 2533 5247 omittatis.
2565 5189 2707 5260 Quia
2736 5191 2783 5246 si
2811 5191 2898 5248 hic
2929 5193 3076 5264 apud
3115 5207 3216 5248 nos
3259 5191 3479 5248 rediens
3505 5190 3841 5258 habitaverit,

2251 5285 2400 5334 tanta
2429 5280 2673 5337 custodia
2703 5280 3118 5352 circumspecta,
3151 5281 3308 5337 nobis
3337 5281 3541 5337 credite
3560 5323 3574 5350 ,
3608 5279 3712 5336 erit
3733 5323 3746 5344 ,
3777 5287 3836 5334 ut

2253 5383 2356 5424 nec
2386 5369 2603 5439 Bosoni,
2637 5386 2738 5426 nec
2769 5370 2878 5426 alio
2903 5370 3128 5436 homini,
3160 5370 3229 5426 ad
3257 5369 3726 5442 perturbationem
3753 5367 3844 5424 im-

2251 5457 2387 5528 perii
2417 5457 2532 5515 sive
2561 5459 2736 5532 regni,
2789 5459 3068 5532 quodlibet
3111 5459 3430 5530 adiutorium
3459 5459 3547 5516 vel
3578 5457 3842 5514 auxilium

2250 5555 2432 5612 verbis
2460 5564 2551 5612 aut
2583 5557 2798 5630 scriptis
2826 5557 3075 5628 praebere
3101 5556 3486 5630 quoquomodo
3515 5555 3708 5642 valeat.
3737 5555 3848 5611 Ve-
