4086 6296
317 300 422 355 925

1453 292 1806 352 EPISTOLAE
1851 294 1942 350 ET
1995 293 2342 350 DECRETA.

3511 302 3616 358 926

319 429 620 478 cumtamen
651 437 816 476 unum
865 429 945 477 est
979 422 1125 494 quod
1153 421 1310 478 vobis
1367 421 1634 477 veraciter
1671 429 1724 476 et
1774 420 1918 475 unde
1946 422 2089 482 Ane
2116 420 2338 493 aliquod
2368 420 2636 491 solatium,
2667 421 2755 477 vel
2791 421 3077 478 consilium
3121 423 3271 489 dare,
3323 422 3615 496 facereque

316 511 662 567 occasionem
701 527 800 565 vos
837 511 905 564 ad
942 526 1042 566 nos
1079 511 1536 566 contemnendum
1567 525 1672 564 non
1695 509 1917 580 possitis

319 615 620 666 assumere,
650 600 754 654 hoc
782 615 910 654 ecce
939 600 1316 670 proponimus,
1343 600 1569 664 scilicet,
1596 599 1640 652 si
1670 599 1918 653 eamdem

316 689 732 760 Angelbergam
751 688 838 742 vel
867 688 920 742 in
953 689 1167 743 modico
1217 697 1402 744 contra
1447 688 1781 758 imperialem
1827 695 1918 740 aut

315 786 556 832 nostram
617 777 941 832 voluntatem
1013 777 1231 833 adversi
1282 777 1556 849 quippiam
1607 775 1781 830 moliri
1829 782 1920 828 aut

317 866 461 921 velle
490 865 788 920 manifestis
807 867 1226 936 cognoverimus
1245 865 1479 931 indiciis,
1505 863 1918 937 prasentialiter

317 955 468 1009 illam
490 955 718 1009 reddere
765 971 829 1010 ac
875 955 1149 1010 remittere
1178 955 1547 1026 imperialibus
1605 963 1918 1024 satagemus

319 1045 613 1110 obtutibus,
647 1051 911 1115 quatenus
941 1061 1062 1116 qua
1099 1045 1444 1114 disciplinam
1475 1044 1612 1098 forte
1653 1044 1914 1112 recipere,

320 1134 464 1204 quod
483 1149 582 1187 nec
603 1140 868 1203 optamus,
884 1133 1171 1201 distulerit,
1196 1150 1305 1188 non
1327 1134 1500 1187 solum
1524 1133 1797 1186 mundana
1819 1148 1917 1185 ve-

323 1231 429 1276 stra
441 1221 645 1291 judicia
657 1237 762 1276 non
782 1223 990 1287 evadat,
1007 1238 1191 1276 verum
1210 1222 1368 1276 etiam
1390 1238 1490 1276 nec
1507 1229 1744 1276 nostram
1756 1220 1921 1275 mise-

320 1311 606 1376 rationem,
648 1327 768 1382 qua
807 1310 1248 1382 delinquentibus
1270 1326 1492 1381 parcere
1523 1309 1824 1372 consuevit,
1845 1309 1919 1362 in-

321 1398 527 1455 veniat.
569 1399 826 1470 Ideoque,
851 1400 1157 1454 charissimi
1180 1397 1294 1465 filii,
1327 1407 1502 1454 estote
1531 1398 1588 1452 in
1617 1400 1720 1452 hoc
1749 1397 1920 1451 nostri

325 1495 711 1558 cooperatores
742 1496 792 1542 et
823 1488 1121 1556 adjutores,
1143 1496 1194 1541 et
1213 1488 1395 1542 audiat
1415 1503 1519 1541 nos
1553 1487 1809 1542 continuo
1827 1502 1921 1540 ex-

323 1577 576 1633 cellentia
603 1576 994 1647 magnitudinis
1035 1585 1247 1643 vestra,
1279 1585 1336 1630 ut
1375 1585 1427 1631 et
1452 1593 1550 1630 vos
1609 1591 1643 1630 a
1689 1575 1918 1630 Domino

324 1665 567 1720 exaudiri
620 1665 954 1733 mereamini,
1006 1673 1058 1719 et
1106 1681 1202 1736 per
1232 1664 1406 1720 felicia
1464 1673 1708 1735 tempora
1763 1663 1920 1734 regni

2017 509 2190 580 possit
2234 510 2454 575 Bosoni,
2512 510 2586 564 ita
2633 518 2684 564 et
2729 526 2830 564 nos
2861 526 2982 565 eam
3003 511 3058 564 in
3096 512 3188 566 tali
3217 513 3338 568 loco
3368 512 3614 567 habitare

2019 597 2298 664 faciemus,
2340 615 2446 670 quo
2475 599 2606 652 nihil
2647 599 2864 653 adversi
2895 599 3091 664 moliri,
3141 601 3380 671 nihilque
3436 600 3616 656 valeat

2019 687 2317 741 machinari
2377 687 2710 742 contrarium
2766 687 2836 740 ad
2868 688 3027 756 hujus
3074 689 3250 760 regni,
3307 697 3359 742 et
3400 688 3615 759 imperii

2017 775 2499 845 perturbationem.
2543 777 2608 829 Et
2637 775 2682 828 si
2713 783 2902 830 contra
2924 776 3038 844 ejus
3069 792 3133 830 ac
3154 785 3394 831 nostram
3417 777 3613 831 volun-

2021 870 2180 917 tatem
2211 863 2552 934 aliquatenus
2583 879 2706 917 eam
2736 879 2925 935 agere,
2957 871 3051 918 aut
3099 864 3235 918 velle
3291 865 3615 935 cognoveri-

2019 968 2159 1020 mus,
2184 951 2332 1006 illico
2361 953 2430 1006 ad
2479 951 2818 1021 imperialem
2867 952 3205 1007 remittemus
3245 954 3611 1023 prasentiam,

2020 1057 2120 1095 nec
2149 1047 2330 1094 nostro
2362 1039 2462 1094 erit
2490 1039 2722 1110 amplius
2753 1040 2936 1109 adjuta
2967 1041 3214 1096 consilio.
3267 1040 3422 1108 Quod
3452 1041 3615 1094 nimi-

2019 1146 2157 1195 rum,
2187 1138 2244 1182 ut
2272 1129 2430 1183 nobis
2466 1129 2581 1183 sine
2610 1129 2756 1183 omni
2787 1129 3118 1183 dubitatione
3148 1130 3419 1194 credatur,
3450 1146 3616 1184 unum

2021 1232 2092 1270 ex
2121 1217 2206 1271 his
2235 1217 2425 1287 legatis
2446 1218 2647 1272 nostris
2676 1217 3083 1272 venerabilibus
3131 1218 3422 1289 episcopis,
3479 1233 3616 1290 quos

2020 1321 2120 1376 pro
2151 1322 2213 1360 ea
2242 1307 2555 1377 imperatori
2601 1306 2897 1360 direximus
2953 1305 3360 1372 satisfaciendo,
3426 1321 3617 1378 repro-

2020 1395 2231 1450 mittere
2245 1396 2508 1464 jussimus
2535 1395 2605 1449 ita
2635 1409 2736 1449 nos
2782 1409 2907 1450 esse
2955 1395 3331 1451 incunctanter
3357 1395 3612 1451 facturos.

2021 1485 2210 1555 Neque
2236 1485 2401 1548 enim,
2441 1484 2579 1540 sicut
2608 1500 2732 1540 cum
2780 1483 3139 1554 coepiscopis,
3197 1493 3250 1539 et
3293 1485 3616 1555 primatibus

2022 1573 2140 1642 ejus
2170 1573 2496 1644 promissum
2545 1580 2646 1637 est,
2679 1573 2888 1627 nullum
2932 1573 3234 1643 temporale
3289 1573 3616 1642 adjutorium

2023 1671 2075 1716 et
2105 1662 2394 1717 consilium
2416 1663 2531 1730 jam
2561 1661 2672 1716 fato
2721 1678 2779 1716 se
2836 1661 2953 1716 fore
2999 1661 3352 1731 prabiturum
3382 1661 3612 1729 Bosoni;

321 1755 682 1825 gubernacula
710 1755 1072 1821 moderantes,
1109 1769 1234 1810 cum
1256 1755 1466 1810 Christo
1495 1770 1745 1826 regnum,
1773 1754 1917 1824 quod
1947 1780 1997 1840 Β
2025 1758 2078 1804 et
2111 1752 2274 1822 quod,
2309 1751 2446 1806 sicut
2475 1750 2846 1821 pradiximus,
2881 1749 3296 1820 diligentissime
3325 1751 3612 1816 custodita,

319 1841 443 1896 ﬁnis
473 1842 650 1896 nullus
681 1849 954 1914 angustat,
1003 1843 1465 1898 intercedentibus
1494 1842 1664 1896 beatis
1695 1848 1915 1911 aposto-

325 1931 411 1998 lis,
446 1946 734 2001 capescere
763 1931 1011 1986 valeatis.
1047 1933 1180 1985 Data
1227 1946 1283 1986 1v
1331 1932 1456 1986 Idus
1487 1931 1724 1998 Martias,
1773 1929 1918 1984 indi-

324 2020 503 2076 ctione
532 2035 648 2074 xxv.

983 2155 1260 2210 CCCXVI.

327 2256 399 2297 AD
445 2257 630 2298 OMNES
685 2257 1170 2308 ARCHIEPISCOPOS,
1233 2256 1532 2298 EPISCOPOS
1567 2257 1637 2295 ET
1685 2255 1920 2295 COMITES

1014 2347 1232 2387 ITALLE.

960 2421 1138 2492 (Anno
1171 2420 1315 2491 881).

326 2532 593 2586 Hortatur
611 2531 745 2584 dent
767 2545 990 2600 operam
1024 2533 1089 2583 ut
1111 2529 1340 2583 Carolus
1378 2529 1687 2598 imperator
1717 2525 1917 2596 Angel-

398 2602 620 2672 bergam
640 2603 868 2656 Romam
890 2603 1078 2655 venire
1091 2601 1546 2672 patiatur,quum
1557 2615 1615 2654 se
1629 2602 1709 2672 itu
1729 2601 1921 2672 custo-

399 2669 656 2726 diturum
673 2672 1053 2743 pro-mittit,ut
1071 2669 1218 2725 hihil
1235 2669 1432 2726 contra
1454 2671 1637 2743 ipsum
1658 2669 1922 2743 Carolum

399 2759 528 2798 cum
551 2741 756 2797 Bosone
787 2743 979 2797 moliri
1009 2743 1184 2814 possit
1208 2761 1225 2806 ;
1245 2744 1301 2814 et
1334 2744 1384 2795 si
1412 2742 1543 2813 quid
1593 2741 1919 2807 tentaverit,

400 2830 457 2869 se
474 2815 725 2869 eamdem
756 2813 1130 2868 remissurum
1159 2813 1486 2885 pollicetur.

399 2919 662 2974 Omnibus
722 2918 1192 2975 reverendissimis
1247 2927 1298 2973 et
1343 2917 1700 2973 sanctissimis
1745 2917 1925 2973 archi-

327 3009 598 3080 episcOpis
630 3016 681 3064 et
711 3009 982 3079 episcopis
1014 3009 1171 3076 hujus
1202 3007 1372 3063 Italici
1395 3007 1567 3078 regni,
1602 3015 1653 3061 et
1674 3007 1924 3061 omnibus

325 3098 579 3171 gloriosis
611 3097 894 3153 comitibus
926 3096 1020 3151 ﬁlii
1049 3096 1219 3151 nostri
1246 3096 1611 3166 imperatoris.

402 3187 457 3242 Si
489 3203 552 3242 ea
574 3204 694 3259 qua
722 3186 878 3240 saluti
901 3195 950 3241 et
979 3186 1194 3240 utilitati
1216 3186 1586 3256 proximorum
1615 3182 1924 3239 necessaria

327 3285 468 3341 sunt,
501 3277 797 3331 secundum
827 3275 1245 3330 sollicitudinem
1292 3283 1344 3329 et
1383 3290 1566 3329 curam
1597 3273 1787 3346 gregis
1814 3274 1924 3327 D0-

326 3365 511 3420 minici
540 3365 696 3419 nobis
728 3366 796 3419 ab
855 3365 994 3419 bene
1036 3364 1339 3435 regendum
1383 3362 1676 3427 commissi,
1731 3361 1926 3416 divina

327 3454 540 3526 pietatis
595 3469 865 3509 memores
921 3470 1088 3526 agere
1147 3452 1446 3516 studemus,
1500 3452 1926 3521 omnipotentem

329 3545 502 3618 Deum
536 3543 588 3596 in
624 3544 709 3597 his
739 3543 932 3614 quibus
968 3551 1018 3596 et
1065 3541 1168 3612 ipsi
1224 3558 1289 3596 ex
1319 3542 1551 3595 humana
1615 3539 1926 3594 infirmitate

327 3631 566 3704 quotidie
595 3632 924 3704 indigemus,
967 3631 1287 3685 habebimus
1336 3629 1556 3685 omnino
1614 3628 1922 3699 propitium,

329 3730 382 3777 et
407 3722 463 3774 in
481 3721 636 3776 bonis
666 3721 920 3775 omnibus
949 3719 1136 3790 procul
1176 3719 1342 3773 dubio
1373 3718 1717 3787 adjutorium.
1759 3717 1930 3789 Igitur

329 3810 663 3866 sanctitatem
693 3819 926 3865 vestram
957 3824 1119 3863 nosse
1150 3809 1400 3863 volumus
1443 3807 1700 3879 quoniam
1747 3806 1930 3860 missis

328 3908 383 3956 et
411 3900 738 3970 apostolatus
768 3899 937 3953 nostri
967 3897 1179 3963 litteris,
1222 3897 1403 3952 dilecti
1435 3913 1500 3951 ac
1530 3896 1785 3966 spiritalis
1827 3895 1920 3950 ﬁlii

329 3989 500 4044 nostri
557 3988 730 4043 Caroli
789 3986 1164 4058 gloriosissimi
1200 3986 1542 4056 imperatoris
1590 3984 1931 4040 clementiam

329 4078 528 4133 obnixe
587 4093 846 4149 rogamus
874 4083 931 4130 ut
972 4075 1381 4149 Angelbergam
1439 4074 1608 4128 filiam
1666 4081 1927 4138 nostram,

331 4182 494 4239 quam
521 4166 659 4221 diva
688 4164 968 4220 memoriae
999 4164 1302 4219 Ludovicus
1351 4179 1444 4217 rex
1487 4170 1639 4232 pater
1693 4163 1930 4232 impera-

333 4255 485 4320 toris,
521 4263 572 4310 et
593 4255 898 4310 Ludovicus
949 4254 1242 4324 imperator
1271 4252 1350 4306 vir
1371 4252 1484 4320 ejus
1506 4251 1664 4306 nobis
1695 4251 1925 4305 Verona

329 4345 862 4410 commendaverunt,
937 4359 1000 4397 ac
1077 4341 1422 4412 postmodum
1477 4340 1594 4410 ipsa
1673 4356 1733 4395 se
1811 4355 1928 4392 san-

331 4441 418 4489 cto
444 4434 597 4488 Petro
619 4432 855 4500 tradidit,
873 4440 922 4487 et
940 4433 1006 4487 de
1020 4431 1190 4501 ipsius
1207 4430 1395 4484 altaris
1408 4429 1752 4485 confessione
1770 4435 1933 4482 tuen-

2019 1855 2127 1892 non
2159 1839 2351 1910 poterit
2377 1840 2445 1893 de
2474 1839 2558 1892 his
2588 1839 2840 1893 omnibus
2861 1839 3158 1910 quidquam
3187 1855 3372 1910 agere.
3405 1839 3615 1894 Idcirco

2018 1944 2118 1998 per
2168 1928 2457 1982 Dominum
2505 1943 2603 1982 vos
2633 1928 2967 1997 adjuramus,
3000 1935 3058 1981 ut
3106 1935 3216 1982 toto
3245 1927 3531 1982 conamine
3560 1927 3618 1981 in

2021 2018 2124 2071 hoc
2154 2032 2316 2087 opere
2340 2017 2625 2072 nobiscum
2654 2031 2755 2088 pro
2776 2032 2960 2071 amore
2991 2015 3091 2070 Dei
3112 2016 3401 2083 desudare,
3455 2016 3616 2088 eique

2019 2121 2242 2160 manum
2291 2106 2577 2178 porrigere
2636 2105 2958 2176 procuretis,
3013 2113 3071 2159 ut
3122 2112 3172 2159 et
3202 2121 3302 2160 nos
3330 2105 3386 2158 in
3424 2105 3618 2159 vestris

2019 2193 2278 2265 proficuis
2299 2194 2618 2248 utilitatibus
2663 2201 2716 2248 et
2745 2194 3162 2249 necessitatibus
3209 2209 3332 2248 esse
3384 2193 3620 2264 prompti

2018 2284 2294 2355 possimus
2323 2301 2336 2349 ;
2369 2291 2421 2337 et
2450 2283 2535 2338 cui
2574 2298 2794 2338 manum
2842 2282 3126 2353 porrigere
3177 2283 3461 2337 vobiscum
3494 2298 3616 2337 om-

2021 2372 2256 2427 nimodis
2284 2373 2650 2442 porrigamus,
2695 2372 3002 2443 dignasque
3036 2379 3220 2426 vestro
3251 2371 3367 2425 Deo
3410 2370 3620 2426 dilecta

2022 2461 2289 2516 sanctitati
2317 2477 2416 2531 pro
2445 2469 2625 2515 vestro
2655 2460 2862 2526 labore,
2897 2468 3058 2532 atque
3087 2460 3376 2516 devotione
3413 2460 3618 2532 gratias

2022 2551 2222 2605 habere
2251 2551 2550 2605 valeamus.

2661 2665 2962 2720 CCCXVII.

2377 2768 2448 2808 AD
2493 2769 2712 2810 CLERUM
2767 2768 3261 2809 MEDIOLANENSEM.

2632 2844 2812 2914 (Anno
2859 2843 3008 2909 881.)

2025 2943 2240 3014 Recipit
2269 2941 2605 2997 Hadericum
2643 2936 2742 2996 sub
2776 2941 3132 3014 tutelasedis
3172 2942 3512 3014 apostolica,
3559 2946 3617 3014 et

2094 3013 2553 3069 exco‘mmunicat
2579 3029 2774 3085 omnes
2813 3015 2909 3085 qui
2937 3013 3029 3068 illi
3058 3014 3143 3067 vel
3189 3014 3311 3083 ejus
3360 3013 3615 3068 ecclesiis

2094 3086 2415 3139 molestiam
2436 3084 2767 3138 introierint.

2094 3172 2360 3227 Omnibus
2388 3170 2862 3226 reverendissimis
2884 3170 3156 3241 episcopis
3180 3179 3232 3226 et
3253 3171 3622 3227 sacerdotibus

2023 3277 2118 3317 seu
2149 3261 2315 3327 clero,
2366 3275 2432 3316 ac
2481 3259 2682 3331 populo
2719 3267 2921 3314 sancta
2957 3258 3379 3315 Mediolanensis
3425 3260 3623 3317 Eccle-

2025 3351 2137 3406 sia.

2096 3439 2229 3494 Boni
2257 3436 2676 3509 patrisfamilias,
2726 3452 2888 3511 quem
2917 3435 3057 3492 bene
3101 3445 3154 3492 et
3183 3435 3414 3492 fideliter
3465 3437 3625 3493 labo-

2025 3536 2206 3582 rantes
2224 3541 2605 3581 remunerasse
2623 3525 3028 3602 cognoscimus,
3054 3525 3328 3580 informati
3349 3527 3619 3596 exemplo,

2028 3625 2078 3672 et
2101 3615 2414 3687 apostolica
2443 3614 2777 3670 auctoritatis
2798 3622 2850 3670 et
2879 3615 3250 3670 miserationis
3281 3615 3620 3687 magisterio,

2029 3732 2124 3770 seu
2164 3711 2565 3780 benovolentia,
2601 3713 2874 3782 omnibus,
2909 3729 3048 3787 quos
3076 3729 3177 3784 pro
3218 3713 3481 3769 Ecclesia
3525 3712 3627 3768 Dei

2029 3805 2344 3860 utilitatibus
2399 3802 2633 3858 fideliter
2688 3802 2958 3857 desudare
2997 3802 3380 3874 conspicimus,
3431 3801 3630 3858 subve-

2029 3895 2148 3948 nire
2179 3894 2460 3961 debentes,
2482 3899 2846 3965 opportunum
2867 3907 2932 3948 ac
2950 3891 3320 3946 necessarium
3342 3906 3442 3946 nos
3458 3907 3628 3962 opor-

2030 3991 2102 4038 tet
2158 3983 2403 4053 prabere
2451 3979 2733 4035 auxilium.
2792 3981 2961 4051 Igitur
3016 3981 3143 4052 quia
3198 3988 3250 4036 te
3304 3980 3628 4036 Hodericum

2033 4071 2406 4126 venerabilem
2473 4069 2853 4142 presbyterum
2911 4076 2964 4123 et
3046 4069 3296 4123 abbatem
3347 4084 3630 4124 sacrorum

2029 4159 2484 4215 monasteriorum
2512 4159 2815 4227 beatorum,
2850 4157 3053 4213 scilicet
3124 4156 3371 4212 Gervasii
3413 4165 3466 4211 et
3486 4158 3626 4211 Pro-

2032 4249 2172 4315 tasii,
2205 4258 2366 4319 atque
2389 4245 2743 4318 Simpliciani,
2776 4261 2878 4302 nec
2907 4261 3018 4301 non
3051 4263 3116 4300 ex
3137 4245 3462 4301 xenodochii
3492 4245 3625 4317 (ali-

2037 4333 2170 4412 quid
2192 4337 2366 4406 deest)
2396 4343 2709 4392 sanctorum
2738 4333 2950 4391 Cosma
2969 4335 3305 4402 etDamiani,
3339 4334 3484 4406 quod
3513 4334 3626 4390 Ro-

2036 4442 2328 4481 manorum
2357 4425 2579 4489 dicitur,
2612 4431 2664 4480 et
2696 4425 2806 4480 alia
2833 4432 2925 4479 tua
2953 4423 3220 4480 beneficia
3247 4423 3332 4479 vel
3361 4422 3628 4495 patrimo-

331 4523 459 4577 dam
498 4522 824 4592 recepimus,
858 4521 925 4576 de
969 4521 1090 4576 loco
1119 4519 1174 4573 in
1205 4536 1313 4590 quo
1342 4533 1486 4574 nunc
1517 4535 1639 4572 esse
1695 4525 1927 4584 constat,
1953 4503 2003 4562 D
2035 4516 2127 4570 nia
2157 4515 2297 4570 intra
2324 4513 2412 4570 vel
2442 4522 2594 4569 extra
2623 4513 2895 4570 civitatem
2928 4513 3391 4568 Mediolanensem
3420 4511 3627 4567 consti-

331 4627 434 4683 pro
465 4627 651 4666 amore
682 4611 812 4665 Jesu
854 4609 1046 4665 Christi
1081 4608 1296 4664 Domini
1325 4607 1516 4674 nostri,
1557 4616 1610 4662 et
1653 4622 1754 4678 pro
1799 4623 1930 4661 san-

332 4709 541 4757 ctorum
601 4701 968 4772 apostolorum
1020 4698 1161 4754 Petri
1210 4714 1272 4755 ac
1303 4697 1448 4753 Pauli
1479 4696 1798 4761 reverentia,
1836 4712 1932 4752 no-

331 4797 553 4862 straque
600 4798 827 4862 paterna
866 4789 1154 4844 dilectione
1180 4787 1599 4858 prasentialiter
1630 4786 1833 4853 reduci,
1881 4793 1933 4840 et

331 4880 400 4935 ad
432 4895 532 4934 nos
562 4895 684 4934 eam
715 4878 1174 4952 dirigerejubeat.
1199 4877 1353 4933 Unde
1373 4893 1472 4932 vos
1491 4875 1691 4931 fratres
1713 4884 1764 4930 et
1784 4891 1932 4930 com-

329 4969 608 5024 ministros
637 4975 857 5022 nostros
884 4967 974 5038 pio
1005 4966 1200 5021 mentis
1231 4965 1581 5021 convenimus
1613 4973 1774 5036 atque
1805 4966 1932 5019 hor-

331 5067 509 5112 tamur
537 5056 752 5122 affectu,
788 5064 1056 5128 quatenus
1085 5055 1140 5109 in
1171 5055 1329 5124 hujus
1377 5053 1591 5109 femina
1622 5053 1932 5109 reversione

331 5147 416 5204 vel
450 5147 619 5202 salute
651 5145 934 5201 nobiscum
977 5145 1260 5215 cooperari
1315 5143 1624 5214 pariterque
1657 5142 1930 5197 desudare

335 5237 615 5302 studeatis,
649 5244 708 5289 ut
745 5242 929 5290 vestro
972 5233 1198 5289 consilio
1223 5242 1516 5303 vestroque
1546 5231 1767 5286 instanti
1799 5232 1932 5286 hor-

331 5333 464 5391 tatu,
499 5325 614 5395 ipse
658 5326 935 5396 Augustus
965 5331 1166 5377 nostra
1195 5320 1471 5392 petitionis
1500 5318 1751 5375 affectum
1783 5336 1934 5375 more

330 5421 620 5485 parentum
661 5428 886 5468 suorum
943 5410 1131 5467 libenti
1185 5409 1432 5481 perficiat
1468 5409 1760 5465 voluntate.
1794 5411 1934 5464 Nam

334 5503 472 5557 sicut
503 5502 636 5558 illud
668 5518 919 5574 regnum,
953 5501 1010 5554 in
1051 5515 1156 5572 quo
1205 5516 1346 5554 nunc
1389 5499 1482 5553 illa
1527 5499 1627 5552 sub
1687 5497 1936 5554 custodia

338 5600 543 5662 manet,
581 5592 698 5662 ejus
731 5599 832 5658 est,
865 5591 940 5646 ita
968 5597 1021 5653 et
1047 5589 1190 5645 istud
1218 5608 1232 5657 ;
1283 5596 1335 5644 et
1364 5587 1498 5644 sicut
1519 5587 1592 5642 ibi
1613 5587 1930 5654 custoditur,

2033 4612 2146 4660 tuta
2172 4603 2321 4659 fideli
2368 4603 2679 4672 devotione,
2713 4611 2936 4674 totoque
2963 4602 3158 4657 mentis
3197 4601 3479 4658 comanine
3527 4616 3629 4672 pro

2033 4695 2262 4766 pristino
2308 4701 2448 4749 statu
2479 4700 2532 4748 et
2587 4692 2776 4764 vigore
2820 4700 2982 4764 atque
3034 4690 3372 4747 restitutione
3427 4697 3630 4746 sancta

2032 4782 2454 4839 Mediolanensis
2484 4781 2744 4838 Ecclesia
2773 4789 2854 4836 ter
2899 4788 3194 4852 quaterque
3251 4779 3307 4833 in
3363 4779 3629 4851 obsequie

2035 4873 2290 4944 Ansperti
2350 4870 2791 4927 reverendissimi
2860 4868 3258 4940 archiepiscopi
3324 4869 3398 4923 tui
3469 4876 3629 4941 atque

2035 4961 2323 5018 confratris
2352 4959 2526 5015 nostri
2556 4960 2808 5014 devotum
2822 4957 3054 5031 atquein
3083 4957 3334 5012 omnibus
3363 4955 3627 5014 ﬁdelissi-

2033 5068 2182 5106 mum
2195 5065 2526 5122 permanere
2547 5057 2710 5122 atque
2722 5048 3004 5103 decertare
3016 5046 3238 5102 omnino
3267 5054 3319 5102 et
3349 5046 3630 5102 evidenter

2035 5140 2421 5212 comperimus,
2475 5145 2525 5193 et
2564 5137 2892 5211 legationem
2941 5136 3315 5191 Ambrosiana
3366 5135 3631 5194 Ecclesia

2036 5229 2302 5288 catholica
2331 5226 2438 5281 ﬁde
2481 5234 2554 5292 te,
2589 5233 2642 5281 et
2670 5233 2833 5299 prout
2861 5224 3008 5281 vires
3071 5225 3482 5296 suppleverunt,
3539 5240 3632 5280 ar-

2035 5317 2352 5373 dentissimo
2393 5315 2592 5371 ardore
2641 5314 2881 5387 eXplere,
2916 5314 3081 5370 crebo
3131 5314 3512 5387 cognovimus.
3563 5313 3632 5368 Et

2035 5407 2106 5462 ob
2136 5408 2239 5461 hoc
2285 5405 2498 5477 aliquos
2557 5405 2916 5459 contumacia
2945 5402 3119 5458 livore
3149 5404 3438 5460 adversum
3485 5409 3633 5456 tuam

2038 5502 2338 5553 commotos
2370 5510 2492 5548 esse
2523 5493 2890 5561 dilectionem,
2923 5491 3010 5549 vel
3058 5492 3128 5548 ob
3159 5492 3294 5547 alias
3325 5505 3520 5547 causas
3553 5489 3634 5545 in-

2040 5585 2216 5653 vidia,
2244 5583 2335 5658 qui
2367 5591 2417 5639 et
2444 5583 2607 5640 modo
2636 5583 2797 5640 labiis
2828 5583 3032 5640 dolosis
3053 5581 3152 5638 zeli
3182 5588 3368 5639 contra
3414 5586 3467 5636 te
3495 5593 3630 5637 con-
