4086 6310
500 251 609 310 927

1760 226 2058 310 iOANNIs
2100 253 2295 309 Paria
2346 255 2485 314 vm.

3689 264 3798 320 928

495 391 664 460 citati,
697 399 751 448 et
795 393 1142 464 postmodum
1196 393 1410 450 callidis
1467 396 1806 468 argumentis
1847 396 2096 452 nocivam

2205 378 2423 436 vinitate
2450 381 2700 454 prepitia,
2723 398 2932 440 careas.
2973 385 3260 449 Memento,
3293 401 3498 457 quaso,
3531 385 3664 456 quid
3693 402 3754 441 es
3779 404 3796 452 ;

501 481 598 536 tibi
626 481 933 550 moliuntur,
956 491 1141 538 nostro
1171 490 1373 538 statuto
1403 483 1765 550 decernimus,
1807 491 1968 557 atque
2001 485 2098 540 Dei

499 569 884 641 omnipotentis
925 571 1240 627 auctoritate
1273 571 1526 644 beatique
1558 573 1700 627 Petri
1729 573 2102 644 apostolorum

503 659 766 730 principis
781 667 836 714 et
859 667 1050 714 nostra
1065 659 1346 715 sanctione
1377 660 1682 727 statuimus,
1709 661 1842 716 nulli
1863 677 2102 732 unquam

499 743 1063 814 archiepiscoporum,
1113 743 1198 798 vel
1235 744 1611 811 sacerdotum,
1672 753 1762 799 aut
1817 745 2101 813 cujuslibet

505 831 711 888 ordinis
749 832 1075 888 clericorum
1134 833 1378 901 ejusdem
1435 840 1637 888 sancta
1679 833 2101 889 Mediolanensis

503 920 790 992 Ecclesia,
828 936 930 976 nec
973 920 1199 975 aliarum
1251 921 1642 992 Ecclesiarum,
1705 938 1882 994 neque
1939 923 2100 978 alicui

503 1025 725 1082 magna
794 1025 1089 1080 parvaque
1135 1025 1401 1080 persona,
1452 1011 1822 1082 cujuscunque
1880 1011 2102 1066 honoris

505 1088 748 1168 pradita
777 1096 1040 1170 dignitate
1071 1114 1194 1152 esse
1247 1097 1471 1164 licitum,
1503 1115 1606 1168 pro
1661 1107 1764 1154 tua
1815 1099 2100 1154 laudabilis

503 1185 806 1242 devotionis
860 1184 1056 1242 aﬂ‘ectu
1090 1195 1143 1242 et
1197 1202 1294 1257 pro
1325 1195 1428 1241 tua
1446 1186 1571 1242 fidei
1593 1187 1907 1244 sinceritate
1937 1196 2100 1259 atque

501 1275 785 1330 charitatis
815 1274 1130 1339 certamine,
1169 1276 1314 1346 quod
1344 1291 1443 1346 pro
1473 1275 1644 1346 ipsius
1686 1276 1948 1332 Ecclesia
1993 1277 2100 1331 uti-

503 1363 654 1418 litate
685 1363 887 1418 nostris
927 1371 978 1418 te
1025 1363 1221 1420 diebus
1269 1363 1528 1419 habuisse
1570 1365 1950 1438 cognovimus,
1995 1365 2100 1420 ali-

507 1467 672 1524 quam
693 1452 788 1506 tibi
815 1467 1140 1524 quocunque
1170 1453 1330 1508 modo
1360 1453 1448 1508 vel
1469 1453 1572 1508 sub
1601 1453 2101 1510 ecclesiasticarum

507 1557 686 1596 rerum
713 1540 960 1611 obtentu,
994 1540 1199 1597 inferre
1229 1541 1555 1596 calumniam
1581 1549 1672 1597 aut
1703 1543 1787 1596 his
1835 1541 2096 1612 prafatis,

499 1645 622 1700 qua
651 1644 752 1700 pro
773 1628 849 1683 tui
879 1628 1034 1702 digni
1065 1629 1264 1684 laboris
1321 1629 1518 1685 merito
1563 1631 1766 1685 retines
1816 1629 2100 1686 beneficiis

2207 477 2478 525 memento
2506 471 2656 542 quid,
2691 471 2734 526 si
2757 488 2864 528 non
2891 473 3204 543 resipueris,
3237 474 3362 538 eris;
3383 483 3437 528 et
3459 475 3794 541 judiciorum

2203 557 2419 612 Domini
2467 575 2677 615 memor
2715 569 2850 630 esto,
2910 577 2977 616 ne
3033 578 3134 632 pro
3164 563 3322 616 tantis
3380 563 3496 618 Deo
3526 563 3795 618 rationem

2202 645 2435 701 reddere
2465 647 2704 719 cogaris,
2735 649 2920 720 quanti
2941 666 3038 719 per
3067 659 3213 705 tuam
3242 651 3511 706 desidiam
3541 651 3798 706 interem-

2202 733 2279 804 pti
2291 742 2432 798 sunt,
2467 743 2520 790 et
2535 737 2736 807 captivi
2759 737 2909 793 ducti
2936 737 3170 792 diversis
3200 739 3468 794 mortibus
3485 739 3790 810 perierunt.

2201 823 2282 876 De
2314 839 2544 894 quorum
2576 825 2894 881 crudelitate
2928 826 3058 897 quid
3086 827 3268 882 dicere
3297 827 3630 897 possumus?
3659 829 3798 883 Cum

2201 917 2351 964 tanta
2380 911 2503 967 hinc
2531 911 2708 967 ﬂenda
2732 913 2839 968 sint
2868 922 2920 968 et
2941 914 3201 986 lugenda,
3233 923 3290 970 ut
3321 915 3365 969 si
3397 916 3639 971 scribere
3667 915 3802 971 veli-

2200 1015 2342 1064 mus,
2402 1008 2455 1055 et
2495 1001 2859 1072 lacrymarum
2907 1003 3066 1058 rivuli
3133 1011 3402 1070 crescent,
3458 1012 3511 1059 et
3562 1005 3800 1075 primum

2200 1088 2384 1142 charta
2413 1105 2577 1160 quam
2609 1090 2769 1145 verba
2797 1089 3071 1147 deﬁcient.
3105 1092 3352 1164 Denique
3379 1093 3522 1163 apud
3555 1093 3797 1162 Cajetam

2201 1175 2327 1230 olim
2356 1177 2516 1231 nobis
2545 1179 2860 1234 necessario
2886 1181 3208 1247 constitutis,
3240 1180 3403 1253 legati
3424 1182 3502 1235 tui
3533 1181 3804 1252 promise-

2201 1273 2320 1319 rant
2354 1273 2410 1319 ut
2439 1265 2577 1320 intra
2607 1267 2837 1337 spatium
2869 1269 3060 1340 viginti
3090 1269 3296 1324 dierum
3327 1286 3438 1325 non
3459 1270 3636 1325 solum
3673 1287 3798 1326 cum

2199 1353 2470 1426 Agarenis
2498 1355 2745 1410 habitum
2772 1365 2991 1427 pactum
3021 1358 3370 1424 dissolveres,
3405 1375 3593 1414 verum
3627 1360 3798 1415 etiam

2201 1441 2502 1499 Saracenos
2533 1459 2784 1514 caperes,
2819 1454 2871 1500 et
2899 1445 3058 1500 nobis
3097 1462 3191 1502 eos
3219 1448 3618 1503 transmitteres
3652 1467 3666 1515 ;
3697 1449 3799 1504 sed

2201 1545 2348 1596 ecce,
2373 1532 2518 1603 quod
2548 1533 2875 1602 promissum
2912 1543 3020 1600 'est,
3053 1534 3160 1590 ﬁde
3193 1536 3454 1592 hactenus
3486 1537 3684 1601 caruit,
3743 1544 3800 1592 et

2200 1619 2443 1673 omnium
2471 1621 2827 1691 sponsionum
2857 1630 3073 1678 tuarum
3112 1624 3254 1679 dicta
3304 1633 3509 1680 cassata
3539 1633 3682 1693 sunt,
3717 1633 3793 1692 et,

502 1725 555 1772 et
581 1717 942 1788 patrimoniis,
968 1717 1053 1774 vel
1084 1733 1116 1772 a
1155 1717 1353 1788 quibus
1397 1718 1636 1788 propriis
1666 1719 1832 1774 rebus
1888 1719 2100 1773 mobili-
2127 1715 2260 1790 Bul
2289 1716 2531 1778 apparet,
2572 1709 2622 1764 {1'
2625 1719 2852 1766 υείΓθιῑᾶ-
2887 1712 3062 1780 Unde,
3111 1711 3249 1768 είσυῐ
3302 1713 3558 1779 ἀίκίωυεν
3614 1723 3798 1770 cesset

500 1805 603 1860 bus
631 1805 852 1876 privare
884 1823 898 1860 :
933 1806 1030 1860 sed
1060 1805 1253 1861 diebus
1291 1805 1415 1862 vita
1435 1813 1560 1876 tua,
1595 1807 1892 1862 secundum
1922 1815 2103 1864 aucto-

497 1890 670 1945 ritatis
699 1898 898 1946 nostra
927 1891 1226 1957 decretum,
1259 1907 1356 1961 pro
1386 1907 1574 1946 amore
1605 1892 1704 1947 Dei
1741 1899 1795 1947 et
1849 1893 2100 1948 mercede

500 1979 698 2034 anima
725 1986 928 2035 nostra
957 1987 1152 2050 tuaque
1183 1977 1456 2046 fidelitate,
1493 1997 1653 2052 quam
1683 1988 1786 2036 tua
1831 1989 1882 2036 te
1939 1981 2098 2036 novi-

501 2083 623 2122 mus
681 2067 882 2122 habere
930 2067 1212 2134 Ecclesia,
1269 2067 1432 2124 liceat
1489 2068 1586 2123 tibi
1641 2069 1740 2122 sub
1789 2069 2102 2140 apostolica

504 2155 654 2212 sedis
703 2171 1197 2228 successorumque
1254 2165 1568 2212 nostrorum
1638 2157 1916 2226 tutamine,
1976 2173 2100 2214 cum

504 2243 746 2316 propriis
777 2243 1076 2310 beneﬁciis,
1129 2252 1183 2300 et
1211 2261 1336 2300 cum
1363 2245 1618 2300 omnibus
1647 2245 1752 2300 tuis
1789 2245 2100 2302 hominibus

507 2332 789 2405 utriusque
819 2333 1048 2402 ordinis,
1081 2349 1303 2388 manere
1333 2333 1572 2404 quietum
1627 2341 1790 2406 atque
1823 2350 2096 2390 securum.

506 2422 681 2476 Porro
713 2421 1020 2493 quicunque
1050 2431 1242 2478 contra
1271 2423 1376 2478 hoc
1423 2431 1670 2477 nostrum
1714 2431 1972 2478 statutum
2015 2433 2100 2480 te-

505 2509 738 2565 merario
789 2525 926 2564 ausu
978 2526 1147 2583 agere
1203 2517 1364 2582 teque
1393 2527 1494 2582 pro
1523 2511 1832 2580 hujusmodi
1877 2513 2100 2585 negotio

500 2598 832 2655 calumniare
848 2599 1429 2670 prasumpserit,omni
1445 2616 1568 2655 eum
1580 2599 1950 2657 ecclesiastica
1955 2601 2099 2670 judi-

501 2703 687 2744 camus
717 2688 1099 2744 communione
1111 2703 1320 2754 carere,
1353 2704 1639 2760 quousque
1668 2705 1768 2760 per
1797 2705 2100 2760 congruam

500 2775 928 2831 satisfactionem
957 2775 1013 2830 in
1041 2785 1226 2831 nostra
1257 2793 1748 2848 successorumque
1787 2785 2099 2833 nostrorum

498 2863 811 2936 prasentia,
849 2864 995 2936 quod
1022 2879 1313 2935 perperam
1341 2865 1581 2933 laserat,
1613 2866 1906 2921 emendare
1943 2881 2101 2922 cura-

497 2951 657 3008 verit.
713 2951 784 3006 Et
841 2951 972 3008 ideo
1014 2960 1205 3008 nostra
1261 2951 1424 3008 etiam
1455 2953 1756 3024 apostolica
1786 2954 2100 3010 auctoritate

498 3039 846 3112 praecipimus
878 3048 930 3096 te
955 3057 1227 3114 nusquam
1255 3040 1542 3111 cujuslibet
1569 3041 1814 3114 episcopi
1868 3043 1956 3098 vel
2013 3059 2100 3098 sa-

501 3129 741 3185 cerdotis
768 3129 1052 3199 subjacere
1077 3129 1302 3200 judicio,
1329 3146 1612 3202 quousque
1642 3131 1698 3186 in
1745 3138 1985 3187 nostram
2012 3132 2102 3188 vel

501 3233 887 3274 successorum
929 3227 1255 3286 nostrorum,
1289 3219 1462 3275 libere
1517 3236 1581 3276 ac
1637 3219 1922 3288 securiter,
1981 3221 2101 3277 sine

499 3307 730 3376 alicujus
758 3307 1037 3362 obstaculo
1071 3308 1160 3363 vel
1187 3308 1579 3380 impedimento
1617 3309 1970 3380 prasentiam
2000 3326 2099 3367 ve-

500 3393 641 3452 nias.
674 3396 810 3450 Data
835 3399 903 3452 ut
921 3412 1115 3468 supra.

1133 3527 1462 3584 CCCXVIII.

637 3631 710 3672 AD
736 3630 1096 3674 ΛἸἮΑΝᾹΒΙῸΠ
1125 3631 1434 3673 ΕΡῙΞΟΟΡΠΠ
1477 3631 1932 3674 NEAPOLITANUM.

1127 3709 1308 3777 (Anno
1347 3705 1496 3778 881.)

501 3812 703 3885 Arguit
729 3827 860 3868 eum
883 3811 1026 3884 quod
1051 3828 1169 3868 non
1198 3814 1434 3885 fregerit
1453 3813 1805 3885 fwdurrquod
1834 3829 1966 3869 cum
1997 3815 2096 3871 Sa-

568 3883 792 3956 racenis
821 3883 1057 3956 fecerat,
1088 3899 1220 3956 cum
1245 3883 1760 3956 promiSerit'illud
1788 3900 2056 3956 rumpere
2080 3901 2094 3938 :

573 3954 822 4011 ostendit
832 3955 1022 4010 multa
1041 3954 1198 4010 mala
1217 3954 1340 4026 ejus
1359 3971 1533 4010 causa
1553 3971 1588 4011 α
1606 3955 1906 4012 Saracenis
1921 3954 2098 4012 Chri-

573 4027 781 4082 :tianis
809 4027 990 4098 fuisse
1028 4025 1295 4098 inﬂicta;
1325 4027 1586 4098 minatur
1616 4026 1709 4082 illi
1763 4043 2096 4084 excommu-

571 4096 943 4163 nicatiouem,
973 4097 1089 4153 nisi
1115 4096 1298 4169 fwdus
1328 4097 1476 4154 illud
1505 4101 1759 4171 rumpat.

569 4196 899 4251 Arnamsro
929 4193 1188 4266 episcopo
1217 4194 1596 4266 Neapolitano.

570 4285 692 4340 Jam
721 4282 849 4356 quia
877 4290 929 4338 te
960 4282 1271 4340 laetantium
1295 4291 1349 4338 et
1370 4283 1441 4338 ab
1473 4282 1606 4354 ipsis
1645 4283 1929 4340 cunabulis
1969 4285 2098 4341 edu-

503 4372 743 4430 cantium
774 4378 977 4428 sancta
1005 4371 1192 4427 matris
1237 4379 1343 4426 tua
1371 4372 1629 4428 Romana
1657 4372 1923 4430 Ecclesia
1950 4373 2094 4429 obli-

2130 3087 2180 3152 C

2194 1795 2326 1864 jam,
2359 1805 2536 1852 cesset
2591 1799 2708 1854 hac
2768 1799 3156 1855 immanissima
3213 1801 3401 1872 pestis,
3453 1810 3509 1856 ut
3551 1801 3794 1873 reliquia

2201 1884 2521 1941 Christiana
2551 1885 2788 1942 funditus
2817 1904 2924 1944 non
2955 1889 3272 1959 depereant,
3305 1898 3355 1944 et
3387 1898 3445 1944 tu
3475 1889 3668 1946 anima
3689 1899 3796 1946 tua

2201 1973 2483 2043 dispendia
2512 1990 2620 2030 non
2651 1975 2919 2043 incurras,
2954 1977 3078 2048 quia
3109 1978 3156 2032 si
3194 1977 3396 2048 populo
3413 1979 3797 2050 Dei.compas-

2201 2077 2295 2116 sus
2323 2061 2510 2129 fueris,
2547 2071 2598 2118 et
2627 2065 2803 2119 Deum
2829 2065 2925 2120 tibi
2953 2065 3245 2136 propitium
3267 2065 3454 2133 facies,
3479 2075 3532 2122 et
3548 2076 3796 2122 nostram

2198 2149 2576 2220 paternitatem
2607 2153 2765 2208 solito
2813 2169 2966 2208 more
3009 2154 3300 2224 percipies,
3344 2164 3397 2210 et
3438 2155 3796 2211 ministerium

2197 2244 2346 2291 tuum
2377 2240 2686 2294 custodies:
2719 2241 2958 2314 alioquin
2987 2257 3096 2296 non
3128 2243 3302 2298 solum
3332 2252 3513 2300 nostra
3559 2243 3654 2299 tibi
3686 2260 3798 2300 non

2197 2325 2550 2397 dimittemus,
2585 2329 2682 2384 sed
2713 2328 2877 2384 etiam
2917 2331 3231 2386 canonicam
3262 2331 3318 2386 in
3370 2339 3424 2387 te
3471 2333 3795 2388 sententiam

2191 2413 2341 2483 juxta
2361 2425 2606 2471 nostrum
2635 2418 2993 2474 ministerium
3009 2419 3293 2490 jaciemus.
3320 2420 3428 2476 Sed
3457 2429 3510 2475 et
3539 2421 3644 2476 hoc
3687 2437 3792 2476 no-

2198 2503 2293 2556 stri
2313 2505 2647 2574 apostolatus
2675 2507 2988 2563 auctoritate
3016 2524 3320 2574 monemus,
3350 2517 3403 2563 et
3422 2511 3794 2565 excommuni-

2197 2591 2374 2647 cando
2429 2595 2607 2649 modis
2655 2596 2908 2651 omnibus
2965 2596 3361 2664 interdicimus,
3410 2605 3466 2652 ut
3496 2597 3624 2670 quia
3667 2615 3792 2656 ecce

2199 2683 2420 2753 tempus
2435 2699 2598 2756 accep
2607 2683 2774 2740 tabile
2787 2688 2892 2752 est,
2913 2701 3036 2741 ecce
3056 2703 3208 2742 nunc
3221 2686 3342 2743 dies
3355 2687 3556 2742 salutis
3574 2687 3648 2754 (II
3668 2687 3792 2743 Cor.

2198 2781 2302 2835 νυ,
2321 2769 2521 2824 nullam
2553 2772 2897 2840 seditionem,
2929 2773 3134 2828 nullam
3152 2775 3592 2840 commotionem,
3636 2775 3791 2830 nulla

2199 2856 2513 2914 discrimina
2551 2861 2639 2916 vel
2667 2861 2946 2918 lasionem
2978 2879 3101 2919 cum
3130 2863 3216 2918 his
3272 2863 3364 2935 qui
3410 2863 3466 2918 in
3525 2864 3793 2919 Berolassi

2197 2955 2606 3003 commorantur
2661 2957 2750 3005 aut
2793 2949 2960 3007 facias
3032 2964 3121 3006 aut
3176 2950 3502 3006 facientibus
3568 2952 3795 3008 omnino

2199 3037 2526 3104 consentias,
2595 3046 2858 3109 quatenus
2924 3055 3116 3110 pacem
3195 3040 3482 3108 sectando,
3521 3040 3590 3096 ab
3647 3041 3794 3098 omni

2203 3123 2442 3194 nequitia
2470 3135 2751 3200 purgatus,
2785 3145 2982 3184 munus
3012 3129 3114 3185 Dei
3141 3129 3545 3186 immaculatum
3573 3128 3789 3201 offeras,

2201 3219 2256 3266 et
2283 3213 2602 3270 charitatem
2649 3217 2749 3272 Dei
2805 3217 2860 3272 in
2892 3225 2985 3273 tuo
3015 3233 3145 3274 vase
3183 3216 3433 3272 diffusam
3481 3219 3796 3274 cohabitare

2199 3302 2516 3372 permittas:
2541 3304 2670 3376 quia
2707 3321 2826 3374 nos,
2858 3306 3052 3378 quibus
3099 3307 3166 3362 de
3195 3307 3446 3362 omnibus
3501 3323 3632 3363 cura
3685 3315 3788 3374 est,

2199 3390 2316 3446 Deo
2362 3391 2606 3462 juvante,
2665 3401 3028 3468 congruenter
3081 3394 3210 3452 illuc
3275 3395 3705 3468 properabimus,
3741 3404 3794 3451 et

2198 3477 2342 3534 inter
2381 3496 2501 3548 vos,
2577 3489 2631 3538 te
2693 3482 3034 3554 potissimum
3091 3492 3440 3555 cooperante,
3499 3499 3688 3555 pacem
3741 3492 3795 3540 et

2197 3567 2486 3624 amicitiam
2534 3570 2968 3628 reformabimus.
3001 3573 3139 3628 Data
3191 3572 3365 3645 pridie
3422 3573 3552 3629 Idus
3595 3573 3790 3642 Martii,

2199 3654 2493 3716 indictione
2523 3674 2644 3714 xxv.

2853 3767 3136 3823 CCCXIX.

2509 3869 2584 3908 AD
2612 3869 2943 3912 HETHODIUM
2985 3870 3482 3914 ARCHIEPISCOPUH.

2800 3946 2980 4015 (Anno
3038 3947 3188 4017 881.)

2199 4033 2537 4107 Gratulatur
2563 4033 2629 4088 de
2645 4033 2970 4107 orthodoxa
2987 4035 3121 4103 ﬁdei
3137 4036 3319 4100 cultu,
3352 4039 3410 4090 et
3431 4035 3498 4092 de
3521 4038 3642 4107 ejus
3664 4053 3794 4107 erga

2265 4105 2600 4179 religionem
2628 4105 2814 4179 studio
2849 4109 2908 4160 et
2935 4121 3110 4172 cura;
3137 4110 3407 4178 precatur
3437 4108 3502 4162 in
3523 4105 3642 4164 die:
3672 4105 3791 4179 spi-

2263 4177 2317 4230 ri
2325 4179 2419 4230 tua
2427 4175 2535 4230 lem
2553 4177 2872 4248 profectum
2891 4175 3426 4250 majoremeumque
3445 4175 3790 4236 consolatur.

2272 4263 2570 4318 Mnmomo
2593 4263 3027 4337 archiepiscopo,
3060 4281 3161 4336 pro
3191 4264 3321 4321 fide.
3563 4328 3571 4332 ,

2264 4365 2554 4421 Pastoralis
2601 4343 2978 4423 sollicitudinis
3012 4375 3118 4423 tua
3166 4383 3372 4436 curam,
3405 4383 3570 4440 quam
3600 4369 3656 4424 in
3711 4369 3794 4424 lu-

502 4470 588 4517 tus
620 4477 682 4517 es
708 4460 956 4526 uberum,
988 4459 1074 4515 vel
1103 4467 1304 4515 nostra
1338 4459 1732 4516 benevolentia
1757 4477 1868 4516 non
1887 4462 2092 4519 debue-
2117 4447 2176 4512 D
2198 4455 2410 4512 arandis
2439 4455 2725 4511 animabus
2755 4454 2994 4510 fidelium
3025 4456 3256 4513 Domino
3287 4459 3403 4513 Deo
3433 4467 3623 4514 nostro
3643 4457 3790 4514 exhi-

504 4566 592 4606 ras
625 4547 895 4615 oblivisci,
930 4563 1094 4620 quam
1124 4547 1221 4603 tibi
1275 4547 1628 4618 paternaliter
1675 4549 2014 4619 exhibentes,
2045 4560 2098 4608 et

502 4637 689 4694 salutis
719 4645 826 4692 tua
844 4635 1092 4692 consulta
1120 4635 1492 4707 pravidimus,
1527 4644 1578 4692 et
1606 4637 1663 4692 in
1705 4640 2097 4710 temporalibus

502 4720 805 4779 commodis
827 4721 982 4789 juxta
1013 4719 1324 4792 qualitatem
1356 4721 1636 4792 temporis,
1669 4723 1928 4793 prasidia
1955 4740 2098 4796 qua-

503 4826 611 4883 que
663 4808 1030 4877 contulimus;
1073 4816 1127 4864 et
1179 4807 1436 4880 quoniam
1509 4819 1921 4882 coeperatorem
1990 4828 2094 4869 no-

504 4905 671 4953 atrum
729 4897 786 4952 in
835 4896 920 4950 his
970 4912 1093 4968 qua
1141 4896 1241 4954 Dei
1273 4905 1416 4964 sunt,
1465 4905 1517 4954 te
1567 4899 1774 4955 habere
1822 4900 2093 4969 volumus,

502 4985 773 5058 nimisque
805 4992 954 5040 tuam
999 4985 1412 5042 sanctimoniam
1458 4987 1758 5062 diligimus,
1807 5005 2095 5046 monemus

500 5082 559 5130 ut
585 5074 672 5130 vel
702 5090 848 5130 nunc
877 5074 948 5130 ad
981 5089 1074 5131 cor
1103 5075 1315 5146 redeas,
1347 5084 1406 5130 ut
1450 5092 1617 5148 prava
1671 5094 1902 5149 quaque
1947 5079 2095 5148 juxta

503 5171 653 5221 tuum
682 5161 1042 5218 ministerium
1074 5163 1268 5234 diluas,
1292 5172 1346 5221 et
1385 5165 1730 5222 inimicorum
1760 5165 2093 5224 Christiano-

502 5269 626 5308 rum
654 5251 892 5308 nominis
921 5251 1101 5310 foedus
1129 5255 1466 5312 exsecrando
1496 5253 1724 5322 devites,
1759 5265 2023 5329 quatenus
2039 5266 2094 5314 et

501 5341 697 5398 anima
755 5348 861 5396 tua
917 5340 1123 5398 lucrum
1155 5343 1426 5416 acquiras,
1475 5350 1528 5398 et
1573 5343 1773 5399 nostris
1821 5345 1998 5418 magis
2027 5361 2092 5402 ac

502 5429 681 5504 magis
707 5427 991 5487 affectibus
1020 5429 1227 5504 perfrui
1254 5432 1455 5498 valeas,
1519 5440 1572 5488 et
1625 5432 1978 5505 blasphemiis
2025 5450 2092 5492 ac

501 5518 970 5581 maledictionibus
1000 5519 1352 5596 reliquiarum
1404 5519 1594 5595 populi
1645 5522 1958 5594 Christiani,
1990 5523 2090 5579 Di-

2197 4545 2314 4610 bes,
2347 4543 2733 4616 approbantes,
2784 4551 2838 4600 et
2893 4545 3212 4601 orthodoxa
3268 4544 3397 4601 ﬁdei
3423 4554 3479 4601 te
3527 4546 3792 4603 cultorem

2197 4641 2476 4688 strenuum
2533 4633 2764 4689 existere
2813 4633 3262 4705 contemplantes,
3317 4635 3479 4690 nimis
3507 4635 3566 4690 in
3596 4635 3786 4692 eodem

2197 4721 2822 4791 Dominojucundamur,
2855 4731 2909 4778 et
2933 4723 2984 4778 ei
3013 4723 3308 4779 immensas
3337 4723 3549 4791 laudes,
3581 4733 3635 4780 et
3659 4741 3787 4798 gra-

2197 4809 2297 4866 tias
2323 4827 2490 4882 agere
2518 4826 2628 4866 non
2657 4827 2956 4880 cessamus,
2991 4811 3114 4884 quia
3137 4819 3186 4868 te
3217 4812 3396 4886 magis
3425 4829 3492 4869 ac
3520 4813 3698 4888 magis
3726 4813 3779 4867 in

2197 4899 2310 4955 suis
2339 4899 2608 4956 mandatis
2639 4901 2918 4968 accendat,
2954 4909 3006 4956 et
3043 4901 3113 4956 ad
3142 4907 3342 4958 sancta
3373 4918 3486 4958 sua
3525 4901 3787 4958 Ecclesia

2194 4987 2497 5060 profectum
2528 4989 2595 5044 ab
2623 4989 2876 5045 omnibus
2902 4989 3322 5046 adversitatibus
3350 4990 3648 5046 clementer
3676 4991 3783 5046 eri-

2192 5077 2323 5150 piat.
2373 5079 2572 5134 Verum
2605 5079 2802 5134 auditis
2849 5093 2949 5150 per
2977 5087 3099 5134 tuas
3141 5079 3348 5135 litteras
3379 5079 3532 5134 vanis
3572 5080 3786 5137 casibus

2194 5167 2280 5222 vel
2308 5167 2590 5222 eventibus
2617 5167 2743 5236 tuis,
2776 5175 2980 5240 quanta
3002 5168 3390 5240 compassione
3421 5168 3518 5224 tibi
3573 5169 3780 5225 condo-

2192 5255 2472 5323 luerimus,
2507 5273 2572 5311 ex
2601 5256 2705 5312 hoc
2734 5257 3016 5312 advertere
3044 5257 3270 5328 poteris,
3305 5257 3360 5312 in
3385 5273 3491 5330 quo
3519 5265 3572 5313 te
3595 5273 3780 5313 coram

2192 5343 2350 5399 nobis
2377 5345 2631 5416 positum,
2655 5353 2855 5402 sancta
2881 5346 3141 5402 Romana
3159 5345 3424 5402 Ecclesia
3451 5346 3775 5412 doctrinam,

2185 5432 2335 5503 juxta
2389 5442 2698 5490 sanctorum
2747 5435 2965 5489 Patrum
3009 5434 3349 5506 probabilem
3414 5434 3772 5502 traditionem,

2193 5521 2348 5595 sequi
2395 5522 2598 5579 debere
2662 5523 2992 5592 monuimus,
3026 5532 3077 5579 et
3136 5531 3245 5580 tam
3275 5523 3582 5597 symbolum
3627 5538 3782 5598 quam
