4086 6322
309 305 413 361 929

1400 296 1757 354 EPISTOUE
1811 295 1902 351 ET
1949 295 2294 354 uacuam.
2327 263 2332 270 ’

3503 303 3609 355 930

307 434 512 484 rectam
543 425 706 482 ﬁdem
737 441 767 480 a
794 429 845 480 te
873 423 1175 480 docendam
1209 428 1262 478 et
1287 422 1689 494 praedicandam
1718 420 1904 476 subdi-
1923 424 1980 484 A
2008 422 2166 478 nobis
2208 423 2732 496 quantulamcunque
2761 425 2830 480 de
2857 423 2990 496 ipsis
3017 425 3250 498 paganis
3295 425 3609 498 tranquilli-

312 516 528 584 dimus;
557 515 868 586 nostrisque
899 511 1215 585 apostolicis
1259 511 1451 567 litteris
1481 510 1724 584 glorioso
1754 511 1906 582 prin-

313 604 424 676 cipi
454 603 824 676 Sfentopulco,
857 618 993 675 quas
1021 602 1101 657 eis
1131 600 1336 657 asseris
1363 599 1532 655 fuisse
1553 600 1783 666 delatas,
1807 601 1911 655 hoc

309 692 490 764 ipsum
533 691 976 764 signiﬁcavimus,
1012 698 1064 747 et
1092 706 1268 763 neque
1311 689 1431 745 alia:
1473 689 1664 744 litteras
1709 696 1912 744 nostra:

313 783 384 837 ad
413 798 538 838 eum
567 781 786 836 directae
813 787 956 847 sunt,
987 795 1166 852 neque
1216 778 1476 850 episcopo
1504 777 1582 832 illi
1610 777 1794 849 palam
1825 776 1912 833 vel

313 878 529 926 secreto
569 869 716 925 aliud
769 868 1074 924 faciendum
1122 866 1485 938 injunximus,
1533 873 1587 922 et
1625 865 1773 920 aliud
1801 881 1832 920 a
1861 873 1912 921 te

310 959 688 1032 peragendum
719 957 1080 1027 decrevimus,
1115 965 1316 1028 quanto
1355 955 1534 1010 minus
1579 955 1914 1011 credendum

311 1055 396 1102 est
425 1055 483 1102 ut
511 1055 914 1103 sacramentum
943 1046 1013 1100 ad
1043 1046 1238 1100 eodem
1267 1045 1524 1116 episcopo
1545 1044 1910 1116 exegerimus,

313 1153 476 1208 quem
508 1136 701 1191 saltem
731 1135 837 1190 levi
867 1150 1122 1190 sermone
1167 1150 1334 1205 super
1377 1134 1481 1189 hoc
1523 1132 1744 1204 negotio
1775 1133 1914 1188 allo-

313 1225 424 1282 cuti
463 1241 570 1281 non
613 1224 832 1280 fuimus.
886 1224 1122 1295 Ideoque
1169 1231 1347 1279 cesset
1393 1222 1498 1278 ista
1541 1222 1804 1288 dubietas,
1839 1229 1912 1288 et,

312 1314 431 1370 Deo
461 1321 789 1385 cooperante
811 1357 823 1380 ,
874 1313 1012 1368 sicut
1054 1311 1364 1385 evangelica
1413 1319 1466 1366 et
1513 1309 1808 1381 apostolica
1857 1325 1916 1364 se

314 1403 476 1472 habet
535 1403 808 1471 doctrina,
869 1401 1182 1457 orthodoxae
1229 1399 1355 1456 ﬁdei
1405 1400 1606 1456 cultum
1663 1397 1916 1454 fidelibus

315 1491 524 1549 cunctis
556 1491 788 1557 inculca,
818 1498 877 1545 ut
906 1491 975 1546 de
1004 1490 1191 1545 labore
1235 1489 1313 1544 tui
1341 1488 1654 1544 certaminis
1681 1487 1917 1542 Domino

314 1582 444 1638 Jesu
471 1580 685 1636 Christo
715 1579 951 1636 fructum
983 1577 1176 1634 aﬁ'eras
1215 1578 1600 1648 abundantem,
1649 1585 1701 1632 et
1744 1577 1919 1650 gratia

317 1670 434 1740 ejus
463 1676 862 1738 remuneratus,
893 1667 1204 1722 mercedem
1237 1665 1465 1737 recipias
1496 1673 1914 1736 competentem.

317 1757 582 1814 Caeterum
610 1757 678 1812 de
707 1755 828 1812 aliis
875 1755 1264 1812 tentationibus
1309 1770 1446 1826 quas
1494 1754 1713 1810 diverso
1753 1754 1918 1808 modo

316 1861 611 1918 perpessus
642 1861 720 1915 es,
753 1844 863 1900 noli
895 1843 1116 1910 tristari,
1151 1844 1281 1914 quin
1311 1844 1490 1914 potius
1538 1844 1640 1898 hoc
1661 1885 1674 1910 ,
1725 1859 1919 1898 secun-

319 1935 450 1990 dum
480 1933 828 2006 Apostolum,
863 1949 1024 1989 omne
1069 1932 1328 2006 gaudium
1369 1948 1598 2004 prorsus
1641 1930 1917 1998 existima,

319 2023 446 2096 quia
476 2023 522 2078 si
551 2023 696 2078 Deus
741 2037 842 2095 pro
897 2029 966 2092 te,
1008 2037 1170 2076 nemo
1217 2037 1340 2076 esse
1385 2020 1582 2092 poterit
1630 2028 1818 2076 contra
1847 2027 1918 2076 te.

319 2112 528 2168 Tamen
581 2127 705 2167 cum
762 2113 878 2166 Deo
925 2111 1062 2166 duce
1109 2126 1364 2166 reversus
1418 2108 1606 2178 fueris,
1660 2107 1923 2181 quidquid

313 2199 614 2256 enormiter
660 2200 950 2255 adversum
1008 2206 1059 2254 te
1105 2206 1188 2254 est
1235 2197 1605 2264 commissum,
1656 2196 1923 2269 quidquid

312 2289 427 2358 jam
454 2289 631 2345 dictus
659 2287 950 2360 episcopus
978 2295 1160 2343 contra
1189 2303 1347 2341 suum
1394 2285 1754 2341 ministerium
1782 2285 1840 2340 in
1872 2292 1923 2340 te

319 2377 583 2444 exercuit,
613 2385 902 2448 utramque
931 2375 1262 2432 audientiam
1301 2390 1488 2431 coram
1516 2374 1676 2431 nobis
1704 2375 1922 2430 discus-

322 2481 462 2533 sam,
493 2466 782 2536 adjuvante
811 2465 1062 2530 Domino,
1105 2463 1350 2538 legitimo
1398 2462 1492 2518 ﬁni
1537 2463 1838 2530 trademus,
1871 2471 1925 2518 et

311 2553 468 2610 illius
492 2553 844 2626 pertinaciam
881 2553 1074 2624 judicii
1123 2552 1290 2608 nostri
1339 2552 1604 2608 sententia
1643 2551 1924 2623 corripere

321 2659 434 2700 non
461 2642 790 2698 omittemus.
833 2644 972 2698 Data
1019 2641 1232 2698 decimo
1263 2641 1536 2697 Kalendas
1565 2641 1767 2713 Aprilis
1787 2684 1800 2709 ,
1835 2641 1922 2696 in-

323 2731 562 2788 dictione
589 2731 797 2788 decima
826 2739 1038 2804 quarta.

985 2829 1247 2884 CCCXX.

701 2930 774 2973 Αι)
813 2932 1069 2974 CAROLUM
1117 2931 1536 2973 IMPERATOREH.

939 3008 1118 3078 (Anno
1149 3008 1300 3078 881.)

320 3097 564 3154 Nuntiat
594 3096 927 3168 imperatori
955 3113 1011 3152 se
1051 3098 1122 3152 iis
1153 3095 1322 3150 malis
1351 3113 1386 3150 a
1421 3096 1719 3152 Saracenis
1751 3094 1921 3168 afﬁci,

392 3171 459 3251 ut
487 3165 731 3251 amplius
755 3169 1045 3251 sustinere
1071 3184 1189 3251 non
1218 3168 1432 3251 possit;
1463 3165 1924 3251 rogatleumciem

391 3242 459 3294 ut
488 3236 594 3294 sibi
617 3237 858 3293 subsidio
889 3236 1232 3293 exercitum_
1254 3242 1480 3293 mature
1519 3236 1740 3297 mittat.
1773 3236 1929 3309 eique

393 3310 650 3382 palmam
677 3325 808 3364 cum
838 3309 1228 3365 benedictione
1259 3309 1462 3363 mittit.

397 3397 620 3453 Canono
649 3405 675 3432 ⁸
704 3397 1042 3468 imperatori.

391 3485 676 3541 Multarum
697 3486 1118 3557 oppressionum
1138 3493 1464 3553 nostrarum,
1489 3482 1562 3538 ﬁli
1585 3482 1926 3550 charissime,

329 3574 490 3631 vobis
518 3575 767 3630 oblivisci
793 3591 902 3630 non
933 3575 1204 3642 convenit,
1239 3583 1293 3630 et
1320 3573 1689 3630 calamitatum
1719 3581 1930 3628 nostra-

321 3680 466 3733 rum,
519 3679 656 3734 quas
703 3671 894 3718 sancta
938 3671 1112 3718 mater
1156 3671 1338 3718 vestra
1395 3663 1641 3718 Romana
1687 3661 1931 3718 Ecclesia

321 3751 542 3824 patitur,
577 3759 790 3822 oportet
835 3767 932 3808 vos
979 3751 1277 3817 reminisci,
1329 3758 1384 3806 et
1423 3759 1550 3806 tunc
1597 3751 1815 3806 demum
1859 3749 1929 3805 ad

323 3841 567 3912 aliquam
597 3841 1029 3896 consolationem
1057 3850 1302 3896 nostram
1329 3856 1554 3895 manum
1582 3847 1781 3896 vestrae
1807 3839 1929 3910 pie-

325 3929 454 3984 tatis
473 3930 757 4003 porrigere
790 3939 843 3985 et
871 3930 1129 3985 auxilium
1158 3930 1318 3986 nobis
1346 3929 1594 4000 prmbere
1616 3927 1930 4000 quantocius

324 4018 556 4074 debetis.
591 4018 750 4074 Scitis
786 4035 1021 4090 namque
1051 4036 1194 4090 quae,
1238 4027 1433 4090 quanta
1464 4026 1517 4073 et
1548 4019 1742 4088 qualia,
1789 4033 1930 4088 prae-

321 4107 483 4178 cipue
526 4123 556 4161 a
591 4107 842 4180 paganis,
892 4108 1036 4162 mala
1081 4117 1422 4178 quantasque
1472 4106 1635 4162 etiam
1679 4106 1930 4160 miserias

322 4196 591 4268 patimur;
622 4205 674 4252 et
702 4196 756 4251 in
803 4197 961 4252 nobis
1005 4196 1332 4266 commissis,
1381 4203 1644 4268 quantum
1690 4194 1930 4266 quotidie

323 4283 651 4356 aﬁligamur,
683 4293 736 4341 et
767 4301 863 4341 vos
891 4285 1022 4340 estis
1054 4285 1280 4356 experti,
1307 4293 1359 4341 et
1379 4301 1480 4340 nos
1509 4284 1708 4356 partim
1735 4291 1930 4339 vestrae

324 4373 629 4430 clementia:
675 4373 838 4444 paulo
881 4382 1006 4430 ante
1055 4373 1500 4446 signiﬁcavimus.
1536 4374 1602 4428 Et
1633 4389 1756 4428 cum
1785 4387 1929 4444 quo-

324 4461 460 4519 tidie
489 4463 602 4518 haec
632 4463 822 4518 eadem
853 4464 996 4520 mala
1039 4479 1147 4520 non
1175 4463 1344 4518 minui
1375 4463 1472 4518 sed
1501 4462 1680 4535 magis
1709 4478 1774 4518 ac
1806 4477 1926 4516 ma-

325 4551 416 4624 gis
443 4567 691 4608 crescere
719 4569 782 4608 ac
811 4553 1022 4608 dilatari
1066 4569 1370 4619 cernamus,
1403 4551 1559 4607 dolor
1589 4559 1638 4606 et
1669 4551 1924 4624 gemitus,

325 4656 394 4696 ac
425 4640 542 4696 sine
571 4639 675 4697 fine
703 4641 922 4698 tristitia
951 4642 1216 4708 imminet,
1247 4658 1312 4698 ac
1339 4659 1441 4714 per
1469 4642 1573 4698 hoc
1598 4641 1728 4696 libet
1755 4640 1933 4712 magis

331 4729 495 4795 mori,
523 4747 703 4801 quam,
729 4731 869 4802 proh
889 4730 1072 4786 dolor!
1101 4733 1212 4802 jam
1235 4731 1359 4786 talia
1391 4727 1646 4786 tolerare.
1677 4729 1932 4799 Proinde,

328 4818 586 4890 spiritalis
615 4817 688 4874 ﬁli
727 4836 1053 4892 semperque
1099 4825 1366 4892 Auguste,
1419 4820 1650 4893 gloriam
1695 4828 1936 4875 vestram

329 4923 680 4978 summopere
729 4909 1087 4980 deprecamur
1113 4917 1171 4965 ut
1199 4925 1300 4980 pro
1329 4925 1516 4964 amore
1557 4908 1660 4964 Dei
1689 4908 1938 4979 omnipo-

329 4995 494 5052 tentis
525 5003 578 5051 et
607 4998 912 5053 reverentia
940 4997 1246 5070 principum
1277 4997 1650 5068 apostolorum
1699 4997 1844 5052 Petri
1875 5012 1938 5053 ac

326 5085 479 5140 Pauli
525 5085 775 5142 hostilem
815 5087 878 5159 [Γ.
914 5087 1177 5160 vestrum]
1227 5086 1545 5154 exercitum,
1598 5103 1762 5158 quem
1809 5085 1940 5140 istas

329 5175 388 5230 in
415 5181 600 5246 partes
628 5184 916 5232 venturum
945 5193 1068 5232 esse
1098 5176 1330 5241 dixistis,
1363 5191 1569 5231 moram
1599 5175 1808 5246 perpeti
1829 5191 1940 5230 non

336 5265 560 5330 sinatis,
595 5265 692 5318 sed
737 5281 861 5322 cum
901 5265 1048 5322 omni
1093 5265 1381 5320 velocitate
1429 5260 1497 5319 ad
1545 5264 1804 5319 auxilium
1834 5280 1941 5320 no-

328 5363 521 5423 strum,
571 5370 904 5424 quaesumus,
951 5354 1224 5427 dirigatis,
1256 5361 1329 5421 ut,
1364 5353 1598 5408 Domino
1627 5354 1938 5423 adjuvante,

325 5445 396 5500 ad
446 5443 866 5516 respirationem
908 5451 1154 5500 nostram
1202 5446 1487 5516 Agarenos
1535 5451 1842 5514 expugnet,
1892 5451 1946 5498 et

417 5599 440 5632 ι
466 5598 587 5662 Ejus
613 5597 822 5651 nominis
846 5597 1012 5664 tertio,
1039 5595 1327 5662 cognomine
1349 5596 1541 5651 Crasso.

1957 4510 2011 4571 D

2011 519 2178 567 tatem
2210 511 2390 568 valeat
2417 511 2583 568 ferre.
2613 513 2721 568 Sed
2749 521 2802 568 et
2829 529 2859 568 e
2887 513 3058 569 latere
3087 521 3292 576 vestro,
3315 514 3408 587 qui
3428 514 3610 570 eidem

2011 596 2269 652 exercitui
2295 613 2533 668 prmesse
2561 595 2752 668 possit,
2786 605 2895 652 tam
2927 606 3208 654 strenuum
3238 606 3456 670 tamque
3484 597 3610 653 ido-

2011 702 2174 741 neum
2220 685 2448 741 missum
2489 685 2667 742 modis
2709 685 2960 742 omnibus
3002 687 3267 754 tribuatis,
3301 686 3393 760 qui
3422 695 3476 742 et
3503 687 3611 742 du-

2013 783 2132 830 ctor
2177 775 2446 832 exercitus
2491 775 2661 831 vestri
2707 775 2923 844 existat,
2954 783 3006 832 et
3033 792 3194 848 quam
3235 775 3609 832 defensionem

2012 863 2100 920 vel
2153 864 2479 935 adjutorium
2526 863 2686 920 nobis
2733 863 2958 932 faciant,
3009 864 3127 936 ipse
3173 864 3498 936 praevideat,
3559 871 3614 920 et

2013 953 2277 1026 quidquid
2325 961 2508 1010 vestra
2555 953 2672 1009 vice
2718 961 2801 1009 est
2846 953 3221 1025 peragendum
3273 960 3612 1024 potestateve

2013 1039 2277 1113 perﬁciat.
2321 1042 2574 1114 Alioquin
2616 1057 2729 1098 non
2770 1043 2947 1098 solum
2978 1058 3044 1098 ex
3075 1043 3180 1099 hoc
3225 1041 3466 1098 maxima
3511 1057 3614 1098 ne-

2015 1131 2278 1204 gligentia
2307 1131 2429 1199 erit,
2471 1141 2523 1187 et
2550 1133 2725 1188 omnis
2759 1140 2936 1188 vestra
2975 1132 3178 1187 utilitas
3220 1131 3486 1204 deperiet,
3519 1131 3618 1188 sed

2017 1220 2181 1276 etiam
2217 1221 2516 1276 novissima
2561 1229 2751 1276 nostra
2794 1228 2953 1276 erunt
2993 1221 3179 1292 pejora
3219 1220 3533 1291 prioribus;
3565 1226 3620 1274 et

2016 1324 2133 1379 vos,
2181 1318 2441 1381 quantum
2469 1326 2535 1366 ex
2566 1311 2668 1366 hoc
2716 1309 2961 1366 habeatis
3007 1317 3312 1381 peccatum,
3357 1308 3466 1365 dici
3508 1323 3620 1364 non

2016 1405 2212 1468 potest.
2246 1399 2506 1471 Ideoque
2559 1407 2788 1470 propter
2836 1399 3008 1454 Deum
3067 1397 3365 1454 succurrite
3422 1397 3616 1464 nobis,

2019 1487 2334 1553 succurrite,
2370 1496 2425 1542 ut
2449 1503 2556 1542 non
2605 1487 2788 1543 dicant
2830 1487 2886 1541 in
2927 1486 3154 1542 circuitu
3193 1486 3484 1542 nationes:
3517 1485 3622 1543 Ubi

2019 1583 2102 1630 est
2129 1575 2421 1646 imperator
2467 1575 2696 1632 eorum?
2739 1577 3010 1631 Praeterea
3051 1572 3480 1631 honoriﬁcentia
3519 1589 3620 1630 ve-

2019 1671 2146 1720 strae
2173 1681 2294 1720 cum
2324 1665 2701 1721 benedictione
2725 1663 3025 1736 apostolica
3051 1663 3306 1736 palmam,
3337 1679 3438 1734 per
3457 1678 3619 1734 quam

1947 1752 2240 1843 Bsignum
2286 1753 2446 1808 datur
2492 1752 2753 1820 victoriae,
2805 1769 2935 1808 ecce
2983 1769 3048 1808 ex
3098 1768 3251 1808 more
3297 1750 3616 1820 direximus,

2022 1850 2362 1912 exoptantes,
2393 1841 2928 1914 omnipotentemque
2957 1843 3131 1896 Deum
3163 1841 3540 1912 deprecantes,
3565 1847 3654 1895 ut.

2022 1931 2162 1988 hanc
2209 1947 2332 1987 cum
2375 1931 2556 1988 laetitia
2584 1947 2683 1987 vos
2713 1930 2769 1984 in
2797 1931 2886 1987 die
2914 1937 3077 1986 tantae
3123 1929 3480 1986 solemnitatis
3525 1945 3626 2002 ge-

2023 2028 2166 2075 stare
2197 2017 2357 2076 faciat
2385 2028 2548 2092 atque
2577 2020 2868 2091 permittat.
2899 2021 2967 2074 Et
2995 2020 3064 2074 ad
3092 2019 3334 2074 omnium
3373 2026 3623 2074 nostrum

2023 2109 2310 2164 utilitatem
2339 2117 2392 2164 et
2419 2107 2721 2181 profectum
2749 2124 2912 2164 aures
2941 2107 3374 2179 praecordiorum
3403 2114 3620 2162 vestro-

2023 2214 2144 2252 rum
2174 2197 2432 2254 divinitus
2477 2196 2743 2254 inclinare
2790 2197 3062 2271 dignetur.
3094 2197 3235 2252 Data
3263 2211 3320 2250 tv
3351 2194 3624 2251 Kalendas

2031 2286 2245 2358 Aprilis,
2278 2287 2574 2344 indictione
2603 2303 2722 2343 xrv.

2682 2429 2966 2485 CCCXXI.

2451 2541 2524 2582 AD
2560 2541 2834 2582 DIVERSOS
2871 2541 3190 2582 EPISCOPOS.

2641 2616 2823 2688 (Anno
2854 2618 3002 2687 881.)

2023 2721 2405 2795 Athanasium
2422 2723 2858 2795 Neapolitanum
2873 2726 3218 2795 episcopum,
3241 2719 3338 2795 qui
3355 2735 3498 2792 saepe
3515 2735 3628 2795 mo-

2095 2791 2614 2867 nitus,innnqua'm,
2639 2795 2789 2850 sicut
2806 2791 3168 2867 promiserat,
3189 2791 3369 2864 fcédus
3385 2791 3633 2867 cum__Sa-

2095 2866 2321 2921 racenis
2350 2862 2531 2920 ictum
2559 2862 2824 2938 rumpere
2844 2866 3044 2930 voluit,
3069 2881 3104 2919 a
3124 2862 3196 2919 se
3213 2879 3343 2938 cum
3372 2862 3630 2938 omnibus

2096 2938 2150 2993 ei
2177 2937 2660 2993 consentientibus
2691 2933 3254 2992 excommunicatum
3281 2933 3591 3006 signiﬁcat.

2097 3041 2364 3099 Omnibus
2406 3042 2677 3114 episcopis
2725 3043 2984 3112 Cajetam,
3028 3040 3332 3112 Neapolim,
3385 3040 3628 3110 Capuam

1945 3143 1994 3208 α
2023 3131 2348 3187 Berolassim
2395 3140 2448 3186 et
2496 3131 2782 3197 Amalﬁm,
2829 3132 3196 3186 Beneventum
3245 3136 3297 3184 et
3344 3129 3630 3184 Saternum

2034 3221 2415 3287 incolentibus,
2447 3237 2478 3274 a
2504 3221 2748 3292 paribus.

2104 3309 2240 3379 Quae
2265 3318 2316 3365 et
2337 3318 2544 3382 quanta
2577 3310 2646 3364 ab
2681 3309 2975 3364 Athanasio
2995 3307 3352 3378 Neapolitano
3374 3305 3634 3378 episcopo

2033 3400 2231 3455 Christi
2273 3399 2519 3455 Ecclesia
2562 3399 2797 3470 patiatur
2845 3398 3093 3468 adversa,
3138 3404 3451 3468 optaremus
3479 3394 3636 3450 vobis

2031 3506 2141 3546 non
2172 3505 2295 3544 esse
2324 3489 2584 3555 dicturos,
2618 3487 2722 3542 nisi
2753 3495 2936 3544 essent
2968 3502 3136 3558 supra
3163 3485 3388 3541 modum
3418 3483 3632 3556 gravia.

2031 3580 2174 3634 Ecce
2203 3577 2368 3647 enim,
2402 3586 2459 3632 ut
2487 3577 2592 3649 ipsi
2617 3577 2728 3648 jam
2761 3593 2828 3632 ex
2856 3575 3089 3631 maxima
3129 3582 3282 3646 parte
3323 3589 3432 3629 non
3479 3573 3637 3646 igno-

2031 3669 2184 3734 ratis,
2219 3668 2287 3722 ad
2317 3667 2672 3738 perditionem
2719 3666 2879 3722 totius
2925 3663 3359 3728 Christianitatis,
3393 3679 3424 3717 a
3453 3661 3638 3716 multis

2032 3765 2177 3812 retro
2227 3756 2563 3828 temporibus
2611 3772 2734 3812 cum
2779 3753 2905 3811 ﬁliis
2953 3753 3149 3809 Ismael
3179 3761 3232 3808 et
3263 3753 3381 3808 Deo
3431 3750 3640 3808 scilicet

2031 3845 2320 3902 odibilibus
2371 3845 2660 3902 Saracenis
2707 3852 2929 3916 pactum
2959 3843 3184 3910 faciens,
3229 3858 3444 3898 omnem
3477 3840 3637 3896 istam

2031 3947 2226 3992 terram
2275 3935 2348 3990 ita
2393 3935 2461 3990 ad
2505 3935 2731 3990 nihilum
2781 3933 3011 4005 redegit,
3043 3941 3100 3988 ut
3122 3933 3234 4002 jam
3276 3947 3386 3987 non
3435 3931 3503 3985 sit
3549 3929 3642 4002 qui

2033 4042 2151 4080 eam
2181 4040 2411 4096 prorsus
2442 4025 2720 4078 inhabitet.
2766 4024 2943 4094 Super
2986 4037 3094 4094 quo
3136 4020 3345 4077 scelere
3375 4035 3500 4075 eum
3530 4035 3640 4075 sae-

2029 4113 2253 4184 pissime
2285 4113 2743 4178 commonuimus,
2773 4119 2828 4166 et
2861 4110 3080 4181 corpori
3109 4119 3297 4166 nostro
3327 4107 3642 4164 omnimodo

2030 4218 2138 4257 non
2167 4209 2473 4274 parcentes,
2510 4217 2684 4272 usque
2714 4199 3000 4270 Neapolim
3031 4199 3468 4270 properavimus,
3501 4195 3644 4250 mul-

2029 4298 2248 4364 tumque
2294 4289 2506 4364 argenti
2555 4290 2604 4346 ei
2658 4289 3006 4356 contulimus,
3042 4295 3094 4342 et
3125 4286 3440 4360 rogavimus
3469 4292 3528 4340 ut
3567 4284 3638 4339 ab

2029 4396 2219 4436 eorum
2250 4397 2310 4436 se
2340 4380 2600 4436 societate
2648 4378 2930 4444 divideret,
2974 4384 3032 4432 ut
3078 4377 3300 4432 tandem
3345 4373 3638 4446 aliquando

2031 4469 2382 4541 resipiscens,
2417 4477 2623 4524 tantam
2653 4475 2866 4540 pestem
2895 4466 3120 4522 deleret.
3147 4464 3270 4534 Qui,
3303 4471 3361 4518 ut
3389 4463 3461 4518 ita
3490 4463 3642 4518 dixe-

2032 4560 2154 4627 rim,
2186 4559 2651 4630 importunitatem
2682 4565 2946 4622 nostram,
2981 4557 3108 4612 licet
3144 4553 3289 4622 ﬁcte,
3343 4568 3452 4608 non
3501 4551 3642 4606 tole-

2034 4666 2181 4714 rans,
2207 4649 2457 4720 promisit
2486 4665 2546 4704 se
2575 4649 2647 4704 ita
2690 4663 2813 4704 esse
2861 4645 3147 4710 facturum,
3181 4652 3230 4698 et
3257 4651 3472 4715 pactum
3516 4656 3640 4696 cum

2035 4739 2322 4795 Saracenis
2352 4739 2594 4794 habitum
2643 4738 2963 4799 soluturum,
2999 4735 3100 4790 sub
3130 4750 3192 4790 ea
3221 4733 3482 4788 duntaxat
3511 4746 3643 4786 con-

2035 4829 2239 4884 ditione
2268 4836 2326 4884 ut
2351 4829 2397 4883 si
2428 4829 2690 4898 deinceps
2722 4828 2826 4882 hoc
2855 4825 3002 4880 malo
3034 4841 3094 4880 se
3123 4837 3448 4896 quocunque
3477 4819 3644 4876 modo

2036 4918 2310 4984 misceret,
2347 4925 2401 4972 et
2430 4916 2740 4973 sacerdotio
2783 4921 2929 4970 esset
2955 4913 3198 4986 privatus
3229 4919 3282 4966 et
3311 4909 3647 4967 anathemati

2039 5007 2363 5076 subjaceret.
2417 5007 2544 5076 Sed,
2595 5003 2730 5060 heul
2781 5021 2878 5076 pro
2925 5002 3100 5074 turpis
3148 5001 3283 5058 lucri
3331 4999 3643 5068 commodo,

2039 5096 2186 5168 quod
2217 5095 2284 5150 ab
2312 5095 2446 5166 ipsis
2479 5093 2786 5164 Saracenis,
2819 5094 2888 5148 de
2915 5091 3101 5163 praeda
3131 5106 3322 5147 eorum
3350 5097 3534 5162 partes
3563 5105 3648 5145 re-

2041 5185 2313 5256 cipiendo,
2371 5185 2533 5254 hujus
2587 5181 2962 5256 promissionis
3016 5181 3234 5250 oblitus,
3265 5179 3436 5236 noluit
3465 5179 3646 5236 adim-

2040 5275 2208 5346 plere,
2241 5274 2388 5346 quod
2430 5273 2614 5328 multis
2662 5289 2850 5329 coram
2896 5271 3087 5342 positis
3129 5269 3350 5342 scriptis
3379 5277 3433 5326 et
3463 5267 3646 5326 verbis

2042 5363 2312 5434 promisit.
2345 5364 2581 5420 Rursum
2629 5361 2804 5432 nobis,
2849 5376 2959 5417 non
3001 5361 3202 5418 modici
3239 5359 3452 5434 argenti
3482 5357 3646 5412 adau-

2043 5453 2144 5510 ctis
2188 5452 2542 5525 ponderibus,
2590 5459 2644 5508 et
2690 5451 2834 5524 apud
2881 5451 3126 5522 Cajetam
3178 5445 3641 5524 pervenientibus,
