4086 6304
502 210 605 262 931

1755 203 2054 262 JOANNIS
2101 202 2298 259 PAPE
2353 205 2493 263 V111.

493 345 596 401 per
625 343 753 386 suos
798 329 1012 403 legatos
1041 329 1092 386 ei
1119 329 1497 386 mandavimus
1525 338 1584 385 ut
1612 330 1659 385 si
1689 331 1826 386 intra
1871 329 2094 402 triginta
2115 327 2171 386 A
2199 328 2466 400 imperiali
2511 331 2828 386 Ravennam
2871 330 3163 398 asciscere,
3196 338 3250 386 et
3279 331 3489 388 nobiles
3534 331 3685 388 cives
3713 331 3802 404 ip-

496 418 708 474 dierum
755 419 924 490 spatia
969 435 1094 474 cum
1141 419 1432 476 Saracenis
1477 419 1721 474 habitum
1769 418 1946 474 foedus
1989 433 2099 474 non

497 515 794 579 rumperet,
827 515 920 563 aut
949 523 1016 564 ea
1043 525 1166 581 qua
1205 509 1366 565 nobis
1411 509 1830 583 tergiversando
1859 507 2101 564 abstule-

497 603 603 667 rat,
632 612 738 652 non
771 597 1240 667 retransmitteret,
1275 605 1462 654 nostro
1486 597 1692 668 judicio
1721 597 1918 653 iterum
1965 613 2098 652 sen-

497 685 742 750 tentiam,
776 701 938 758 quam
967 686 1084 758 ipse
1106 687 1162 741 in
1181 703 1242 742 se
1262 687 1499 758 pertulit,
1531 702 1756 758 prorsus
1786 687 2095 757 exciperet;

498 775 597 830 sed
627 781 734 830 tam
768 775 915 830 varia
939 775 1243 844 juramenta
1275 792 1437 848 quam
1467 775 1742 830 absolutas
1772 774 2097 847 promissio-

495 879 596 918 nes
625 871 982 934 postponens,
1012 881 1114 920 nos
1143 865 1211 920 de
1241 865 1328 920 die
1357 865 1410 919 in
1441 864 1585 920 diem
1623 864 1842 933 delusit,
1876 871 1931 920 et
1963 863 2097 920 foris

495 952 748 1008 omnibus
777 952 1072 1024 dissipatis,
1114 953 1258 1008 intus
1304 969 1436 1010 vero
1482 970 1584 1026 per
1631 970 1780 1008 suam
1827 953 2098 1010 callidita-

496 1049 606 1096 tem
635 1041 820 1096 multis
851 1042 1052 1098 nostris
1082 1041 1297 1108 ablatis,
1329 1043 1596 1100 hactenus
1638 1059 1739 1100 nec
1770 1059 1894 1099 cum
1927 1043 2098 1098 Sara-

496 1129 646 1186 cenis
677 1130 920 1185 habitum
948 1139 1164 1202 pactum
1191 1131 1460 1198 dissolvit,
1491 1147 1595 1188 nec
1624 1131 1868 1204 reliquia
1888 1131 1989 1186 Dei
2009 1147 2103 1202 po-

496 1219 606 1290 puli
635 1218 802 1275 voluit
829 1219 1095 1275 misereri.
1129 1218 1272 1288 Quin
1301 1220 1481 1291 potius
1511 1237 1636 1277 cum
1684 1220 1819 1292 ipsis
1861 1235 2098 1277 conver-

496 1322 642 1373 sans,
675 1307 744 1362 de
773 1307 904 1378 ipsis
933 1307 1091 1362 malis
1120 1307 1174 1362 in
1203 1308 1361 1380 pejus
1401 1308 1592 1376 crevit,
1625 1316 1678 1364 et
1708 1308 1808 1364 Dei
1838 1309 2100 1364 mandata

497 1403 870 1465 contemnens,
911 1397 1200 1452 sacerdotii
1231 1397 1399 1452 etiam
1434 1397 1516 1452 sui
1549 1397 1764 1464 oblitus,
1798 1414 1908 1454 non
1929 1397 2105 1454 solum

496 1484 687 1540 similis
716 1485 824 1540 illis
855 1483 1080 1542 effectus
1110 1494 1212 1552 est,
1247 1487 1342 1542 sed
1375 1486 1539 1542 etiam
1560 1487 1616 1541 in
1636 1487 1818 1542 multis
1839 1487 2094 1542 deterior.

495 1573 666 1642 Hujus
697 1574 777 1630 rei
805 1575 984 1646 gratia
1013 1575 1158 1646 apud
1190 1575 1404 1630 beatum
1435 1576 1654 1630 Petrum
1683 1576 1986 1647 apostolum
2017 1593 2101 1648 sy-

2203 417 2334 488 sius,
2367 417 2524 474 nobis
2569 418 2907 487 inconsultis,
2957 435 3092 475 ausu
3136 420 3429 476 temerario
3477 419 3803 493 distringere

2200 507 2496 563 enormiter
2533 508 2782 580 coegisti,
2816 509 3095 576 miramur,
3128 525 3194 565 eo
3225 509 3367 582 quod
3413 516 3466 565 te
3507 509 3802 566 adversum

2201 604 2346 652 tuam
2378 597 2795 668 promissionem
2819 598 3167 668 jurejurando
3197 613 3384 655 coram
3416 598 3576 654 nobis
3598 606 3651 654 et
3672 598 3804 654 sede

2199 685 2499 757 apostolica
2545 685 2848 758 prolatam,
2899 687 3112 758 penitus
3161 687 3342 761 egisse
3388 687 3797 761 cognoscimus.

2200 774 2302 830 Pro
2345 791 2451 848 quo
2497 775 2751 830 nimirum
2783 783 2836 831 te
2866 776 3025 832 valde
3073 791 3267 832 cavere
3313 784 3548 848 oportet,
3582 793 3651 832 ne
3697 792 3804 848 pro

2198 863 2395 919 talibus
2426 871 2512 919 tua
2533 864 2800 920 sententia
2821 865 2966 920 velut
2986 873 3452 938 transgressorem
3478 865 3799 922 ulciscatur.

2198 953 2312 1008 Nos
2341 952 2487 1008 enim
2519 961 2572 1009 te
2598 969 2826 1027 gregem
2871 954 3088 1009 Domini
3132 969 3378 1026 pascere,
3413 970 3523 1010 non
3574 962 3802 1026 pertur-

2197 1041 2360 1110 bare;
2409 1041 2648 1108 salvere,
2701 1050 2753 1098 et
2797 1058 2908 1098 non
2951 1042 3185 1114 perdere
3232 1043 3538 1100 statuimus.
3594 1044 3804 1099 Tamen

2197 1147 2324 1186 cum
2351 1132 2620 1201 nos,-Deo
2649 1131 2886 1199 volente,
2917 1131 3167 1203 Neapoli,
3194 1149 3303 1205 quo
3333 1149 3474 1190 nunc
3502 1131 3802 1204 proﬁcisci-

2196 1236 2333 1286 mur,
2386 1219 2650 1276 fuerimus
2695 1221 2935 1289 reversi;
2987 1229 3039 1276 et
3083 1228 3173 1276 aut
3220 1229 3296 1287 tu,
3343 1222 3640 1278 secundum
3690 1237 3799 1278 no-

2197 1315 2368 1364 stram
2397 1309 2492 1364 tibi
2513 1309 2818 1379 jussionem
2856 1311 3139 1378 directam,
3187 1311 3410 1367 Romam
3441 1311 3674 1380 veneris,
3703 1319 3806 1367 aut

2196 1415 2298 1454 nos
2339 1397 2426 1454 vel
2467 1399 2666 1454 missus
2710 1407 2894 1455 noster
2939 1400 3069 1455 istas
3113 1399 3170 1454 in
3213 1407 3398 1471 partes
3444 1399 3792 1471 venerimus,

2195 1487 2494 1559 plenariam
2535 1488 2604 1543 de
2635 1489 2888 1544 omnibus
2918 1505 3038 1560 qua
3066 1496 3171 1544 tua
3201 1489 3464 1545 Ecclesia
3510 1504 3794 1562 cognove-

2197 1575 2368 1631 rimus
2394 1593 2517 1632 esse
2546 1577 2858 1632 necessaria
2881 1577 3144 1652 justitiam
3165 1577 3480 1633 omnimodo
3509 1576 3792 1633 faciemus.

495 1662 690 1719 nodice
718 1663 773 1718 in
801 1679 928 1719 eum
971 1665 1296 1720 sententiam
1343 1665 1685 1736 protulimus,
1721 1673 1774 1720 et
1801 1681 1920 1720 cum
1971 1681 2096 1720 om-
2125 1689 2178 1749 Β
2199 1664 2465 1720 Defuncto
2487 1673 2746 1736 praterea
2767 1665 3029 1722 Ecclesia
3045 1666 3353 1722 Faventina
3370 1665 3800 1738 episcopo,pra«

494 1751 656 1806 nibus
685 1751 788 1806 sibi
819 1753 1284 1809 consentientibus
1315 1753 1430 1809 sive
1459 1753 1767 1810 faventibus
1803 1753 1952 1809 omni
1999 1769 2096 1808 ec-

493 1840 802 1897 clesiastica
829 1841 1208 1898 communione
1257 1842 1358 1897 sub
1404 1843 1763 1898 anathematis
1801 1841 2096 1914 interposi-

493 1929 640 1986 tione
668 1930 1024 2002 privavimus.
1070 1931 1264 1987 Modus
1305 1939 1482 1987 autem
1525 1929 2098 1987 excommunicationis

495 2018 585 2075 hic
650 2027 733 2074 est
793 2037 806 2072 :
876 2020 1231 2075 Athanasium
1293 2020 1713 2092 Neapolitanum
1780 2021 2097 2092 episcopum

496 2107 796 2180 sapissime
831 2108 1312 2178 admonitionibus,
1345 2117 1398 2164 et
1424 2109 1608 2164 multis
1638 2109 1853 2182 argenti
1882 2109 2096 2180 ponde-

495 2196 648 2252 ribus
686 2197 868 2268 datis,
938 2205 996 2253 ut
1030 2206 1248 2270 pactum
1314 2213 1438 2256 cum
1504 2199 1790 2255 Saracenis
1853 2199 2094 2254 habitum

495 2285 881 2357 disrumperet,
913 2287 1314 2344 admonuimus.
1350 2288 1445 2343 Ille
1474 2296 1654 2343 autem
1701 2287 1846 2344 idem
1876 2296 2096 2360 pactum

495 2391 555 2430 se
597 2375 911 2432 omnimodo
959 2376 1260 2432 soluturum
1289 2377 1442 2432 etab
1473 2393 1662 2432 eorum
1711 2377 1968 2433 societate
2010 2393 2098 2434 se-

492 2471 805 2536 paraturum
855 2481 977 2520 esse
1023 2467 1346 2537 promittens
1375 2466 1478 2521 sub
1507 2483 1570 2521 ea
1598 2465 1927 2535 conditione,
1960 2474 2018 2520 ut
2049 2466 2097 2521 si

493 2552 674 2609 denuo
723 2569 846 2609 cum
892 2553 1001 2609 illis
1051 2554 1295 2626 quolibet
1340 2555 1502 2611 modo
1551 2553 1730 2611 foedus
1779 2555 2092 2622 habuisset,

493 2642 639 2696 omni
667 2651 814 2698 esset
845 2643 1166 2700 sacerdotali
1215 2645 1425 2700 honore
1475 2645 1720 2716 privatus
1767 2652 1820 2700 et
1861 2644 2094 2700 anathe-

491 2731 811 2799 matizatus;
863 2733 960 2787 sed
1013 2733 1130 2789 hac
1177 2733 1361 2788 omnia
1407 2734 1912 2806 parvipcndentem,
1945 2741 1998 2788 et
2025 2733 2096 2788 ad

490 2819 853 2892 perditionem
902 2821 1334 2876 Christianorum
1363 2839 1487 2877 cum
1517 2822 1597 2878 eis
1625 2830 1836 2893 pactum
1879 2823 2094 2878 haben-

494 2917 624 2976 tem,
659 2917 710 2965 et
739 2925 840 2965 nos
871 2910 1172 2981 sapissime
1203 2910 1572 2976 deludentem,
1604 2919 1658 2966 et
1687 2912 1755 2967 de
1784 2912 1966 2982 prada
1995 2927 2094 2967 eo-

493 3014 614 3054 rum
655 3006 868 3069 partem
907 2999 1282 3072 recipientem,
1310 2999 1516 3069 judicio
1545 3009 1599 3056 et
1627 3001 1948 3056 auctoritate
1993 2999 2096 3056 Dei

2197 1753 2430 1808 vidimus
2478 1755 2621 1809 hunc
2667 1753 3009 1810 Dominicum
3056 1754 3424 1810 venerabilem
3457 1754 3799 1810 archidiaco-

2193 1859 2344 1911 num,
2395 1842 2542 1897 sedis
2589 1842 2760 1913 ipsius
2806 1843 3015 1898 honore
3063 1843 3360 1914 episcopali
3407 1843 3633 1917 dignum
3677 1843 3799 1898 exi-

2195 1938 2360 1986 stere.
2395 1932 2510 1986 Hoc
2541 1931 2876 1987 auctoritatis
2907 1939 3108 1988 nostra
3145 1940 3344 1988 statuto
3374 1933 3624 2004 praesenti
3653 1932 3798 1988 dile-

2195 2019 2358 2075 ctioni
2403 2027 2506 2076 tua
2553 2019 2902 2092 pracipimus
2947 2029 3023 2092 ut,
3072 2021 3282 2094 absque
3331 2021 3490 2078 omni
3523 2037 3677 2077 mora
3707 2021 3796 2078 vel

2195 2109 2569 2180 protelatione,
2599 2110 2849 2166 eumdem
2880 2109 3321 2166 archidiaconum
3352 2111 3574 2166 studeas
3600 2127 3800 2167 secun-

2195 2197 2325 2252 dum
2369 2214 2574 2254 morem
2625 2198 2942 2270 episcopum
2989 2215 3328 2256 consecrare.
3371 2201 3508 2255 Nam
3539 2199 3585 2254 si
3613 2200 3796 2272 aliqua

2193 2287 2501 2343 temeritate
2544 2288 2898 2358 depravatus,
2946 2289 3050 2344 hoc
3099 2297 3284 2345 contra
3329 2297 3434 2345 tua
3487 2287 3796 2360 sponsionis

2189 2376 2510 2446 juratoriam
2553 2375 2808 2449 paginam
2855 2363 3274 2448 praesentialiter
3319 2377 3500 2434 facere
3546 2386 3793 2434 contem-

2195 2464 2389 2537 pseris,
2422 2481 2522 2536 pro
2551 2473 2698 2520 certo
2728 2463 2872 2521 scias
2901 2465 3025 2538 quia
3055 2482 3156 2521 nos
3187 2466 3355 2538 ipsius
3404 2466 3664 2523 Ecclesia
3695 2481 3794 2522 cu-

2195 2569 2310 2608 ram
2340 2561 2392 2609 et
2439 2553 2856 2610 sollicitudinem
2905 2554 3194 2625 habentes,
3238 2556 3351 2625 jam
3397 2554 3568 2610 fatum
3610 2555 3793 2610 archi-

2195 2642 2485 2698 diaconum
2515 2643 2584 2698 ad
2614 2659 2714 2698 nos
2745 2659 2812 2698 ex
2839 2651 3026 2698 nostra
3054 2643 3420 2716 praceptione
3445 2643 3589 2701 illico
3617 2659 3798 2700 rever-

2195 2739 2398 2788 tentem
2427 2732 2742 2804 episcopum
2772 2733 3234 2789 consecrabimus.
3268 2733 3407 2788 Data
3436 2737 3502 2790 ut
3528 2750 3721 2806 supra.

2825 2822 3156 2878 CCCXXIII.

2319 2925 2391 2966 AD
2433 2924 2706 2967 ROMANI!!!
2743 2925 3221 2968 ARCHIEPISCOPUH
3268 2925 3664 2969 ιιΑνΕΝΝΑτεΠ.

2816 2999 2999 3073 (Anno
3032 3001 3180 3072 881.)

493 3055 878 3160 omnipotentis
900 3130 914 3159 ,
966 3055 1042 3144 et‘
1071 3055 1357 3146 beatorum
1413 3089 1778 3161 apostolorum
1833 3089 1977 3146 Petri
2031 3105 2096 3146 ac
2121 3055 2172 3119 Ο
2193 3089 2396 3164 Arguit
2427 3089 2727 3164 cumquod
2755 3055 2995 3146 alterius
3028 3055 3341 3162 legitimam
3371 3105 3612 3164 uxorem
3659 3107 3792 3164 rap-
3877 3129 3888 3136 -

492 3175 640 3232 Pauli
669 3177 828 3233 simul
858 3185 911 3233 et
940 3185 1146 3246 nostra,
1171 3194 1295 3235 cum
1325 3179 1576 3234 omnibus
1605 3179 1926 3252 sequacibus
1956 3178 2090 3246 suis,

492 3273 545 3321 et
601 3266 748 3322 omni
804 3266 1178 3324 ecclesiastica
1233 3269 1616 3324 communione
1667 3269 1947 3340 privamus
1967 3312 1980 3336 ,
2040 3276 2094 3324 et

491 3343 777 3427 quousque
807 3371 869 3411 se
895 3355 967 3411 ab
995 3356 1128 3428 ipsis
1159 3357 1447 3413 Saracenis
1477 3357 1693 3428 penitus
1735 3357 2090 3428 separaverit,

490 3442 639 3499 velut
667 3444 828 3500 totius
878 3444 1292 3501 Christianitatis
1337 3445 1617 3502 inimicum
1663 3446 2093 3503 anathematiza-

490 3548 635 3590 mus.
667 3533 805 3590 Data
833 3550 1024 3590 mense
1052 3534 1246 3606 Aprili,
1277 3534 1572 3592 indictione
1601 3551 1720 3591 xlv.

1135 3687 1445 3744 CCCXXII.

625 3786 700 3829 AD
737 3790 1010 3831 ROMANI}!
1047 3790 1523 3833 ARCHIEPISCOPUM
1560 3791 1964 3835 RAVENNATEH.

1113 3865 1294 3936 (Anno
1325 3866 1474 3937 881.)

494 3953 696 4027 Arguit
725 3953 868 4026 quod
897 3954 1218 4011 Albericum
1247 3957 1511 4014 comitem
1538 3959 1863 4014 Ravennam
1884 3959 2095 4015 ascive-

564 4026 669 4102 ru,
699 4030 758 4081 et
798 4027 1012 4102 nobiles
1057 4028 1408 4102 Ravennates
1453 4033 1653 4102 contra
1683 4031 2095 4102 jusjurandum

563 4097 672 4174 sibi
705 4099 1030 4174 prastitum
1077 4101 1355 4174 vexarit:
1387 4117 1516 4156 cum
1564 4097 1796 4174 Neapoli
1841 4118 2096 4158 reversus

561 4169 762 4244 fuerit,
795 4170 881 4224 ait
901 4187 1062 4244 seca
1089 4173 1282 4227 omnia
1309 4176 1650 4228 curaturum
1674 4169 1698 4228 Ξ
1717 4174 1880 4244 jubet
1899 4175 2093 4230 Domi-

563 4241 764 4295 nicum
790 4241 1256 4318 archidiaconum
1295 4244 1622 4300 Faventino:
1656 4241 1921 4301 Ecclesiae
1949 4245 2096 4318 epis-

567 4327 771 4384 copum
799 4313 1140 4368 consecrari.

565 4417 808 4474 ΒοιίΑΝο
839 4417 1253 4490 archiepiscopo
1282 4419 1601 4474 Ravennati.

562 4506 644 4562 Ea
671 4522 794 4578 qua
822 4513 1007 4562 nostro
1036 4507 1350 4578 prasulatui
1371 4523 1469 4578 pro
1490 4508 1716 4565 utilitate
1735 4518 1788 4566 et
1809 4527 2095 4569 neccessa-

491 4593 569 4650 ria
612 4602 813 4652 sancta
859 4594 1188 4652 Ravennatis
1233 4595 1498 4652 Ecclesia
1543 4597 1885 4656 restitutione
1925 4602 2095 4673 perﬁ-

492 4684 685 4742 cienda
725 4684 1015 4754 mandasti,
1048 4683 1280 4740 lucifluis
1327 4692 1734 4743 antecessorum
1780 4699 2096 4746 nostrorum

491 4772 772 4830 informati
799 4773 1086 4845 exemplis,
1110 4789 1413 4846 congruum
1445 4783 1499 4831 et
1525 4786 1890 4849 Opportunum
1916 4779 2096 4836 eidem

491 4862 755 4918 Ecclesia
795 4863 1031 4919 libenter
1076 4863 1356 4932 volumus,
1387 4865 1504 4922 Deo
1551 4865 1798 4935 favente,
1849 4869 2096 4940 prabere

492 4950 748 5007 solatium
805 4959 860 5007 et
915 4950 1248 5008 defensionis
1297 4953 1588 5026 auxilium,
1647 4956 1920 5028 pracipue
1969 4975 2093 5015 cum

489 5039 662 5112 ipsius
691 5055 792 5096 nos
821 5040 920 5096 tibi
947 5041 1298 5098 commissum
1327 5044 1623 5101 habeamus
1671 5046 1939 5120 regimen.
1985 5049 2094 5105 Sed

489 5127 618 5202 quia
645 5128 800 5184 multi
839 5130 1102 5186 nobilium
1146 5133 1538 5190 Ravennatium
1582 5135 1790 5192 crebris
1831 5137 2096 5194 duntaxat

489 5217 846 5291 querimoniis
901 5220 1242 5292 apostolatus
1288 5223 1458 5279 nostri
1507 5239 1672 5282 aures
1718 5226 1935 5297 pulsare
1984 5243 2094 5284 non

487 5307 761 5375 desinunt,
811 5309 957 5366 circa
1005 5317 1059 5366 te
1107 5311 1410 5369 clementia
1458 5322 1662 5371 nostra
1710 5315 2094 5373 benevolentia

486 5404 761 5454 commota
797 5415 908 5456 non
952 5399 1226 5458 immerito
1273 5402 1518 5459 habetur.
1567 5405 1705 5460 Nam
1728 5448 1742 5472 ,
1791 5414 1848 5461 ut
1896 5416 2093 5464 catera

487 5486 818 5559 omittamus,
854 5489 983 5560 quia
1010 5489 1326 5548 Albericum
1357 5492 1611 5550 comitem
1653 5493 1812 5566 quasi
1841 5511 1908 5552 ex
1933 5503 2092 5568 parte

2269 3161 2376 3219 tori
2410 3161 2564 3217 tradi
2592 3161 2960 3226 consenserit,
3001 3165 3058 3217 et
3085 3161 3362 3219 Romaan
3391 3163 3655 3220 Ecclesia:
3680 3161 3788 3217 au-

2265 3249 2360 3288 sus
2387 3234 2564 3304 fuerit
2624 3232 2946 3297 adversari;
2977 3233 3077 3288 has
3097 3233 3158 3289 ob
3179 3250 3381 3290 causa:
3409 3237 3577 3292 illum
3604 3251 3641 3288 a
3667 3249 3795 3288 con-

2265 3303 2518 3377 ferendis
2573 3305 2755 3377 sacris
2813 3304 3108 3377 ordinibus
3164 3307 3476 3377 suspendit,
3532 3307 3702 3362 donec
3760 3319 3795 3358 α

2266 3374 2488 3446 synodo,
2523 3374 2595 3452 ad
2624 3391 2794 3446 quam
2823 3391 2954 3432 eum
2991 3375 3156 3448 jubet
3200 3374 3412 3446 venire,
3459 3380 3581 3452 ejus
3621 3391 3795 3430 causa

2265 3449 2653 3517 cegnoscatur.

2264 3540 2505 3596 ROMANO
2534 3541 2945 3613 archiepiscopo
2985 3543 3305 3611 Ravennati,
3337 3541 3504 3598 missa
3531 3558 3633 3614 per
3660 3540 3794 3598 Del-

2193 3636 2378 3686 tonem
2407 3629 2777 3686 venerabilem
2809 3631 3145 3702 episcopum.

2266 3719 2414 3774 Inter
2441 3727 2636 3775 catera
2665 3736 2786 3792 qua
2813 3719 2882 3776 de
2910 3727 2964 3776 te
2991 3721 3314 3788 audivimus,
3345 3719 3572 3778 veniens
3615 3721 3794 3777 Deus—

2195 3807 2344 3863 dedit
2371 3807 2478 3864 dux
2511 3808 2690 3864 retulit
2729 3809 2888 3864 nobis
2934 3809 3079 3881 quod
3128 3826 3350 3866 uxorem
3394 3809 3559 3880 illius,
3590 3810 3660 3866 de
3689 3824 3796 3882 qua

2195 3895 2450 3970 legaliter
2481 3896 2766 3952 diﬂinitum
2797 3905 2900 3966 est,
2936 3899 3006 3954 ad
3036 3906 3088 3954 te
3117 3899 3309 3955 callide
3337 3899 3526 3956 venire
3547 3898 3792 3964 fecisses,

2197 3993 2250 4042 et
2278 3986 2434 4043 alteri
2477 3987 2593 4043 viro
2640 3987 2846 4060 raptori
2875 3987 2930 4043 in
2960 3996 3148 4060 stupro
3197 3989 3380 4061 utique
3423 3989 3744 4045 tradidisses
3777 4004 3792 4044 :

2196 4076 2341 4148 quod
2394 4075 2645 4132 nimirum
2695 4077 2830 4132 tanti
2875 4077 3064 4150 ﬂagitii
3109 4079 3288 4134 scelus
3328 4085 3401 4146 te,
3447 4079 3599 4148 juxta
3648 4086 3794 4134 tuum

2195 4164 2574 4232 ministerium,
2627 4165 2956 4222 omnimodis
3001 4167 3292 4238 prohibere
3328 4183 3390 4223 ac
3418 4166 3658 4222 funditus
3703 4183 3796 4223 re-

2197 4269 2385 4312 secare
2415 4255 2702 4326 Oportebat
2734 4273 2748 4310 :
2781 4263 2835 4311 tu
2861 4264 3042 4312 autem
3071 4272 3400 4312 consensum
3436 4256 3620 4312 illicite
3649 4271 3796 4327 pra-

2198 4342 2381 4398 buisti.
2413 4345 2806 4418 Cognoscimus
2836 4345 2996 4400 etiam
3023 4345 3204 4401 multis
3241 4345 3456 4402 indiciis
3486 4346 3632 4418 quod
3660 4361 3796 4400 ausu

2120 4419 2174 4480 D
2199 4432 2488 4488 temerario
2517 4441 2709 4490 contra
2739 4441 2981 4490 sanctam
3011 4442 3064 4490 et
3093 4432 3369 4490 dominam
3413 4441 3560 4490 tuam
3593 4435 3796 4490 Roma-

2195 4537 2324 4578 nam
2352 4521 2660 4578 Ecclesiam
2701 4523 3067 4590 recalcitrare,
3103 4532 3154 4579 et
3181 4531 3369 4580 contra
3396 4531 3502 4580 tua
3525 4522 3798 4592 juratoria

2197 4611 2508 4684 sponsionis
2537 4620 2781 4668 tenorem
2818 4612 3248 4669 luculentissime
3276 4630 3442 4688 agere
3488 4613 3796 4668 nullatenus

2195 4699 2474 4756 dubitasti.
2507 4701 2662 4757 Unde
2691 4701 3008 4758 auctoritate
3031 4701 3130 4758 Dei
3160 4710 3213 4758 et
3241 4702 3387 4758 beati
3415 4701 3556 4758 Petri
3584 4709 3800 4758 nostra-

2197 4805 2302 4862 que
2331 4789 2427 4844 tibi
2465 4789 2834 4861 pracipimus,
2883 4797 2936 4845 et
2982 4790 3236 4862 prasenti
3279 4797 3478 4846 statuto
3518 4790 3794 4860 iubemus,

2195 4886 2254 4934 ut
2299 4879 2502 4935 nullam
2549 4879 2772 4935 omnino
2819 4879 3213 4936 sacerdotalem
3256 4880 3652 4936 ordinationem
3699 4895 3796 4951 pro

2196 4967 2410 5035 talibus,
2444 4967 2639 5041 quibus
2677 4984 2738 5024 es
2782 4967 3040 5036 irretitus,
3083 4968 3416 5039 criminibus,
3450 4968 3628 5025 facere
3659 4983 3797 5042 quo-

2195 5057 2470 5129 quomodo
2499 5073 2823 5128 prasumas,
2855 5057 3030 5114 donec
3050 5073 3149 5112 vm
3169 5057 3397 5114 Kalend.
3431 5057 3688 5114 Octobris
3716 5056 3800 5113 fu-

2195 5155 2330 5202 tura
2357 5145 2558 5218 quinta
2585 5146 2815 5203 decima
2845 5145 3173 5214 indictionis,
3207 5147 3277 5202 ad
3309 5147 3577 5219 synodum
3609 5161 3792 5219 quam,

2193 5237 2310 5291 Deo
2339 5234 2574 5303 favente,
2606 5251 2708 5307 pro
2737 5235 3126 5292 ecclesiasticis
3164 5235 3418 5292 videlicet
3461 5235 3792 5303 utilitatibus,

2194 5324 2495 5380 secundum
2551 5333 2866 5382 sanctorum
2924 5325 3144 5381 Patrum
3202 5333 3402 5381 statuta
3468 5323 3794 5382 celebraturi

2193 5414 2411 5480 erimus,
2460 5413 2607 5470 omni
2656 5414 2954 5486 postposita
3002 5414 3292 5472 occasione
3312 5459 3325 5483 ,
3359 5414 3544 5472 venire
3592 5430 3794 5487 procu-

2191 5519 2316 5571 res;
2349 5511 2614 5576 quatenus
2657 5503 2908 5576 synodali
2951 5503 3176 5562 decreto
3205 5521 3289 5574 ea,
3321 5521 3442 5578 qua
3469 5504 3539 5561 de
3571 5513 3622 5561 te
3650 5505 3794 5561 didi-
