4086 6314
296 250 400 303 933

1574 239 1929 298 EPISTOLE
1974 240 2063 295 ET
2120 243 2445 300 DECRETA
2457 286 2469 298 .

3510 229 3615 304 sit

300 371 503 437 cimus,
537 368 861 439 examinata,
894 369 1215 426 canonicum
1238 368 1403 425 ﬁnem
1434 366 1754 439 percipiant.
1779 364 1975 426 DataA
1993 374 2153 422 aucto
2170 367 2346 436 ritate,
2383 375 2682 441 nostroque
2708 370 3009 440 apostolico
3030 372 3174 440 jure,
3204 379 3257 427 te
3287 386 3610 428 excommu-

303 463 372 515 ut
398 475 597 532 supra.

947 548 1279 605 CCCXXIV.

909 652 981 692 AD
1045 652 1298 693 EUMDEU.

928 728 1110 797 (Anno
1140 725 1287 796 881).

308 835 471 891 Iubet
490 833 854 890 Placentinos
874 834 1126 901 clericos,
1142 848 1274 905 quos
1286 833 1410 887 sine
1426 828 1907 905 commendatitiis

387 906 598 961 litteris
615 905 685 959 ad
701 921 831 959 eum
845 901 1237 976 confugientes
1258 906 1586 976 receperat,
1608 901 1682 976 ad
1713 916 1909 976 eorum

380 976 703 1049 episcopum
714 977 935 1049 remitti
954 972 972 1042 ξ
995 972 1246 1049 eiusdem
1263 972 1439 1049 etiam
1457 972 1720 1049 Ecclesia:
1749 972 1911 1049 clari-

380 1043 470 1103 εδδ
502 1043 726 1116 absolvi,
752 1047 925 1102 donec
955 1043 1085 1102 cum
1106 1048 1185 1101 eis
1215 1046 1287 1101 ad
1324 1044 1601 1116 synodum
1632 1043 1839 1098 veniat.

379 1152 859 1208 Reverendissimo
892 1159 947 1207 et
975 1152 1323 1208 sanctissimo
1352 1150 1594 1205 ROMANO
1634 1146 1908 1218 archiepi-

309 1256 477 1312 scopo
508 1241 823 1296 Ravennati.

380 1330 528 1384 Inter
557 1338 781 1385 cateras
809 1329 1009 1400 proprii
1026 1328 1269 1393 aﬁ‘ectus,
1289 1326 1530 1382 rationes
1551 1325 1905 1397 incongruas,

311 1417 508 1490 quibus
537 1418 773 1489 teipsum
811 1418 1050 1489 quotidie
1097 1426 1278 1472 mente
1325 1414 1632 1486 improvida
1672 1415 1909 1470 insertiri

309 1505 375 1579 [Γ.
408 1506 626 1580 irretiri]
656 1523 766 1561 non
802 1507 1039 1572 dubitas,
1093 1506 1258 1561 Paulo
1303 1504 1639 1560 charissima
1684 1504 1909 1561 Placen-

309 1595 436 1650 tina
457 1596 717 1651 Ecclesia
747 1595 983 1651 antistite
1032 1595 1099 1649 ad
1147 1611 1308 1649 aures
1356 1592 1693 1663 apostolatus
1740 1594 1911 1649 nostri

2006 455 2271 521 nicamus,
2303 465 2363 511 ut
2390 457 2542 513 nullo
2567 458 2732 514 modo
2760 458 2966 514 habeas
2994 459 3268 516 licentiam
3309 459 3515 533 aliquid
3543 460 3615 516 de

2008 545 2306 617 episcopali
2348 545 2528 603 Ofﬁcio
2575 563 2860 620 peragere,
2907 556 2998 603 aut
3044 549 3220 620 ipsam
3254 549 3611 605 Faventinam

2006 633 2314 690 Ecclesiam
2345 637 2729 708 quoquomodo
2761 636 3039 703 invadere,
3063 654 3240 709 neque
3260 638 3317 693 in
3334 638 3608 710 plebibus,

2007 723 2095 777 vel
2123 724 2304 791 rebus,
2349 740 2447 779 seu
2496 725 2805 781 hominibus
2848 726 3021 797 ipsius
3062 727 3349 794 Ecclesia,
3385 726 3610 800 aliquod

2007 811 2309 867 dominium
2334 828 2503 886 agere
2546 830 2870 885 prasumas,
2914 830 3199 887 usquequo
3245 831 3368 871 cum
3413 816 3611 872 eodem

2008 899 2255 957 Romano
2293 902 2708 974 archiepiscopo
2746 912 2858 965 tuo,
2917 904 3156 977 (aliquid
3198 904 3374 973 deest)
3422 912 3613 960 octavo

2009 988 2283 1045 Kalendas
2312 990 2566 1047 Octobris
2607 1008 2789 1063 quam,
2839 994 2955 1047 Deo
3002 992 3238 1060 favente,
3284 992 3614 1048 celebraturi

2007 1079 2194 1133 Roma
2230 1078 2456 1145 erimus,
2507 1088 2651 1134 tuam
2700 1080 2997 1151 specialem
3043 1081 3210 1136 rebus
3255 1081 3610 1152 prasentiam

2009 1166 2269 1222 exhibere
2311 1184 2592 1238 procures.
2643 1170 2780 1223 Nam
2829 1170 2875 1223 si
2936 1178 3129 1225 contra
3175 1171 3320 1226 hanc
3367 1178 3613 1226 nostram

2009 1255 2368 1326 apostolicam
2418 1257 2741 1328 jussionem,
2789 1266 2842 1313 et
2894 1266 3019 1329 post
3062 1259 3224 1328 hujus
3269 1267 3473 1315 nostra
3518 1276 3614 1315 ex-

2010 1345 2516 1401 communicationis
2547 1346 2889 1413 sententiam,
2922 1347 3129 1418 aliquid
3157 1348 3227 1403 de
3256 1347 3377 1419 ipso
3396 1348 3613 1419 episco-

2008 1432 2119 1503 pali
2150 1433 2448 1489 ministerio
2477 1451 2643 1507 agere
2670 1436 3104 1507 prasumpseris,
3139 1437 3225 1491 vel
3271 1436 3327 1490 in
3357 1437 3613 1491 omnibus

2012 1538 2133 1592 qua
2163 1523 2233 1576 ad
2263 1523 2516 1578 eumdem
2559 1524 2931 1595 episcopatum
2979 1525 3269 1596 pertinent,
3322 1525 3612 1581 temerario

2009 1619 2062 1665 te
2109 1628 2243 1665 ausu
2292 1612 2644 1668 intromittere
2694 1614 3011 1681 tentaveris,
3056 1622 3216 1687 atque
3261 1615 3331 1670 ad
3361 1615 3611 1671 denomi-

312 1683 584 1783 Πιιηξίλίῑετ
615 1684 965 1783 Peculium”,
997 1682 1450 1783 ἀίάίοίῐηυδξῖυοξὶ
1489 1680 1910 1783 οῙθΓίοοξξΡξίυδ
1936 1724 1988 1783 Β
2009 1708 2185 1754 natam
2217 1702 2486 1771 synodum
2533 1718 2827 1758 occurrere
2874 1680 3271 1774 postposueris,
3320 1704 3463 1759 scias
3509 1720 3609 1776 pro

309 1772 575 1828 Ecclesia
602 1772 810 1846 regula
841 1789 1091 1827 normam
1116 1772 1314 1827 sectari
1334 1771 1599 1837 nolentes,
1632 1778 1683 1825 et
1706 1770 1908 1827 idcirco

310 1861 427 1917 sine
457 1861 909 1918 commendatitiis
940 1862 1124 1933 utique
1153 1860 1346 1916 litteris
1376 1859 1446 1915 ad
1492 1864 1543 1913 te
1578 1861 1906 1934 confugien-

312 1958 414 2016 tes,
447 1959 638 2006 contra
665 1966 823 2006 sacra
854 1951 1134 2006 beatorum
1183 1952 1397 2006 Patrum
1442 1961 1635 2007 statuta
1666 1952 1906 2023 recepis—

310 2055 419 2107 ses,
453 2048 814 2111 receptosque
857 2040 1065 2094 tibimet
1112 2040 1366 2095 famulari
1414 2042 1699 2097 decernas.
1750 2041 1907 2110 Quod

307 2128 562 2183 nimirum
603 2137 824 2199 propter
869 2130 1093 2183 multam
1143 2130 1627 2200 perturbationem,
1662 2139 1715 2185 et
1762 2130 1907 2186 sedi-

308 2217 485 2273 tiones
542 2234 663 2289 qua
709 2233 854 2289 sape
912 2218 1063 2285 fiunt,
1123 2219 1441 2274 auctoritate
1497 2219 1799 2290 apostolica
1854 2227 1909 2276 et

310 2313 623 2361 sanctorum
660 2308 878 2363 Patrum
927 2307 1205 2378 praecipua
1247 2307 1579 2363 institutione
1623 2316 1907 2380 amputare

307 2395 571 2465 volentes,
605 2396 925 2451 reverentia
955 2404 1061 2451 tua
1084 2396 1340 2464 jubemus
1359 2397 1633 2467 pradicta
1648 2398 1908 2453 Ecclesia

312 2483 621 2539 Faventina
675 2484 1026 2557 [Placentina
1082 2490 1147 2541 ut
1202 2485 1395 2557 supra]
1466 2485 1717 2552 clericos,
1771 2502 1907 2558 quos

305 2587 479 2643 penes
539 2581 589 2629 te
644 2575 940 2629 enormiter
986 2575 1189 2630 habere
1245 2574 1469 2641 videris,
1532 2583 1584 2629 et
1630 2575 1906 2646 pracipue

308 2661 553 2717 Gausum
583 2662 888 2730 diaconum,
920 2664 988 2719 de
1019 2665 1275 2735 prasenti
1307 2680 1406 2719 suo
1428 2664 1657 2719 reddere
1677 2665 1765 2719 vel
1787 2664 1908 2719 diri-

305 2767 441 2824 gere
471 2768 728 2823 procures
762 2753 1041 2824 episcopo.
1091 2752 1233 2821 Quia
1279 2769 1388 2807 non
1436 2753 1565 2808 licet
1609 2754 1907 2824 quemlibet

306 2840 567 2895 clericum
596 2840 652 2895 in
694 2841 925 2896 duarum
968 2842 1248 2897 civitatum
1296 2841 1566 2897 conscribi
1611 2841 1769 2896 simul
1799 2843 1904 2898 Ec-

305 2929 507 2996 clesiis,
541 2938 595 2985 et
623 2930 678 2984 in
708 2947 811 3002 qua
843 2931 912 2985 ab
942 2931 1093 2985 initio
1125 2930 1341 2998 exstitit,
1376 2931 1447 2987 ad
1478 2946 1642 3003 quam
1662 2930 1905 3001 confugit

306 3017 464 3088 quasi
493 3018 563 3073 ad
591 3019 857 3089 potiorem
880 3020 951 3074 ob
981 3020 1155 3074 inanis
1204 3020 1393 3093 gloria
1429 3020 1778 3091 cupiditatem
1808 3038 1820 3074 :
1852 3027 1905 3074 et

304 3106 430 3162 ideo
460 3123 553 3163 eos
584 3109 652 3163 ad
696 3125 848 3164 suam
896 3110 1198 3165 Ecclesiam
1247 3109 1493 3166 revocari
1533 3109 1898 3178 decernimus,

305 3202 359 3251 et
387 3196 456 3252 de
488 3196 594 3252 illis
623 3199 853 3270 amplius
882 3213 1049 3271 agere
1079 3214 1275 3255 cavere
1315 3214 1541 3269 prorsus
1568 3205 1800 3269 oportet,
1833 3214 1902 3253 ne

304 3297 617 3342 sanctorum
666 3289 884 3343 Patrum
926 3288 1147 3357 judicio,
1202 3289 1348 3360 quod
1398 3296 1590 3344 contra
1620 3288 1777 3357 hujus
1808 3304 1901 3343 re-

302 3375 448 3450 gula
476 3384 913 3450 transgressores
943 3378 1216 3449 prolatum
1264 3386 1364 3444 est,
1399 3377 1641 3432 damnari
1681 3376 1902 3432 omnino

301 3466 588 3521 merearis.
622 3469 689 3521 At
720 3467 764 3521 si
794 3467 998 3538 aliquid
1045 3467 1188 3521 inter
1245 3483 1341 3522 eos
1388 3466 1600 3522 adversi
1649 3474 1902 3522 exortum

300 3552 484 3620 fuerit,
514 3555 776 3611 canonice
806 3555 944 3610 inter
972 3572 1067 3611 eos
1111 3554 1362 3621 diﬂinias,
1411 3555 1563 3610 salvo
1595 3555 1742 3610 sedis
1771 3571 1903 3625 apo-

305 3643 512 3699 stolica
540 3645 768 3713 honore,
802 3652 966 3716 atque
998 3645 1208 3716 vigore,
1244 3644 1507 3716 salvoque
1522 3651 1627 3699 tua
1642 3644 1904 3699 Ecclesia

302 3732 609 3805 privilegio.
643 3735 710 3789 Et
740 3743 1010 3805 praterea
1059 3734 1373 3789 sacerdotes
1418 3741 1471 3789 et
1517 3733 1749 3790 clericos
1780 3733 1904 3787 Pla-

301 3820 533 3877 centina
577 3822 875 3890 Ecclesia,
922 3840 1059 3896 quos
1117 3822 1600 3879 excommunicasti
1624 3868 1636 3889 ,
1704 3831 1762 3878 ut
1836 3823 1902 3877 ab

299 3909 494 3965 eadem
522 3913 1079 3968 excommunicatione
1118 3913 1389 3980 absolvas,
1438 3929 1719 3984 quousque
1758 3920 1901 3967 tem-

298 4015 437 4071 pore
466 4016 709 4074 congruo
741 4009 796 4056 tu
822 4019 945 4057 cum
973 4002 1052 4057 eis
1082 4002 1313 4059 Romam
1344 4003 1414 4059 ad
1463 4002 1734 4074 synodum‘
1760 4001 1904 4073 pari-

298 4096 387 4145 ter
415 4089 660 4147 veniatis.
694 4093 827 4147 Data
865 4108 1052 4148 mense
1081 4092 1247 4159 JuliO,
1294 4091 1589 4148 indictione
1620 4106 1738 4146 xxv.

942 4244 1249 4300 CCCXXV.

615 4344 689 4388 AD
726 4349 1161 4389 CONSTANTINUM
1199 4346 1582 4388 SACERDOTEM.

924 4424 1103 4493 (Anno
1133 4427 1229 4478 881
1242 4422 1283 4495 .)

298 4510 777 4586 Excommunicat
794 4529 924 4569 eum
944 4513 1085 4586 quod
1100 4513 1308 4586 absque
1323 4529 1428 4567 sua
1460 4511 1693 4586 licentia
1712 4510 1778 4586 al)
1807 4527 1899 4586 ar-

373 4584 717 4657 chiepiscopo
766 4583 1087 4641 Ravennate
1134 4583 1220 4639 ad‘
1265 4584 1589 4657 Faventino:
1638 4583 1901 4637 Ecclesia

375 4654 760 4783 eriscOpatum
802 4660 1090 4739 promotus
1120 4658 1302 4739 fuerit
1331 4654 1732 4737 :proht'betque
1770 4670 1900 4709 eum

375 4729 395 4783 i
424 4729 534 4783 lius
560 4729 816 4783 Ecclesia
862 4728 1426 4782 administrationem
1463 4730 1765 4783 attinuere.
1797 4726 1897 4781 do-

372 4726 534 4784 illius
556 4726 817 4784 Ecclesia?
862 4726 1426 4782 administrationem
1463 4726 1765 4798 attingere,
1797 4726 1897 4781 do-

371 4816 476 4856 nec
504 4800 576 4855 ad
603 4799 877 4871 synodum
909 4801 1221 4855 Romanam
1246 4799 1457 4854 veniat.

372 4906 773 4962 CONSTANTINO
831 4904 1105 4962 sacerdoti
1152 4904 1414 4961 Ecclesia
1478 4904 1790 4962 Faventina
1830 4903 1899 4960 de

296 4994 460 5067 plebe
488 4996 657 5052 sancti
684 4994 830 5051 Petri
860 4994 1225 5050 Transilvani.

367 5084 666 5141 Audientes
696 5093 749 5141 te
776 5101 899 5141 esse
929 5084 1088 5156 quasi
1115 5085 1183 5139 ad
1231 5082 1602 5155 episcopalem
1634 5084 1898 5139 honorem

296 5190 331 5231 a
384 5175 629 5230 Romano
675 5174 984 5230 Ravennate
1060 5172 1491 5243 archiepiscopo,
1555 5173 1672 5228 sine
1724 5172 1896 5228 nostri

292 5262 555 5335 pontiﬁcii
583 5263 919 5330 auctoritate,
953 5278 1049 5318 seu
1098 5261 1332 5329 licentia,
1385 5269 1439 5317 et
1485 5261 1694 5333 absque
1723 5276 1895 5317 cano-

295 5354 435 5409 nica
487 5353 836 5408 institutionis
877 5352 1072 5425 regula
1118 5351 1411 5407 enormiter
1452 5358 1780 5422 promotum,
1813 5351 1896 5405 his

294 5441 629 5514 apostolatus
659 5442 832 5497 nostri
861 5440 1056 5497 litteris
1104 5457 1171 5496 ex
1219 5440 1317 5495 Dei
1351 5440 1737 5511 omnipotentis
1767 5456 1896 5495 san-

292 5540 612 5604 ctorumque
659 5530 803 5588 Petri
850 5546 916 5588 ac
963 5530 1118 5587 Pauli
1175 5530 1543 5602 apostolorum
1589 5529 1895 5603 principum

2010 1796 2158 1844 certo
2188 1790 2310 1861 quia
2341 1807 2450 1845 non
2479 1791 2651 1845 solum
2683 1792 2831 1847 omni
2852 1792 3217 1849 ecclesiastica
3270 1801 3321 1848 te
3367 1810 3610 1849 commu-

2008 1877 2170 1933 nione
2199 1879 2551 1949 privabimus,
2586 1880 2685 1935 sed
2715 1881 2878 1936 etiam
2922 1881 3170 1952 synodali
3206 1883 3427 1937 decreto
3459 1898 3492 1938 a
3522 1897 3609 1937 sa-

2008 1967 2275 2022 cerdotali
2306 1968 2514 2024 honore
2532 1976 2583 2023 te
2604 1969 2912 2025 sanciemus
2945 1969 3182 2025 alienum
3200 1971 3454 2027 existere.
3476 1972 3611 2026 Data

2011 2070 2110 2109 xvr
2139 2057 2411 2112 Kalendas
2441 2058 2694 2130 Augusti,
2728 2058 3021 2115 indictione
3053 2059 3263 2116 decima
3290 2067 3500 2132 quarta.

2614 2165 3002 2221 CCCXXXVI.

2228 2268 2301 2307 AD
2339 2268 2601 2309 JOANNEM
2638 2269 2945 2309 EPISCOPUM
2984 2271 3384 2312 FICOCLENSEH.

2626 2345 2806 2414 (Anno
2852 2344 2996 2415 881.)

2022 2430 2187 2505 Υἱςὶιίι
2198 2432 2408 2485 tionem
2427 2433 2751 2486 Faventino:
2769 2433 3041 2505 Ecclesia
3051 2437 3276 2505 pastore
3298 2433 3607 2499 destitutae,

2081 2504 2310 2578 ejusque
2339 2518 2539 2578 curam
2569 2505 2622 2558 ei
2651 2504 2976 2569 committit,
3009 2504 3182 2560 donec
3212 2521 3390 2561 novus
3416 2509 3613 2578 pastor

2082 2574 2262 2627 eidem
2290 2574 2663 2645 praeﬁciatur.

2078 2661 2283 2715 JOANNI
2313 2661 2572 2733 episcopo
2604 2662 2927 2719 Ficoclensi.

2079 2748 2299 2805 Obitum
2328 2751 2556 2807 Romani
2586 2751 2898 2808 Faventina
2925 2752 3157 2807 civitatis
3186 2752 3441 2809 antistitis
3457 2753 3609 2811 dire-

2005 2845 2094 2893 cta
2121 2839 2328 2894 dudum
2358 2840 2551 2895 relatio
2582 2839 2837 2910 patefacit
2870 2858 2883 2894 :
2918 2850 3253 2912 quapropter
3286 2842 3609 2899 visitationis

2006 2927 2275 2982 destituta
2302 2928 2568 2985 Ecclesia
2588 2928 2911 2984 fraternitati
2927 2940 3030 2986 tua
3050 2946 3275 3000 operam
3295 2932 3615 2987 solemniter

2018 3016 2356 3089 delegamus.
2390 3017 2563 3086 Quam
2610 3018 2682 3073 ita
2728 3027 2781 3073 te
2803 3019 3055 3074 convenit
3083 3020 3361 3087 exhibere,
3394 3028 3451 3075 ut
3481 3020 3616 3075 nihil

1934 3081 1984 3145 (ἶ
2007 3106 2074 3160 de
2095 3081 2536 3175 pr'ovectionibus
2558 3106 2622 3179 [Γ.
2642 3107 3019 3180 proventibus]
3043 3081 3387 3176 clericorum,
3411 3109 3608 3177 reditu,

2003 3202 2195 3249 ornatu
2226 3194 2671 3268 ministeriisque.
2699 3196 2786 3251 vel
2808 3196 3071 3267 quidquid
3092 3196 3224 3252 illud
3242 3205 3324 3252 est
3340 3198 3397 3252 in
3413 3199 3609 3253 matri-

2003 3283 2187 3338 monio
2217 3284 2429 3352 eodem,
2462 3301 2495 3339 a
2526 3301 2801 3357 quoquam
2822 3293 3188 3357 prasumatur
3216 3285 3482 3343 Ecclesia
3506 3306 3520 3355 ;
3556 3295 3610 3343 et

2001 3372 2126 3428 ideo
2154 3372 2403 3428 Ecclesia
2432 3372 2785 3447 [fraternitas]
2821 3382 2913 3428 tua
2943 3374 3014 3429 ad
3048 3374 3362 3445 pradictam
3411 3375 3607 3432 Eccle-

2003 3462 2140 3515 siam
2170 3462 2249 3517 ire
2270 3470 2542 3533 procuret,
2566 3469 2624 3517 ut
2646 3462 2906 3533 quidquid
2929 3463 3145 3518 utilitati
3165 3464 3310 3518 illius
3327 3466 3601 3538 congruit,

2001 3550 2223 3605 interim
2251 3550 2437 3606 solerti
2468 3566 2600 3606 cura
2620 3550 2940 3621 pravideat,
2966 3568 3267 3624 quousque,
3292 3553 3526 3624 qualiter
3544 3570 3605 3609 se

2001 3639 2197 3695 habeat
2254 3639 2468 3705 electio,
2517 3640 2603 3695 vel
2660 3640 2929 3695 ordinatio
2980 3641 3327 3697 succedentis
3362 3642 3609 3714 episcopi

2003 3744 2189 3783 coram
2218 3729 2375 3784 nobis
2406 3728 2659 3799 synodali
2688 3728 3007 3785 discutiatur
3028 3730 3296 3798 examine,
3320 3739 3374 3787 et
3395 3740 3609 3803 apostoo

2000 3818 2108 3875 lica
2139 3818 2475 3886 terminetur,
2508 3819 2624 3874 Deo
2647 3818 2890 3889 juvante,
2923 3835 3176 3876 censura.
3202 3821 3339 3877 Data
3355 3836 3461 3877 xm
3480 3821 3606 3879 Kal.

2001 3910 2299 3981 Augustas,
2330 3908 2625 3965 indictione
2663 3924 2782 3964 xxv.
2845 3984 2852 3990 .

2625 4033 2983 4089 CCCXXVII.

2337 4136 2409 4177 AD
2448 4138 2720 4178 ROMANUM
2758 4137 3255 4179 ARCHIEPISCOPUH.

2615 4206 2797 4279 (Anno
2836 4208 2986 4279 881.)

2000 4296 2083 4352 Ad
2110 4295 2384 4369 synodum
2416 4299 2646 4369 Romam
2674 4297 2776 4352 sub
2792 4313 2960 4369 pana
2982 4297 3595 4354 excommunicationis

2028 4367 2355 4440 venirejube
2362 4372 2400 4433 t,
2418 4371 2483 4423 ut
2494 4367 2567 4423 ad
2579 4383 2644 4423 ea
2660 4385 2781 4441 qua:
2793 4367 3206 4440 abjiciebantur
3217 4369 3572 4441 respondeat.

1927 4449 1981 4511 D
2074 4457 2550 4512 Reverendissimo
2598 4464 2649 4511 et
2696 4456 3042 4513 sanctissimo
3105 4456 3367 4514 confratri
3412 4465 3604 4514 nostro

2002 4545 2244 4601 ROMANO
2274 4545 2705 4617 archiepiscopo.

2074 4635 2213 4704 Quia
2234 4635 2563 4706 jampridem
2592 4635 2774 4690 missis
2801 4635 2900 4690 tibi
2928 4652 3030 4707 per
3067 4638 3331 4692 Joannem
3362 4650 3604 4693 venera-

2002 4725 2166 4780 bilem
2196 4724 2512 4796 episcopum
2540 4725 2737 4780 Montis
2768 4725 3045 4781 Feretrani
3064 4725 3400 4797 apostolatus
3430 4725 3605 4782 nostri

1998 4813 2209 4881 litteris,
2244 4814 2315 4869 ad
2344 4814 2603 4885 synodale
2634 4822 2688 4869 te
2726 4814 3020 4887 collegium
3065 4830 3168 4887 pro
3211 4814 3604 4873 ecclesiasticis

1999 4903 2264 4959 duntaxat
2291 4904 2611 4958 utilitatibus
2639 4904 2926 4960 nobiscum
2964 4904 3169 4975 pariter
3198 4905 3604 4962 celebraturum

1999 5009 2289 5048 occurrere
2337 4992 2601 5063 jussimus
2625 5036 2637 5058 ,
2698 5001 2752 5048 et
2806 5000 2954 5048 tuam
3012 4994 3171 5050 nobis
3229 4995 3605 5067 contempsisti

1996 5082 2346 5154 prasentiam
2421 5083 2715 5149 exhibere;
2806 5099 2952 5139 nunc
3031 5083 3215 5139 multis
3286 5084 3604 5141 criminibus

1997 5171 2270 5227 irretitum
2289 5214 2302 5238 ,
2361 5171 2763 5243 multorumque
2828 5171 3105 5227 hominum
3164 5174 3604 5230 accusationibus

1997 5260 2290 5316 horrendis
2332 5260 2636 5331 impetitum
2659 5302 2673 5331 ,
2718 5268 2772 5317 et
2819 5261 3096 5333 pracipue
3131 5261 3419 5320 manifesto
3463 5279 3599 5335 per-

1992 5350 2136 5419 jurio
2167 5366 2290 5405 esse
2319 5350 2603 5421 pollutum,
2636 5358 3021 5422 agnoscentes,
3062 5352 3167 5408 hac
3213 5352 3469 5409 secunda
3498 5367 3602 5408 vo-

1996 5438 2222 5495 cationis
2278 5448 2479 5495 nostra
2535 5440 2854 5496 auctoritate
2891 5441 2962 5496 ad
3009 5442 3385 5500 venerabilem
3439 5457 3605 5513 syno-

1995 5529 2147 5599 dum,
2178 5544 2361 5600 quam,
2391 5530 2508 5585 Deo
2539 5528 2773 5598 favente,
2805 5539 2998 5589 octavo
3026 5532 3305 5590 Kalendas
3345 5530 3607 5589 Octobris
