4086 6292
513 199 620 273 sas

1761 213 2058 274 JOANNIS
2109 211 2308 268 PAPE
2360 215 2501 272 VIII.

3720 223 3826 277 936

509 339 707 396 futurae
735 339 938 412 quintae
962 339 1191 396 decimae
1231 339 1561 406 indictionis,
1613 339 1820 397 crimus
1861 339 2110 397 celebra-
2138 337 2194 398 A
2213 339 2299 394 his
2329 341 2667 412 apostolatus
2696 343 2866 398 nostri
2906 343 3098 399 litteris
3139 343 3297 400 vobis
3338 345 3614 415 jubemus,
3666 351 3724 401 et
3757 360 3824 400 ex

511 429 638 496 turi,
671 429 818 484 omni
847 428 1138 485 occasione
1167 429 1252 484 vel
1301 444 1453 484 mora
1493 431 1814 500 postposita,
1849 445 1959 484 una
1994 443 2120 484 cum

512 517 766 572 omnibus
795 516 1161 591 suﬁ'raganeis
1189 517 1297 574 tuis
1327 518 1601 590 episcopis
1628 519 1812 574 venire
1841 517 2116 588 jubemus,

511 613 780 678 quatenus
809 606 884 660 ibi
913 623 1100 662 coram
1132 605 1370 663 fraterno
1397 614 1451 662 et
1486 607 1787 663 venerabili
1826 607 2118 678 episcopo-

512 711 634 749 rum
664 703 826 760 coetu,
860 711 959 766 pro
989 695 1242 750 omnibus
1271 695 1366 751 tibi
1394 695 1622 765 objectis
1666 695 1768 751 rite
1799 693 2119 751 examinatis

509 798 607 838 ore
635 784 860 855 proprio
880 783 1064 840 valeas
1094 785 1431 856 respondere
1453 793 1507 840 et
1523 793 1576 840 te
1594 784 1870 840 innoxium
1892 784 2120 839 demon-

512 879 720 938 strare;
753 887 882 927 nam
911 872 957 927 si
1006 873 1189 944 aliqua
1232 872 1536 928 temeritate
1585 873 1847 938 tumidus,
1896 873 1984 928 vel
2028 873 2118 927 in-

511 961 838 1018 obedientire
863 961 1098 1016 stimulis
1116 969 1313 1030 motus,
1338 963 1478 1017 hanc
1500 969 1739 1018 nostram
1761 961 2118 1033 apostolicam

509 1056 566 1104 et
592 1049 910 1106 canonicam
949 1049 1310 1119 vocationem,
1364 1067 1526 1122 quam
1579 1050 1674 1105 tibi
1723 1050 1975 1122 primitus
2016 1065 2120 1120 per

510 1137 816 1205 Deltonem,
849 1155 946 1193 seu
969 1146 1020 1194 et
1035 1138 1199 1194 modo
1220 1154 1320 1209 per
1334 1139 1600 1194 Joannem
1619 1139 1933 1194 Callensem
1954 1154 2121 1194 vene-

511 1226 714 1282 rabiles
745 1226 1031 1298 episcOpos
1061 1227 1381 1292 direximus,
1405 1227 1872 1298 parvipendendo,
1896 1227 1966 1282 ad
1983 1243 2120 1297 prm-

513 1309 681 1367 fatam
710 1311 979 1382 synodum
1009 1310 1192 1366 venire
1219 1311 1634 1382 contempseris,
1668 1312 1814 1368 scias
1845 1326 1946 1382 pro
1967 1319 2118 1368 certo

515 1399 769 1472 quoniam
817 1400 964 1456 omni
1012 1408 1065 1456 te
1114 1399 1495 1456 communione
1543 1400 1913 1457 ecclesiastica
1939 1399 2120 1471 priva-

513 1487 708 1555 bimus,
767 1497 822 1544 et
863 1487 1122 1562 fugiendo
1179 1496 1286 1544 tua:
1350 1488 1716 1544 damnationis
1771 1488 2115 1556 sententiam,

508 1577 694 1649 utique
725 1577 950 1633 honoris
979 1576 1207 1648 patieris
1230 1577 1523 1646 jacturam.
1557 1578 1694 1633 Data
1745 1592 1803 1632 γι
1840 1577 2118 1633 Kalendas

513 1665 765 1740 Augusti,
797 1665 1094 1722 indictione
1121 1681 1242 1720 xiv.

1123 1789 1508 1846 CCCXXVIII.

898 1893 972 1935 ΔΙ)
1011 1893 1267 1934 οΑιιοιωί
1305 1892 1723 1936 IIPBRATOREH.

1117 1968 1300 2039 (Anno
1361 1967 1511 2040 881.)

514 2059 750 2114 Petrum
777 2061 835 2113 et
851 2056 1188 2114 Zachariam
1207 2058 1415 2129 legatos
1436 2057 1510 2112 ad
1530 2073 1662 2113 eum
1700 2057 1885 2112 mittit
1907 2073 2117 2125 ;causa

585 2129 904 2254 corrigtendi
931 2129 1105 2194 mala,
1130 2145 1252 2202 quae
1279 2143 1356 2192 se,
1379 2144 1442 2186 eo
1470 2131 1765 2200 regnante,
1789 2145 2117 2201 perpessum

587 2215 748 2273 queri
777 2216 867 2256 ur.
1727 2238 1730 2244 .

587 2287 812 2344 Canono
842 2285 1174 2358 imperatori.

587 2375 728 2446 Quia
756 2393 900 2432 nunc
915 2376 1106 2432 eadem
1135 2375 1390 2430 omnibus
1413 2375 1590 2441 vobis,
1607 2375 1723 2446 jam
1739 2377 1855 2431 Deo
1877 2373 2114 2441 favente,

513 2481 614 2538 per
642 2465 963 2521 humilitatis
991 2472 1192 2521 nostra:
1229 2462 1464 2519 ofﬁcium
1506 2465 1882 2538 regnantibus,
1915 2464 2118 2537 ubique

513 2553 747 2626 patimur
801 2562 855 2610 et
891 2553 1220 2610 sustinemus
1277 2552 1526 2621 adversa,
1587 2569 1707 2626 qua:
1751 2561 1874 2609 ante
1920 2554 2136 2609 vestra!

513 2642 812 2714 imperialis
838 2643 1028 2715 gloriae
1046 2640 1454 2714 provectionem
1469 2657 1570 2698 nos
1600 2641 1922 2698 sustinuisse
1941 2642 2120 2714 quoti-

516 2731 607 2788 die
637 2732 1007 2801 recordamur,
1039 2731 1127 2787 his
1155 2729 1492 2802 apostolatus
1540 2731 1708 2786 nostri
1755 2731 2002 2802 apicibus
2029 2730 2119 2786 di-

516 2819 702 2888 rectis,
735 2819 961 2892 dignum
990 2819 1241 2875 duximus
1271 2819 1554 2889 Augustali
1603 2818 1881 2874 serenitati
1922 2827 2120 2875 vestrae

513 2923 614 2980 pro
644 2907 870 2964 utilitate
899 2924 966 2964 ac
1008 2909 1291 2979 multiplici
1337 2908 1664 2963 necessitate
1709 2907 1970 2963 Ecclesia
2001 2907 2120 2962 uni-

515 2996 769 3064 versalis,
801 2997 889 3053 cui
930 3012 1031 3058 per
1073 2997 1174 3052 Dei
1217 2999 1454 3070 gratiam
1500 2997 1876 3068 praesidemus,
1909 3013 2117 3069 sugge-

513 3101 658 3152 rere,
698 3094 861 3158 atque
909 3085 1186 3160 cognitum
1231 3086 1556 3142 omnimodis
1603 3085 1812 3153 facere,
1861 3085 2116 3157 quoniam

515 3175 816 3232 secundum
845 3191 1134 3231 commune
1163 3175 1420 3246 placitum
1441 3183 1602 3248 atque
1619 3175 1896 3230 decretum
1916 3173 2120 3229 direxi-

511 3279 636 3318 mus
665 3263 905 3332 Petrum,
937 3263 1209 3335 insignem
1235 3265 1420 3336 palatii
1452 3264 1644 3330 nostri,
1677 3279 1842 3334 super
1869 3263 1972 3318 ista
2013 3263 2117 3318 de-

512 3351 764 3408 liciosum
792 3352 1156 3408 consiliarium
1187 3362 1447 3422 nostrum,
1494 3368 1946 3423 communemque
1976 3350 2117 3407 ﬁde-

515 3439 645 3510 lem,
679 3457 804 3497 cum
833 3441 1092 3497 Zacharia
1122 3442 1422 3498 venerabili
1453 3441 1714 3512 episcopo
1743 3449 1796 3496 et
1825 3439 2119 3495 bibliothe-

512 3529 667 3586 cario
725 3529 870 3585 sedis
927 3538 1149 3588 nostrae.
1210 3546 1312 3602 pro
1367 3529 1696 3601 recipiendis
1737 3529 1806 3584 de
1843 3528 2113 3597 omnibus,

515 3635 638 3692 qua:
665 3620 930 3675 hactenus
986 3635 1275 3690 perperam
1333 3627 1453 3676 acta
1511 3618 1742 3684 fuerant,
1787 3617 2010 3687 justitiis
2063 3623 2118 3671 et

515 3707 1005 3777 emendationibus,
1039 3723 1104 3762 ac
1129 3722 1232 3778 pro
1261 3708 1424 3763 totius
1455 3715 1612 3763 terrae
1655 3706 1712 3762 S.
1747 3705 1894 3761 Petri
1923 3705 2114 3774 salute,

514 3795 846 3868 pristinaque
875 3795 1212 3852 restitutione
1236 3815 1252 3864 ;
1281 3805 1544 3869 quatenus
1575 3796 1630 3850 in
1659 3795 1948 3866 praesentia
1985 3795 2116 3850 mis-

516 3901 704 3942 sorum
733 3891 1040 3940 vestrorum
1087 3901 1149 3940 ea
1193 3902 1316 3958 quae
1353 3885 1666 3941 necessario
1679 3884 2030 3940 emendanda
2064 3891 2118 3939 et

515 3973 845 4048 corrigenda
893 3982 1064 4041 erant,
1110 3974 1234 4045 jure
1277 3974 1520 4049 legitimo
1576 3973 2007 4048 corrigerentur,
2059 3980 2117 4029 ut

517 4071 628 4120 tam
657 4064 973 4120 diuturnum
1003 4063 1204 4120 malum
1234 4064 1399 4124 linem
1427 4064 1720 4137 acciperet.

1139 4190 1478 4247 CCCXXIX.

1061 4291 1134 4334 Αι)
1173 4293 1562 4334 RAVENNATES.

1139 4368 1320 4438 (Anno
1349 4367 1498 4437 881.)

521 4458 793 4530 Praecipit
810 4459 877 4512 ut
903 4471 1006 4512 sea
1027 4457 1383 4530 Ravennatis
1397 4456 1799 4530 archiepiscopi
1817 4456 1881 4511 in
1912 4452 2116 4526 synodo

595 4529 1078 4586 excommunicati
1098 4529 1492 4584 communione
1519 4529 1815 4598 separent:
1840 4540 2118 4599 quousque

593 4617 724 4658 eum
750 4601 1070 4656 absolutum
1100 4599 1476 4670 cognoverint.

593 4697 862 4754 Omnibus
891 4695 1295 4752 venerabilibus
1324 4695 1700 4752 sacerdotibus
1721 4703 1774 4751 et
1794 4694 1940 4752 clero
1956 4702 2118 4766 atque

522 4786 795 4842 universis
815 4785 1090 4856 judicibus
1117 4784 1427 4857 populoque
1465 4784 1784 4841 Ravennati.

591 4876 770 4930 Nosse
810 4874 1060 4930 volumus
1099 4871 1411 4930 ﬁdelitatem
1468 4883 1521 4930 et
1562 4872 1969 4930 unanimitatem
2018 4888 2118 4928 ve-

523 4970 694 5020 stram
723 4963 850 5034 quia
879 4965 1183 5019 Romanum
1226 4963 1692 5036 archiepiscopum
1740 4969 1984 5018 vestrum
2019 4977 2120 5032 pro

519 5051 746 5126 periurii
777 5060 928 5107 reatu
958 5051 1244 5108 manifeste
1285 5053 1568 5124 pollutum,
1600 5052 1828 5124 aliisque
1868 5049 2120 5106 nefandis

522 5139 843 5198 criminibus
887 5141 1207 5212 impetitum,
1253 5151 1306 5198 et
1360 5143 1566 5198 idcirco
1598 5141 1667 5196 ad
1705 5139 1974 5213 synodum
2017 5155 2119 5210 pro

521 5229 606 5286 sui
642 5229 966 5304 purgatione
1003 5240 1273 5298 vocatum,
1322 5247 1613 5288 occurrere
1661 5236 2115 5296 contemnentem,

521 5317 671 5376 omni
698 5317 1072 5375 ecclesiastica
1104 5321 1486 5376 communione
1514 5335 1619 5375 una
1646 5335 1769 5376 cum
1800 5326 2002 5374 sancta;
2030 5334 2120 5388 sy-

522 5407 653 5465 nodi
679 5408 903 5464 decreto
933 5408 1284 5480 privavimus,
1319 5424 1604 5482 quousque
1643 5425 1797 5464 suam
1827 5407 2118 5479 specialem

521 5497 789 5556 studuerit
833 5495 992 5556 nobis
1036 5497 1290 5556 exhibere
1337 5498 1701 5572 praesentiam.
1750 5496 2120 5568 Quamobrem

2134 1697 2188 1758 B

2220 431 2544 487 auctoritate
2575 431 2674 488 Dei
2703 440 2755 488 et
2787 431 2934 488 beati
2964 433 3109 488 Petri
3139 433 3511 504 apostolorum
3556 434 3825 506 principis

2221 523 2274 572 et
2303 525 2489 574 nostra
2519 519 2887 590 praecipimus,
2919 527 2978 574 ut
3003 536 3194 576 omnes
3239 537 3340 577 vos
3386 521 3457 576 ab
3498 521 3644 576 illius
3691 537 3820 577 con-

2220 607 2390 662 sortio
2419 615 2470 662 et
2489 608 2867 664 communione
2885 609 3062 664 modis
3079 609 3333 665 omnibus
3346 610 3630 681 separetis,
3649 609 3826 666 donec

2219 711 2320 766 per
2345 704 2548 753 nostra:
2577 697 2891 768 apostolicae
2911 697 3279 754 miserationis
3295 697 3549 766 ofﬁcium,
3571 699 3642 754 ab
3662 699 3826 768 hujus

2220 786 2796 842 excommunicationis
2839 787 3060 844 vinculo
3102 803 3227 844 eum
3260 788 3630 862 cognoveritis
3659 787 3828 843 abso-

2218 872 2388 928 lutum
2418 873 2673 930 existere.
2705 874 3030 948 Quicunque
3059 885 3239 932 autem
3269 877 3320 932 ei
3347 885 3473 932 ante
3487 877 3824 933 audientiam

2220 969 2273 1016 et
2301 963 2698 1020 absolutionem
2745 972 2988 1020 nostram
3031 965 3368 1038 aliquatenus
3413 965 3826 1022 communicare

2217 1052 2646 1123 praesumpserit,
2707 1053 2898 1109 eodem
2958 1053 3532 1110 excommunicationis
3588 1055 3823 1126 laqueo,

2219 1141 2517 1195 secundum
2549 1148 2860 1198 sanctorum
2889 1143 3112 1198 Patrum
3155 1141 3568 1208 institutionem,
3600 1150 3829 1198 maneat

2217 1227 2474 1295 irretitus,
2507 1246 2681 1300 usque
2709 1230 2840 1285 dum
2880 1246 2912 1285 a
2958 1230 3116 1286 nobis
3163 1230 3330 1286 fuerit
3373 1231 3822 1298 misericorditer,

2217 1316 2518 1374 absolutus.
2550 1319 2691 1374 Data
2739 1318 2946 1374 mensis
2975 1318 3232 1375 Octobris
3270 1319 3358 1376 die
3393 1327 3605 1392 quarta,
3646 1319 3824 1376 indic-

2217 1405 2362 1462 tione
2391 1406 2712 1463 duodecima
2740 1406 2975 1480 [decima
3001 1406 3228 1481 quinta].

2858 1514 3172 1570 CCCXXX.

2599 1617 2672 1658 Αι)
2711 1616 2968 1659 οΑιιοιωί
3006 1617 3420 1660 IMPERATOREH.

2839 1693 3018 1763 ('Anno
3049 1695 3140 1747 εει
3159 1693 3198 1764 .)

2220 1776 2558 1853 Gratulatur
2569 1779 2634 1836 de
2648 1782 2770 1852 ejus
2787 1781 3139 1837 observantia
3159 1798 3290 1853 erga
3311 1783 3620 1838 Romanam
3633 1782 3817 1838 Eccle-

2284 1851 2434 1936 sium
2458 1870 2476 1906 :
2499 1851 2734 1936 laetatur
2751 1851 3298 1936 ipsumnllayennam
3321 1855 3524 1936 .venire
3552 1854 3715 1936 uelle,
3749 1857 3818 1936 ut

2285 1921 2354 2004 de
2382 1923 2646 1978 Ecclesia
2675 1927 2734 1978 et
2758 1921 2988 2006 imperii
3015 1926 3176 1979 statu
3203 1927 3335 2050 gat
3362 1942 3382 1979 :
3411 1928 3574 1996 rogat
3595 1927 3662 1980 ut
3681 1927 3820 1979 ante

2287 1992 2436 2048 diem
2465 2009 2630 2050 ouem
2657 1997 3046 2050 nraestztuerat
3076 2010 3206 2050 accc
3285 1999 3327 2049 t.

2287 1992 2436 2048 diem
2465 2009 2630 2065 quem
2655 1992 3046 2066 praestitum-at
3076 1992 3327 2050 accedat.

2285 2081 2372 2136 Ad
2399 2081 2802 2152 imperatorem.

2285 2169 2540 2241 Receptis
2569 2170 2874 2226 serenitatis
2903 2179 3101 2228 vestrae
3130 2170 3326 2226 litteris
3352 2179 3516 2244 atque
3532 2170 3814 2243 perlectis,

2213 2275 2279 2316 ac
2307 2259 2448 2316 sicut
2475 2259 2634 2314 nobis
2665 2276 2766 2330 per
2803 2261 3070 2316 Joannem
3119 2259 3557 2317 Venticinensem
3599 2259 3812 2331 episco-

2215 2365 2344 2421 pum
2399 2347 2731 2404 verbotenus
2775 2349 3092 2414 mandastis,
3145 2349 3271 2420 quia
3315 2347 3676 2420 cognovimus
3717 2363 3816 2404 vos

2217 2439 2478 2493 honorem
2509 2445 2709 2493 sancta
2738 2437 2995 2494 Romane
3023 2436 3288 2493 Ecclesia
3317 2437 3507 2492 matris
3537 2445 3737 2492 vestrae
3761 2445 3818 2492 et

2217 2525 2448 2582 salutem
2470 2533 2632 2581 terrae
2657 2525 2829 2596 ipsius
2850 2533 2963 2581 toto
3001 2525 3288 2582 conamine
3337 2523 3475 2580 velle
3522 2522 3811 2596 perﬁcere,

2219 2614 2550 2671 exsultantes
2581 2628 2766 2669 sumus
2793 2614 2975 2670 animo
3023 2613 3216 2687 gavisi.
3266 2614 3433 2669 Porro
3469 2613 3610 2669 sicut
3659 2628 3814 2668 man-

2218 2703 2390 2759 dastis
2411 2711 2467 2758 ut
2493 2703 2582 2758 die
2612 2701 2996 2774 puriﬁcationis
3025 2703 3197 2758 beate
3239 2701 3416 2758 Mariae
3461 2717 3682 2772 semper
3711 2701 3818 2757 vir-

2217 2791 2363 2865 ginis
2392 2793 2666 2848 Ravennaa
2693 2791 2973 2848 venientes
3017 2790 3176 2846 simul
3221 2789 3494 2860 conjuncti
3523 2789 3817 2846 fuissemus

2219 2897 2316 2952 pro
2361 2881 2430 2937 ad
2474 2879 2952 2950 considerandum,
2998 2895 3122 2936 cum
3171 2879 3272 2935 Dei
3320 2878 3538 2945 auxilio,
3583 2885 3639 2934 et
3690 2894 3818 2950 per-

2219 2969 2492 3042 agendum
2521 2968 2827 3040 profectum
2852 2978 3052 3026 sanctae
3096 2967 3196 3024 Dei
3224 2967 3504 3038 Ecclesia,
3537 2975 3590 3022 et
3619 2975 3813 3023 statum

2147 3055 2196 3120 C
2217 3059 2427 3131 imperii
2456 3059 2624 3114 vestri
2649 3076 2664 3126 ;
2695 3074 2798 3114 nos
2827 3066 3008 3114 autem
3038 3067 3090 3112 et
3110 3059 3212 3114 hoc
3243 3055 3432 3113 libenti
3460 3055 3644 3112 animo
3674 3057 3814 3112 reci-

2217 3148 2446 3218 pientes,
2481 3147 2732 3204 volumus
2761 3155 2951 3219 quarto
2981 3146 3070 3202 die
3099 3154 3224 3202 ante
3249 3145 3364 3215 jam
3394 3145 3594 3202 dictam
3612 3144 3818 3201 festivi-

2217 3244 2382 3292 tatem
2412 3252 2510 3292 vos
2539 3235 2613 3290 ibi
2641 3236 2854 3300 adesse,
2886 3237 3013 3308 quia
3043 3243 3096 3291 et
3124 3251 3226 3290 nos
3255 3234 3325 3290 ita
3355 3233 3816 3290 desideratissime

2217 3325 2464 3397 cupimus
2494 3325 2774 3380 vobiscum
2805 3324 2966 3379 simul
2996 3323 3272 3396 conjungi,
3307 3331 3361 3378 et
3405 3330 3642 3378 vestram
3671 3322 3814 3393 peti-

2217 3414 2420 3470 tionem
2473 3413 2706 3469 libenter
2760 3413 3081 3484 adimplere,
3113 3412 3179 3477 si,
3231 3411 3462 3468 Domino
3519 3418 3811 3478 annuente,

2216 3503 2418 3558 sanitas
2448 3503 2696 3574 corporis
2727 3502 2984 3558 divinitus
3025 3517 3290 3559 concessa
3328 3499 3507 3557 fuerit.
3561 3500 3632 3555 Et
3680 3515 3816 3573 quo-

2217 3591 2382 3659 niam,
2420 3592 2558 3648 sicut
2585 3591 2911 3661 audivimus,
2943 3607 3042 3647 vos
3071 3591 3311 3647 laborem
3351 3598 3512 3661 atque
3539 3597 3817 3646 certamen

2216 3698 2318 3753 pro
2342 3681 2711 3738 Ecclesiarum
2744 3681 2843 3737 Dei
2871 3688 3014 3736 statu
3043 3688 3096 3736 et
3137 3678 3348 3752 imperii
3395 3679 3564 3735 vestri
3601 3678 3813 3734 incolu-

2218 3770 2419 3837 mitate,
2467 3778 2629 3842 atque
2678 3769 2955 3826 communi
3001 3769 3430 3824 Christianorum
3487 3767 3678 3834 salute,
3722 3767 3814 3837 pio

2218 3858 2414 3916 affectu
2430 3859 2626 3930 cupitis
2672 3858 2960 3930 perﬁcere,
3007 3857 3094 3912 his
3140 3857 3478 3930 apostolatus
3520 3855 3695 3912 nostri
3722 3855 3810 3910 lit-

2217 3948 2347 4006 teris
2373 3949 2730 4004 admonemus
2759 3956 2810 4003 et
2841 3949 3190 4003 exhortamur
3225 3954 3282 4002 ut
3328 3945 3504 4018 magis
3547 3961 3615 4002 ac
3640 3945 3814 4018 magis

2217 4039 2274 4094 in
2313 4038 2417 4094 hoc
2459 4045 2641 4094 vestra
2687 4036 2982 4108 imperialis
3027 4035 3331 4092 sollicitudo
3385 4031 3633 4105 proﬁciat
3666 4050 3679 4089 :
3712 4033 3812 4090 hoc

2219 4127 2447 4201 gloriam
2483 4135 2720 4182 vestram
2766 4126 3113 4182 obsecramus
3160 4133 3213 4181 et
3253 4122 3683 4197 magnitudinem
3729 4139 3813 4178 ve-

2218 4225 2385 4271 stram
2415 4223 2472 4270 ut
2501 4232 2626 4271 cum
2653 4215 2708 4270 in
2739 4215 2834 4269 has
2863 4223 3045 4286 partes
3071 4213 3258 4270 venire
3274 4212 3570 4283 coeperitis,
3605 4211 3812 4283 Suppo-

2217 4321 2344 4361 nem
2372 4303 2672 4376 gloriosum
2714 4304 2968 4360 comitem
2998 4312 3051 4360 et
3091 4317 3435 4360 communem
3465 4299 3683 4356 ﬁdelem
3712 4316 3810 4356 vo-

2145 4417 2199 4478 D
2221 4394 2434 4452 hiscum
2465 4393 2650 4451 venire
2671 4393 2930 4464 jubeatis.

2839 4507 3178 4564 CCCXXXI.

2279 4615 2354 4655 ΑΙ)
2380 4614 2736 4654 WILIBEBTUH
2765 4612 3244 4654 ARCHIEPISCOPUM
3273 4609 3742 4653 AGRIPPINENSKH.

2839 4689 3020 4757 (Anno
3047 4686 3198 4754 881.)

2225 4778 2592 4861 Commendat
2611 4779 2732 4848 ejus
2750 4777 3128 4861 vigilantiam,
3153 4779 3210 4831 et
3218 4777 3607 4861 presbyterum
3617 4790 3809 4858 quem-

2291 4850 2422 4906 dam
2449 4849 3030 4916 excommunicatum,
3064 4865 3220 4904 nunc
3271 4849 3451 4920 ipsius
3490 4849 3808 4920 testimonio

2296 4921 2463 4993 longa
2517 4921 2859 4994 pwnitentia
2879 4918 3358 4994 purgatum,_ejus_
3379 4918 3637 4994 precibus
3666 4933 3810 4994 com-

2289 4989 2476 5047 motus
2503 4989 2754 5056 absolvit,
2803 4989 3597 5046 et'sacerdotali‘ministerio
3644 4989 3808 5044 resti—

2294 5065 2411 5118 tuit
2439 5083 2457 5118 :
2477 5079 2712 5119 causam
2743 5061 3008 5118 Gedeonis
3040 5061 3293 5118 adulteri
3313 5062 3366 5118 ei
3391 5059 3720 5124 committit,
3747 5060 3811 5114 ut

2290 5137 2641 5190 sententiam
2671 5134 2943 5190 canonice
2969 5136 3140 5204 ferat.

2291 5222 2768 5278 Reverendissimo
2825 5229 2878 5277 et
2935 5220 3276 5278 sanctissimo
3324 5221 3690 5276 Winmnn'ro
3724 5233 3810 5274 ar-

2219 5311 2567 5384 chiepiscopo
2591 5310 2998 5384 Agrippinensi.

2291 5401 2562 5457 Almitatis
2617 5409 2722 5458 tuae
2768 5400 3108 5472 prudentiam
3166 5399 3486 5457 sacerdotali
3537 5396 3810 5471 vigilantia

2219 5507 2322 5564 pro
2351 5491 2538 5564 gregis
2569 5490 2838 5548 Dominici
2868 5490 2973 5547 sibi
3001 5489 3280 5547 commissi
3326 5488 3516 5558 salute,
3554 5496 3716 5561 atque
3745 5487 3812 5542 de
