4086 6304
186 331 290 384 937

1353 316 1710 378 EPISTOLAE
1755 313 1844 368 ET
1899 313 2244 372 DECRETA.

3385 314 3498 368 938

179 452 331 508 fauce
363 450 530 506 hostis
561 449 804 521 maligni,
843 449 935 521 qui
966 465 1184 520 semper
1214 449 1432 504 incauto
1463 447 1533 501 ad
1563 453 1779 500 aeternae
1804 439 1858 497 Α
1880 438 2004 508 psit.
2057 439 2166 494 Vos
2212 447 2410 504 tamen,
2462 453 2739 510 rogamus,
2793 444 2900 491 tam
2954 443 3176 492 strenue
3222 436 3387 510 agite,
3441 442 3504 491 ut

184 541 368 595 mortis
397 539 668 610 profunda
699 540 1016 609 pertrahere
1047 539 1204 592 avide
1227 545 1418 600 certat,
1443 535 1782 598 liberatione,

178 629 328 698 juxta
360 629 632 699 pastorale
662 627 1033 700 magisterium
1065 626 1385 681 reverentiae
1407 633 1510 678 tua:
1529 623 1788 693 divinitus

189 717 498 789 delegatum
530 716 818 771 sollicitam
867 715 1001 782 fore,
1050 715 1244 769 litteris
1287 713 1482 769 vestris
1530 711 1788 781 inspectis

187 805 484 860 luculenter
533 812 898 875 agnoscentes
955 804 1254 870 laudamus,
1303 819 1428 857 cum
1474 800 1790 871 apostolicae

189 889 334 943 sedis
365 888 710 960 privilegium
743 887 1054 957 perspicaci
1083 887 1281 943 mentis
1321 885 1510 939 intuitu
1557 900 1784 940 conser-

187 977 366 1031 vando
399 977 542 1031 hunc
574 985 679 1030 tua:
699 976 1004 1030 dimceseos
1026 975 1418 1045 presbyterum,
1456 972 1674 1027 nomine
1695 971 1788 1024 Tal

187 1065 408 1136 (aliqua
430 1065 680 1134 desunt),
711 1063 1037 1135 lngeltruda:
1049 1063 1278 1117 Bosonis
1293 1062 1563 1132 quondam
1579 1059 1793 1116 comitis

193 1152 348 1206 uxori
381 1160 552 1206 torum
583 1151 948 1223 conjugalem,
982 1159 1170 1206 contra
1216 1150 1414 1205 divinae
1462 1151 1602 1222 legis
1649 1166 1792 1219 prae-

193 1249 348 1312 cepta
379 1240 719 1312 relinquenti.
755 1242 822 1294 Et
863 1239 1066 1296 idcirco
1103 1240 1170 1293 ab
1215 1247 1558 1294 antecessore
1606 1246 1794 1292 nostro

195 1329 364 1384 beatae
397 1328 674 1383 memoriae
704 1344 843 1398 papa
885 1327 1109 1382 Nicolao
1137 1327 1379 1400 legitime
1419 1326 1796 1382 excommuni-

196 1425 375 1472 catum
428 1415 731 1486 improvide
787 1415 1224 1471 communicasse
1281 1415 1580 1485 reperiens,
1642 1429 1797 1469 sacra

192 1506 302 1573 jam
335 1504 461 1560 olim
490 1504 871 1560 communione
902 1504 1140 1574 privasti.
1176 1503 1350 1572 Quem
1398 1503 1627 1568 scilicet,
1673 1518 1798 1559 curn

198 1601 303 1648 tuae
333 1591 508 1648 ﬁdelis
538 1592 843 1648 devotionis
875 1592 1216 1647 attestatione
1256 1599 1440 1646 nostro
1487 1592 1799 1662 praesulatui

200 1681 462 1752 dirigens,
497 1665 778 1751 professus
809 1697 869 1735 es
901 1696 999 1750 per
1053 1695 1225 1734 annos
1281 1681 1532 1736 undecim
1595 1681 1802 1734 illatam

1887 527 2042 580 vobis
2070 527 2267 597 gratias
2297 525 2616 588 referamus,
2649 534 2701 579 et
2737 525 2936 593 majora
2967 525 3121 581 vobis
3151 525 3500 582 committere

1887 614 2200 670 invitemur.

2493 737 2879 793 CCCXXXIII.

2139 865 2210 905 AD
2251 866 2572 906 HICHAELEH
2611 867 2801 906 REGE!
2842 865 3232 906 BULGARORUK.

1928 967 2200 1021 Hortatur
2246 969 2313 1021 ut
2345 967 2418 1020 ad
2463 967 2631 1034 ﬁdem
2670 971 2726 1021 et
2775 967 3151 1021 obedientiam
3199 968 3462 1022 Romana;

2160 1037 2422 1091 Ecclesiae
2452 1037 2640 1091 redeat
2673 1041 2728 1091 et
2762 1038 2972 1107 legatos
3004 1038 3224 1091 mittat.

1964 1137 2238 1190 MICHAELI
2270 1137 2385 1207 regi
2416 1137 2792 1208 Bulgarorum.

1966 1224 2102 1279 Cum
2134 1241 2243 1279 non
2275 1233 2381 1278 tam
2413 1224 2566 1279 initia
2595 1225 2702 1278 sint
2739 1225 2794 1279 in
2839 1224 2996 1279 bonis
3027 1225 3292 1279 laudanda
3340 1241 3503 1297 quam

1896 1307 2038 1376 finis,
2074 1309 2187 1362 Deo
2237 1307 2590 1378 omnipotenti
2640 1308 2829 1363 factori
2860 1310 3098 1364 omnium
3130 1309 3420 1364 visibilium
3451 1316 3507 1365 et

1898 1395 2246 1450 invisibilium
2279 1396 2482 1466 gratias
2529 1396 2767 1468 agimus,
2803 1396 2892 1468 qui
2922 1405 3161 1451 vestrum
3195 1397 3337 1452 bene
3364 1397 3504 1453 velle

1899 1483 2158 1537 hactenus
2195 1483 2250 1536 in
2302 1483 2567 1538 soliditate
2618 1500 2764 1540 verte
2810 1482 2935 1538 fidei
2992 1484 3264 1550 solidavit,
3325 1491 3377 1539 et
3422 1484 3506 1540 sui

1902 1579 2198 1625 amatorem
2246 1569 2502 1635 efﬁciens,
2556 1579 2808 1642 tanquam
2854 1587 2916 1626 re
2973 1587 3098 1626 vera
3149 1588 3216 1626 ex
3266 1571 3503 1627 tenebris

1903 1658 2030 1712 olim
2062 1658 2242 1712 lumen
2273 1658 2658 1728 splendescere
2687 1658 2833 1727 fecit,
2868 1667 2921 1713 et
2951 1659 3019 1712 ad
3051 1659 3278 1713 salutem
3306 1658 3475 1714 multo

195 1769 298 1823 sibi
331 1768 900 1824 excommunicationis
949 1767 1264 1822 sententiam
1315 1768 1585 1823 humiliter
1631 1770 1796 1824 susti-
1821 1783 1873 1842 Β
2048 1745 2497 1842 δθἿίὲΠίξδίξηωη
2519 1762 2616 1842 (ξίξν
2653 1747 3089 1842 νθῆίωωιετξίίίθ
3121 1763 3234 1802 sua
3256 1747 3511 1842 patentia:

197 1857 380 1911 nuisse
417 1874 428 1912 :
462 1866 514 1911 et
546 1857 690 1927 quod
721 1873 786 1910 ex
818 1856 1022 1926 polluto
1053 1857 1324 1911 consortio
1364 1856 1579 1914 feminae
1629 1877 1798 1916 vene-

198 1961 327 1999 num
357 1952 664 2012 attraxerat,
699 1944 864 2015 longa
895 1945 1228 2014 paenitentia}
1264 1945 1630 2002 satisfactione
1665 1966 1800 2018 pur-

203 2049 384 2104 gasse,
419 2048 452 2087 a
480 2032 695 2088 vinculo
740 2049 850 2088 sua:
897 2033 1242 2103 obligationis
1289 2042 1345 2087 ut
1392 2035 1802 2091 absolveremus

198 2120 491 2176 mandasti.
528 2121 642 2174 Nos
671 2135 802 2174 vero
832 2120 1222 2175 misericordiae
1277 2121 1486 2187 intuitu,
1546 2124 1802 2193 precibus

203 2210 314 2264 tuis
366 2208 626 2273 inclinati,
675 2207 870 2262 interni
915 2207 1196 2262 arbitrium
1239 2209 1439 2277 judicis
1491 2221 1801 2281 sequentes,

213 2297 282 2351 ab
313 2296 483 2366 ipsius
513 2295 1085 2351 excommunicationis
1117 2296 1354 2362 vinculo,
1387 2297 1430 2351 si
1463 2297 1536 2352 ita
1555 2307 1658 2367 est,
1683 2315 1806 2354 eum

209 2383 560 2448 absolvimus,
596 2393 646 2439 et
677 2401 836 2439 omne
868 2383 1103 2440 officium
1135 2385 1220 2438 vel
1251 2385 1610 2440 ministerium
1631 2402 1809 2442 sacer-

208 2472 408 2537 dotale,
435 2473 582 2540 juxta
621 2473 1018 2543 praecedentem
1047 2473 1513 2538 consuetudinem,
1552 2475 1808 2543 jubemus

210 2559 523 2615 solemniter
552 2575 614 2614 ac
655 2559 824 2614 libere
884 2577 1008 2615 cum
1068 2561 1284 2615 Domini
1343 2577 1561 2631 semper
1613 2563 1808 2618 timore

209 2663 497 2718 peragere.
531 2648 794 2702 Praeterea
833 2648 902 2702 de
932 2649 1211 2714 Gedeone,
1245 2649 1399 2718 cujus
1427 2665 1657 2704 uxorem
1686 2667 1809 2705 cum

207 2750 477 2808 germano
506 2735 660 2789 istius
709 2736 1033 2791 adulterium
1081 2745 1430 2806 perpetrasse
1481 2737 1689 2802 fateris,
1744 2755 1810 2793 ex

209 2832 363 2895 parte
394 2823 543 2878 dubii
567 2823 881 2889 existentes,
927 2833 1108 2878 utrum
1163 2841 1353 2879 verum
1412 2825 1479 2878 sit
1542 2827 1688 2896 quod
1744 2827 1813 2880 de

207 2911 313 2966 hoc
341 2910 536 2966 dicitur
572 2927 765 2976 necne,
825 2911 1100 2967 dilectioni
1156 2920 1261 2967 tuae
1314 2913 1701 2968 committimus
1755 2922 1813 2968 ut

207 2998 357 3054 omni
388 3015 453 3054 ex
485 3007 640 3070 parte
670 2999 1027 3071 diligentique
1055 3016 1204 3065 cura,
1250 3001 1330 3056 rei
1379 3002 1540 3069 hujus
1587 3002 1813 3056 veritate

208 3095 506 3158 comperta,
560 3087 689 3158 quid
735 3104 896 3158 super
937 3089 1040 3143 hoc
1089 3089 1576 3143 excellentissimus
1623 3091 1872 3186 doctorC

212 3175 406 3231 beatus
435 3175 771 3247 Augustinus
801 3176 854 3230 in
889 3176 1038 3230 libris
1067 3176 1135 3230 de
1163 3177 1482 3232 adulterinis
1527 3177 1812 3249 Conjugiis

209 3263 279 3318 ad
309 3262 632 3318 Pollentium
661 3262 876 3329 dixerit,
931 3264 1168 3334 quidque
1216 3264 1409 3318 beatus
1462 3265 1812 3320 Innocentius

221 3366 370 3422 papa
401 3350 660 3406 vicesimo
692 3359 845 3406 sexto
887 3351 1124 3421 capitulo
1184 3353 1429 3406 statuerit
1513 3354 1702 3424 (epist.
1735 3354 1813 3422 2)

208 3439 482 3510 relegens,
516 3439 816 3495 secundum
846 3441 1040 3494 horum
1070 3440 1405 3494 sanctionem
1453 3441 1527 3494 ita
1570 3439 1807 3495 difﬁnire

208 3534 470 3598 procuret
503 3545 517 3593 ;
550 3535 818 3598 quatenus
846 3528 1127 3582 animabus
1159 3544 1345 3583 eorum
1363 3545 1460 3598 per
1481 3528 1814 3599 poenitentiae

207 3613 451 3670 remedia
481 3615 755 3671 subveniri
786 3615 974 3686 possit,
1012 3626 1064 3670 et
1101 3631 1330 3687 corpora
1375 3633 1474 3687 per
1521 3624 1627 3671 tuae
1674 3632 1807 3670 san-

205 3703 407 3759 ctitatis
437 3703 839 3774 providentiam
890 3705 1187 3758 secundum
1229 3705 1404 3759 Deum
1453 3704 1507 3758 in
1555 3704 1810 3758 omnibus

207 3790 536 3864 dirigantur.

775 3898 1140 3954 CCCXXXII.

407 3999 480 4040 AD
517 4000 742 4040 LEONBH
763 4030 776 4051 ,
816 4000 1148 4128 amongst
1169 4002 1257 4126 )a'r
1293 4001 1615 4042 LANDONBM.

889 4073 998 4111 nno
1107 4065 1160 4114 2.

889 4073 998 4111 nno
1039 4065 1160 4114 882.

212 4147 284 4204 Ut
331 4145 606 4201 Auxentii
651 4145 874 4213 ﬁlium,
925 4145 990 4216 ao
1040 4145 1326 4214 Attinul/‘o
1362 4149 1620 4216 captum,
1654 4145 1808 4214 patri

672 4215 1092 4270 restituendum
1131 4219 1352 4270 curent.

287 4304 460 4359 Luom
499 4303 756 4373 episcOpo
805 4302 1116 4367 Thienensi,
1167 4303 1294 4356 item
1343 4302 1641 4356 LANDULFO
1689 4300 1806 4372 epi-

211 4407 404 4462 scopo,
438 4398 493 4445 et
521 4391 775 4444 LANDONI
808 4389 1071 4460 gastaldio
1100 4390 1241 4458 patri
1274 4390 1409 4458 ejus.

1902 1834 2202 1888 illustravit.
2261 1833 2369 1889 Sed
2428 1843 2479 1888 et
2537 1835 2660 1889 hinc
2719 1835 2993 1890 devotioni
3040 1843 3231 1890 vestrae
3283 1835 3506 1906 dignum

1900 1922 2148 1976 duximus
2178 1938 2452 1994 congruas
2482 1931 2662 1994 grates
2710 1921 2936 1989 referre,
2982 1923 3127 1994 quod
3163 1923 3356 1994 partim
3387 1921 3510 1978 ﬁnis

1901 2010 2152 2074 ostendit,
2189 2027 2349 2081 quam
2397 2009 2705 2065 fidelitatem
2753 2027 2884 2081 erga
2931 2019 3178 2066 sanctam
3209 2011 3510 2068 Romanam

1901 2097 2205 2152 Ecclesiam
2226 2098 2466 2152 omnium
2497 2106 2764 2152 terrarum
2792 2107 3028 2154 matrem
3061 2107 3114 2154 et
3144 2106 3304 2168 caput
3331 2099 3512 2154 obser-

1902 2200 2026 2239 vare
2058 2185 2273 2240 curetis.
2309 2187 2440 2240 Cum
2483 2187 2622 2241 hanc
2670 2195 2722 2241 et
2762 2185 2912 2242 initio
2962 2195 3159 2242 vestrae
3184 2187 3506 2242 conversio-

1905 2271 1988 2326 nis
2019 2273 2367 2344 quaesieritis,
2409 2281 2460 2328 et
2489 2274 2556 2326 ad
2597 2290 2842 2344 praesens
2889 2273 3278 2330 auxiliatricem
3307 2275 3511 2329 habere

1905 2361 1976 2414 ad
2023 2353 2338 2431 perpetuam
2407 2361 2614 2416 scilicet
2667 2370 2904 2417 vestram
2961 2363 3314 2416 salvationem
3353 2376 3515 2416 mon-

1915 2456 2088 2503 strare
2143 2465 2250 2503 non
2295 2449 2604 2514 omiseritis,
2665 2458 2879 2504 sanctos
2928 2449 3176 2504 videlicet
3231 2449 3513 2518 apostolos

1909 2535 2200 2604 visitando,
2234 2545 2286 2591 et
2316 2553 2521 2602 eorum,
2565 2544 2620 2591 ut
2657 2536 2911 2605 diximus,
2943 2535 3200 2608 suffragia
3227 2535 3512 2606 postulan-

1911 2623 2001 2678 do.
2035 2624 2208 2694 Igitur
2237 2625 2533 2679 absurdum
2566 2624 2721 2680 valde
2751 2633 2832 2678 est
2862 2641 2922 2680 ac
2951 2625 3338 2680 inconveniens
3369 2623 3516 2695 quod

1913 2712 2004 2780 pia
2062 2720 2239 2766 vestra
2288 2712 2537 2767 voluntas
2590 2713 2750 2767 aliter
2807 2729 2866 2768 se
2929 2721 3050 2783 post
3106 2712 3310 2767 habere
3350 2710 3518 2767 voluit

1916 2814 2099 2868 quam,
2135 2799 2272 2855 sicut
2303 2800 2555 2854 omnibus
2603 2809 2786 2855 notum
2821 2807 2920 2865 est,
2956 2800 3338 2870 primum.Vos
3371 2798 3517 2854 enim

1913 2885 2174 2941 divinitus
2204 2887 2450 2954 inspirati
2482 2895 2710 2941 matrem
2729 2887 2906 2942 omnis
2937 2887 3236 2959 religionis,
3280 2895 3522 2942 sanctam

1918 2975 2118 3045 quippe
2151 2975 2448 3030 Romanam
2481 2975 2786 3030 Ecclesiam
2816 2975 3136 3043 ductricem,
3169 2983 3222 3030 et
3251 2975 3392 3029 viam
3418 2990 3520 3044 per

1917 3077 2076 3132 quam
2109 3062 2178 3116 ad
2216 3062 2531 3116 aeternitatis
2564 3077 2764 3132 pascua
2797 3063 3149 3127 duceremini,
3199 3062 3389 3116 merito
3419 3077 3520 3116 ex-

1909 3149 2152 3218 petistis;
2187 3157 2239 3203 et
2269 3149 2383 3216 illa,
2409 3149 2533 3220 quia
2577 3150 2829 3204 omnibus
2861 3148 3112 3203 fidelibus
3159 3149 3370 3205 viscera
3401 3165 3516 3204 ma-

1913 3243 2066 3289 terna
2095 3237 2299 3306 praebet
2321 3252 2386 3291 ac
2423 3236 2668 3306 praebuit,
2703 3252 2802 3292 vos
2841 3237 3097 3306 expansis
3126 3237 3193 3290 ad
3223 3237 3398 3291 Deum
3428 3235 3516 3290 ul-

1911 3321 2015 3392 nis,
2051 3323 2268 3378 Christo
2297 3324 2502 3394 gratias
2533 3339 2725 3395 agens,
2761 3324 2967 3394 recepit
2999 3341 3012 3376 :
3045 3339 3388 3395 consequens
3419 3322 3517 3378 fuit

1910 3418 1966 3464 ut
1998 3427 2029 3464 a
2060 3411 2194 3466 recti
2226 3428 2420 3482 gressu
2451 3411 2676 3476 itineris,
2701 3411 2757 3464 in
2775 3418 2986 3481 partem
3006 3427 3114 3466 non
3138 3410 3516 3479 flecteremini,

1909 3513 2010 3552 nec
2080 3513 2316 3553 manum
2379 3498 2654 3552 mittentes
2719 3498 2774 3551 in
2814 3507 3090 3563 aratrum,
3121 3498 3516 3568 retroaspicere

1911 3585 2286 3657 cujuscunque
2319 3585 2463 3640 forte
2513 3585 2858 3640 suasionibus
2905 3585 3232 3640 niteremini.
3263 3583 3523 3655 Nunquid

1908 3689 2040 3739 non,
2097 3672 2169 3727 fili
2210 3673 2567 3737 charissime,
2632 3681 2878 3729 sanctum
2935 3673 3294 3743 Evangelium
3352 3672 3517 3727 surda

1906 3776 2038 3816 aure
2068 3761 2283 3829 auditis,
2319 3777 2426 3833 quo
2459 3761 2660 3832 legitur
2695 3777 2707 3815 :
2745 3762 2850 3828 Qui
2877 3763 3319 3833 perseveraverit
3345 3777 3518 3834 usque

1911 3851 1975 3903 in
2007 3850 2200 3918 ﬁnem,
2238 3851 2326 3904 hic
2359 3850 2548 3905 salvus
2580 3850 2736 3904 erit?
2764 3850 2984 3921 (Matth.
3022 3850 3233 3919 x.)Aut
3264 3848 3310 3902 si
3340 3849 3519 3904 audis~

1909 3936 1977 3990 tis
2008 3945 2060 3991 et
2089 3937 2360 4006 obauditis
2397 3955 2410 3990 :
2446 3937 2640 3992 Redite
2673 3937 2744 3991 ad
2775 3941 3023 3992 mentem
3044 3941 3306 4001 vestram,
3341 3937 3518 3992 redite

1907 4024 1979 4078 ad
2010 4030 2152 4080 cor?
2183 4026 2314 4093 (Isa.
2360 4028 2538 4092 xnvr.)
2562 4025 2629 4078 Et
2660 4032 2851 4078 vestrae
2881 4024 3188 4093 sponsionis
3218 4023 3524 4078 reminisci-

1909 4111 2060 4164 mini.
2099 4111 2239 4178 Quia
2267 4112 2391 4181 plus
2412 4127 2568 4165 amor
2589 4118 2642 4164 et
2664 4111 2825 4164 timor
2857 4110 2954 4164 Dei
2981 4126 3080 4164 vos
3107 4110 3231 4165 fecit
3259 4127 3380 4165 esse
3403 4127 3517 4166 cre-

1908 4198 2092 4252 dulum
2108 4199 2391 4268 apostolici
2411 4197 2703 4268 privilegii,
2721 4212 2904 4267 quam,
2920 4205 2977 4252 ut
2994 4198 3067 4252 ita
3084 4197 3516 4263 dixerim,exem-

1906 4286 1998 4356 pla
2026 4287 2338 4341 multorum.
2367 4287 2422 4341 Si
2444 4286 2586 4340 enim
2605 4287 2748 4356 quod
2772 4285 3079 4356 quicunque
3101 4286 3214 4340 Deo
3231 4285 3394 4350 vovit,
3409 4287 3516 4341 hoc

1925 4375 2081 4429 debet
2110 4385 2161 4430 et
2190 4375 2440 4442 reddere,
2476 4374 2634 4429 valde
2665 4382 2878 4444 oportet
2922 4382 2980 4428 ut
3009 4389 3106 4428 vos
3135 4373 3282 4444 quod
3311 4381 3516 4430 sanctae

289 4461 487 4533 Auditu
531 4477 749 4533 certiori
779 4477 1137 4547 comperimus
1169 4478 1313 4548 quod
1361 4475 1525 4530 filium
1568 4477 1808 4532 Auxentii

1915 4467 2171 4520 Romana:
2201 4463 2460 4518 Ecclesiae
2490 4471 2681 4532 sponte
2711 4461 2932 4516 vovistis
2953 4502 2966 4529 ,
3000 4461 3106 4516 fine
3138 4471 3292 4516 tenus
3321 4461 3515 4516 redde-

208 4566 491 4637 Capuani,
555 4574 800 4621 nostrum
860 4565 1116 4619 duntaxat
1188 4565 1464 4636 proprium
1522 4565 1815 4632 hominem,

210 4653 511 4710 Attinulfus
538 4661 773 4724 caperet,
808 4661 861 4707 et
891 4669 999 4707 non
1031 4653 1168 4707 bene
1199 4661 1430 4708 tractans
1461 4669 1583 4708 eum
1615 4653 1818 4709 violen-

212 4752 302 4798 ter
350 4751 573 4806 teneret,
621 4742 764 4814 quod
811 4740 1100 4796 admodum
1151 4735 1523 4796 admiramur:
1576 4749 1626 4796 et
1676 4743 1820 4812 quod

211 4831 327 4887 tale
358 4831 486 4902 quid
514 4829 920 4901 praesumpserit
948 4845 1143 4902 agere,
1179 4830 1406 4884 moleste
1440 4830 1638 4900 quippe
1667 4845 1823 4886 acce-

213 4920 422 4992 pimus.
457 4919 611 4974 Unde
640 4918 794 4973 vobis
833 4918 999 4972 nostri
1048 4917 1378 4988 apostolatus
1421 4917 1611 4972 litteris
1641 4919 1822 4987 injun—

215 5024 355 5080 gere
386 5007 608 5078 dignum
659 5005 928 5072 duximus,
985 5014 1045 5060 ut
1087 5022 1302 5060 omnem
1333 5022 1553 5075 operam
1585 5007 1744 5074 detis,
1772 5015 1825 5061 et

218 5113 292 5151 ex
352 5102 533 5150 nostra
598 5101 751 5166 parte
812 5094 914 5164 ipsi
996 5093 1255 5148 Attinulfo
1316 5093 1497 5147 tandiu
1565 5094 1826 5148 insistatis

215 5199 505 5256 quousque
535 5181 784 5238 eumdem
816 5181 1065 5236 Auxentii
1097 5180 1282 5248 ﬁlium,
1315 5180 1588 5235 hominem
1621 5181 1826 5236 scilicet

219 5279 493 5337 nostrum,
542 5269 678 5340 patri
727 5285 825 5323 suo
874 5269 1078 5322 salvum
1129 5268 1392 5329 restituat,
1446 5277 1497 5321 et
1546 5284 1668 5322 cum
1716 5269 1828 5324 suis

215 5358 537 5414 hominibus
569 5357 757 5413 reddat
787 5357 1035 5412 illaesum.
1087 5356 1336 5426 Alioquin
1374 5344 1690 5410 sententiam
1724 5373 1828 5411 no-

221 5455 402 5501 stram
448 5446 677 5500 evadere
725 5461 832 5499 non
880 5444 1094 5515 poterit,
1147 5444 1233 5513 qui
1285 5452 1525 5497 nostrum
1556 5444 1830 5498 hominem

219 5543 338 5589 tam
385 5533 699 5603 simpliciter
747 5532 1112 5587 ambulantem
1161 5530 1396 5602 afﬂigere
1441 5547 1550 5586 non
1583 5539 1832 5586 contem-

442 5648 682 5704 PA'raOL.
727 5647 974 5703 CXXVI.

1917 4571 1977 4608 re
2008 4552 2284 4620 studeatis,
2310 4567 2418 4606 non
2449 4551 2764 4622 ignorantes
2787 4550 2930 4620 quod
2953 4550 3139 4603 beatus
3168 4550 3357 4603 Petrus
3387 4564 3516 4618 apo-

1920 4641 2088 4696 stolus
2119 4640 2271 4712 regni
2321 4639 2556 4694 caelestis
2601 4638 2780 4693 claves
2826 4653 2858 4692 a
2890 4638 3120 4691 Domino
3149 4637 3275 4690 Jesu
3305 4636 3516 4692 Christo

1921 4729 2207 4799 acceperit,
2241 4736 2291 4782 et
2323 4728 2630 4798 quibusque
2663 4725 2913 4780 fidelibus
2943 4724 3244 4795 aperiendi,
3277 4725 3395 4778 aliis
3423 4741 3518 4778 au-

1922 4827 2029 4873 tem
2071 4815 2354 4872 claudendi
2402 4814 2758 4885 promeruerit
2804 4821 3142 4883 potestatem.
3193 4812 3303 4867 Hac
3333 4812 3514 4884 igitur,

1923 4907 2060 4961 sicut
2090 4913 2140 4960 et
2187 4903 2353 4958 nostri
2400 4903 2863 4973 praedecessores,
2913 4917 3013 4954 nos
3057 4909 3342 4970 potestate,
3391 4901 3519 4956 licet

1924 4993 2154 5065 indigni,
2194 5000 2424 5055 utentes,
2450 4991 2718 5062 cogimur,
2745 4989 2788 5042 si
2811 5004 2916 5042 non
2940 4987 3356 5042 emendaveritis
3378 4989 3521 5060 quod

1923 5081 2199 5154 gessistis,
2243 5088 2295 5134 et
2340 5079 2407 5133 ad
2455 5094 2694 5148 praesens
2740 5093 2838 5131 vos
2886 5076 2938 5129 in
2988 5077 3091 5130 hoc
3128 5077 3324 5131 seculo
3352 5077 3518 5149 digne

1925 5169 2215 5238 corripere,
2243 5175 2293 5222 et
2317 5177 2369 5220 ut
2395 5166 2449 5219 in
2472 5166 2666 5232 futuro,
2689 5172 2940 5235 quantum
2964 5164 3016 5217 in
3039 5164 3197 5218 nobis
3219 5173 3320 5231 est,
3352 5165 3524 5220 male-

1927 5256 2255 5312 dictionibus
2277 5253 2617 5324 repleamini,
2641 5269 2748 5306 non
2785 5252 3081 5322 praeterire.
3108 5253 3276 5321 Hujus
3307 5254 3381 5308 rei
3403 5269 3528 5323 gra-

1927 5346 2021 5409 tia,
2054 5344 2130 5397 fili
2171 5342 2511 5408 charissime,
2563 5341 2812 5395 festinate
2849 5340 3123 5409 corrigere
3171 5343 3311 5410 quod
3344 5341 3526 5410 inique

1930 5432 2212 5504 gessistis;
2250 5439 2298 5484 et
2333 5430 2478 5483 omni
2508 5429 2793 5484 occasione
2837 5428 3091 5499 omnique
3121 5444 3274 5483 mora
3305 5436 3530 5498 postpo-

1931 5521 2050 5585 sita,
2084 5519 2240 5574 nobis
2271 5534 2372 5588 per
2411 5526 2649 5572 vestrum
2680 5517 2918 5587 legatum
2949 5517 3208 5587 quidquid
3237 5532 3403 5586 super
3432 5516 3536 5570 hoc

3074 5641 3142 5692 30
