4086 6298
546 310 653 364 939

1822 300 2118 359 JOANNIS
2178 298 2372 354 ΡΑΡΕ
2424 299 2567 355 VIII.

3740 297 3842 351 940

550 430 845 487 emendare
877 429 1058 497 vultis,
1091 430 1347 485 mandate
1379 446 1391 483 :
1425 428 1554 500 quia
1590 444 1721 494 nos,
1753 429 1870 482 Deo
1894 427 2137 496 juvante,
2170 422 2480 483 Anominis
2524 423 2581 478 in
2627 422 2979 478 Christicolas
3035 421 3456 486 debacchantur,
3487 426 3636 475 tanto
3680 420 3842 474 vehe-

552 533 771 575 omnem
801 519 1137 575 voluntatem
1166 526 1365 574 vestrae
1394 516 1753 573 correctionis
1782 514 2148 585 implebimus,

552 614 606 662 et
633 622 731 663 vos
760 607 944 662 anima
993 614 1046 662 et
1090 621 1321 676 corpore
1363 605 1546 661 salvos
1594 605 1828 659 existere
1867 604 2150 673 cupientes

549 711 774 751 causam
807 695 1111 752 secundum
1138 696 1313 750 Deum
1339 694 1593 750 ordinare
1626 692 1982 748 studebimus.
2042 772 2052 783 ‘

1156 836 1542 892 CCCXXXIV.

788 941 862 980 AD
902 939 1299 982 IMPERATORI!“
1355 939 1425 979 ΕΤ
1478 936 1911 978 ῙΜΡΕΒΑΤΚΙΟΕΠ.

1069 1014 1284 1085 Fragm.
1318 1043 1387 1052 —
1416 1014 1541 1080 (An.
1576 1013 1724 1080 882.)

621 1101 755 1157 Cum
788 1101 996 1156 reversi
1027 1100 1337 1164 fuissemus,
1371 1100 1555 1155 omnia
1604 1086 1786 1153 littora
1830 1106 2017 1153 nostra
2049 1097 2151 1151 de-

554 1188 801 1259 praedata
831 1189 994 1245 etiam
1025 1197 1077 1243 et
1104 1190 1161 1242 in
1190 1188 1393 1242 Fundis
1414 1196 1465 1243 et
1499 1188 1553 1241 in
1583 1187 1897 1255 Terracina,
1930 1186 2077 1241 velut
2097 1186 2152 1239 in

551 1276 715 1332 domo
746 1277 966 1347 propria
992 1276 1194 1331 multos
1216 1276 1523 1332 Saracenos
1542 1276 1849 1331 invenimus
1881 1275 2146 1340 residere,

550 1380 652 1435 pro
680 1365 877 1435 quibus
907 1380 1016 1419 non
1065 1364 1188 1435 plus
1233 1380 1392 1435 quam
1422 1364 1662 1435 quinque
1685 1364 1878 1418 diebus
1911 1364 1968 1417 in
2000 1363 2151 1418 Urbe

555 1460 861 1518 manentes,
894 1453 1143 1523 quamvis
1188 1452 1436 1522 corporis
1482 1467 1594 1506 non
1631 1451 1847 1506 modica
1878 1451 2150 1505 detinere-

553 1556 675 1594 mur
718 1540 985 1605 molestia,
1021 1539 1284 1594 exivimus
1312 1556 1436 1595 cum
1480 1538 1733 1594 fidelibus
1763 1539 1983 1605 nostris,
2018 1554 2151 1609 quo-

553 1644 696 1693 rum,
728 1628 960 1683 Domino
991 1628 1300 1697 adjuvante,
1335 1628 1601 1698 coepimus
1630 1644 1796 1683 naves
1826 1628 2148 1683 octodecim.

552 1714 811 1771 Saraceni
841 1731 972 1770 vero
992 1715 1144 1770 multi
1165 1716 1335 1772 occisi
1365 1724 1509 1781 sunt,
1544 1715 1787 1786 captivos
1819 1724 2000 1770 autem
2032 1715 2149 1770 fere

552 1812 839 1859 sexcentos
884 1803 1257 1858 liberavimus.
1310 1804 1438 1858 Ideo
1482 1805 1637 1859 vobis
1677 1805 2021 1859 venientibus
2051 1821 2153 1858 ne-

553 1907 708 1947 cesse
737 1890 895 1946 valde
926 1899 1007 1945 est
1036 1899 1093 1945 ut
1123 1891 1242 1946 talis
1262 1892 1317 1945 in
1343 1892 1617 1946 littoribus
1646 1892 1869 1946 marinis
1900 1891 2155 1946 fortitudo

550 1980 795 2034 virorum
843 1987 1142 2045 remaneat,
1204 1996 1434 2050 quorum
1478 1980 1676 2035 virtute
1732 1989 1921 2034 nostra
1974 1981 2155 2035 omnia

554 2066 703 2121 salva
734 2066 1054 2132 consistant,
1086 2074 1139 2121 et
1177 2083 1240 2121 ea
1270 2084 1392 2139 quae
1421 2068 1655 2123 necdum
1683 2067 2001 2139 depraedata
2034 2076 2155 2123 sunt

551 2152 676 2209 loca
707 2168 816 2209 non
844 2153 1176 2225 praedentur.

1172 2276 1536 2333 CCCXXXV.
1768 2331 1783 2342 ,

850 2378 924 2420 AD
964 2379 1374 2421 ANGBLBERTAI
1413 2380 1846 2422 IMPERATRICEI.

1032 2452 1249 2525 Fragm.
1284 2483 1354 2494 -
1383 2454 1510 2525 (An.
1543 2454 1678 2524 inc.)

619 2546 706 2603 Ad
743 2548 849 2604 hoc
896 2562 1069 2620 usque
1105 2549 1310 2604 malum
1360 2550 1530 2605 crevit
1578 2558 1629 2604 et
1659 2549 2020 2605 incrassatum
2050 2558 2153 2615 est,

548 2643 609 2691 ut
653 2634 887 2691 factione
913 2636 1243 2691 Ravennatis
1283 2637 1688 2708 archiepiscopi
1719 2639 1992 2693 Maurinus
2033 2653 2159 2693 cum

553 2722 667 2778 suis
688 2723 1066 2794 complicibus,
1101 2725 1192 2796 qui
1232 2725 1680 2780 excommunicati
1711 2733 1765 2780 et
1793 2726 2159 2781 anathemati-

554 2810 661 2865 zati
708 2826 742 2865 a
792 2810 952 2865 nobis
975 2811 1089 2879 jam
1136 2820 1279 2877 sunt,
1326 2813 1643 2868 Ravennam
1674 2813 2075 2886 ingrederetur,
2108 2822 2162 2870 et

552 2896 793 2953 fidelium
824 2906 1132 2953 nostrorum
1162 2914 1254 2954 res
1282 2916 1409 2955 cum
1458 2900 1538 2955 eis
1584 2899 1825 2958 funditus
1854 2910 2073 2973 raperet
2096 2918 2162 2957 ac

554 2986 887 3053 devastaret,
923 2986 1065 3042 adeo
1111 2995 1170 3041 ut
1197 2986 1382 3043 claves
1427 2988 1660 3044 civitatis
1685 2990 1958 3045 Ravenna
1988 3007 2017 3043 a
2049 2991 2160 3045 Ve-

555 3073 782 3130 starario
824 3082 1018 3146 nostro
1071 3074 1340 3132 violenter
1386 3077 1725 3133 subtraheret
1772 3085 1825 3133 et
1866 3093 1968 3149 pro
2006 3078 2160 3133 libitu

557 3176 677 3227 suo,
709 3161 983 3218 nescimus
1013 3162 1167 3232 cujus
1211 3164 1546 3232 auctoritate,
1579 3165 1684 3236 ipsi
1723 3166 2156 3238 archiepiscopo,

557 3248 700 3320 quod
733 3265 1013 3322 nunquam
1060 3249 1265 3306 factum
1304 3250 1473 3308 fuisse
1522 3253 1800 3323 recolitur,
1832 3255 2161 3326 potestative

558 3336 913 3392 concederet.

1166 3408 1555 3483 cccxxxvl.

1181 3509 1255 3550 AD
1285 3510 1538 3553 EAIDEI.

1024 3581 1244 3654 Fragm.
1284 3615 1354 3625 —
1396 3585 1523 3652 (An.
1566 3585 1702 3655 inc.)

629 3682 911 3760 Siquidem
948 3700 1073 3742 cum
1099 3670 1302 3743 *irtute
1334 3689 1453 3759 Dei,
1486 3690 1682 3745 melius
1704 3707 1864 3762 quam
1890 3692 2160 3759 Naletam,

578 3789 689 3845 ruas
715 3780 903 3829 nostra
933 3782 1056 3828 sunt
1085 3774 1440 3832 defendemus
1472 3785 1524 3832 et
1567 3777 1781 3833 illorum
1809 3779 1866 3833 in
1894 3780 2041 3835 nullo
2070 3796 2165 3851 pe-

567 3860 714 3916 nitus
757 3859 1087 3931 indigemus,
1141 3862 1436 3919 dromones
1483 3864 1736 3921 videlicet
1780 3883 1903 3921 cum
1951 3868 2166 3924 ceteris

567 3947 802 4003 navibus
831 3957 1232 4019 construentes,
1285 3959 1339 4006 et
1368 3960 1566 4009 caetera
1594 3968 1729 4009 vasa
1757 3954 1954 4012 bellica
1984 3964 2035 4012 et
2064 3972 2166 4028 ap-

565 4044 809 4108 paratus,
855 4037 983 4108 quin
1011 4038 1192 4109 potius
1223 4047 1276 4095 et
1305 4039 1454 4112 ipsos
1482 4041 1693 4097 animos
1716 4042 1993 4098 hominum
2021 4062 2166 4116 prae-

563 4132 842 4195 parantes,
877 4134 929 4182 et
959 4126 1225 4184 adversus
1261 4129 1487 4186 hostiles
1516 4130 1765 4188 incursus
1796 4132 2169 4190 indesinenter

569 4222 870 4269 armantes.

1168 4304 1580 4362 CCCXXXVII.

1191 4406 1264 4446 AD
1295 4408 1546 4449 EAIDEH.

1038 4477 1260 4549 Fragm.
1302 4509 1371 4522 —
1408 4481 1535 4552 (An.
1576 4481 1710 4554 inc.)

584 4564 833 4621 Επαεαί
861 4565 1137 4621 Joannem
1175 4568 1494 4639 episwpum
1529 4573 1804 4627 removeri
1832 4573 1898 4628 de
1936 4575 2169 4631 militia.

810 4653 966 4717 [Apud
988 4654 1161 4718 Grad.,
1192 4657 1337 4707 Decr.
1369 4670 1425 4720 ιι,
1447 4671 1493 4708 c.
1518 4659 1603 4723 25,
1630 4671 1679 4722 q.
1708 4661 1759 4722 8,
1786 4675 1833 4712 c.
1864 4663 1939 4725 1.]

645 4752 883 4807 Nimium
915 4752 1016 4825 [αι.
1059 4754 1331 4828 nimirum]
1363 4766 1511 4813 certe
1554 4768 1787 4828 veretur,
1834 4769 1887 4817 et
1910 4763 2034 4832 jure
2062 4763 2173 4820 for-

575 4838 741 4893 midat
780 4849 969 4896 contra
1016 4841 1412 4912 professionem
1457 4846 1541 4901 sui
1600 4849 1803 4903 ordinis
1856 4852 2172 4908 saecularem

574 4925 821 4981 militiam
869 4944 1122 4985 exercere
1165 4948 1178 4984 :
1231 4938 1432 4988 terram
1481 4935 1797 5003 defendere,
1845 4940 1914 4995 de
1968 4942 2171 5012 praeliis

574 5021 824 5082 tractare,
859 5016 927 5072 de
957 5018 1123 5073 armis
1152 5026 1382 5078 terrena:
1409 5025 1690 5094 potestatis
1720 5034 1821 5082 est.

1149 5151 1588 5211 CCCXXXVIII.

847 5248 922 5290 AD
958 5250 1294 5296 υοωοιιςκ
1329 5256 1516 5299 ΒΠΟΕΗ
1553 5259 1886 5303 αιοιιῐοεῐηι.

1047 5326 1266 5400 Fragm.
1298 5358 1368 5371 —
1397 5331 1533 5399 (Inc.
1575 5335 1693 5405 an.)

638 5428 913 5483 Praeterea
940 5428 1246 5488 devotionis
1281 5441 1389 5491 tuae
1430 5437 1666 5494 studium
1704 5440 2075 5509 exhortamur,
2109 5450 2166 5497 ut

566 5522 758 5570 contra
798 5516 1037 5574 marinos
1089 5518 1445 5594 latrunculos,
1493 5525 1583 5597 qui
1631 5527 1732 5582 sub
1778 5537 2046 5599 praetextu
2087 5530 2164 5587 tui

2189 3122 2238 3184 C

2250 512 2484 566 mentius
2513 511 2860 576 accendatur,
2891 518 3091 582 quanto
3117 510 3333 564 illorum
3363 509 3625 579 pravitate
3646 507 3850 563 famam

2248 600 2325 655 tui
2355 601 2593 655 nominis
2631 600 2968 656 obfuscatam
3006 598 3173 654 fuisse
3218 598 3529 669 cognoscis,
3586 596 3847 668 quoniam

2249 687 2376 743 licet
2401 688 2554 743 credi
2584 688 2756 758 possit
2786 687 2949 758 quod,
2985 695 3037 742 te
3079 687 3317 753 nolente,
3351 685 3431 740 illi
3459 684 3846 757 navigantibus

2232 775 2591 841 insidientur,
2623 783 2806 831 tamen
2838 775 2961 846 quia
2987 791 3019 829 a
3046 782 3101 829 te
3139 773 3426 845 comprimi
3454 789 3618 844 posse
3647 772 3844 828 dicun-

2252 872 2357 929 tur,
2400 864 2505 917 nisi
2550 880 2646 919 eos
2688 863 3097 934 compresseris,
3147 862 3401 917 innoxius
3447 877 3556 917 non
3601 859 3844 916 haberis.

2251 951 2520 1021 Scriptum
2579 952 2780 1023 quippe
2835 959 2917 1006 est
2965 968 2978 1006 ε
3022 950 3128 1019 Qui
3183 950 3429 1017 crimina,
3488 965 3614 1007 cum
3668 955 3849 1020 potest

2251 1040 2545 1095 emendare
2574 1055 2684 1095 non
2714 1040 2963 1112 corrigit,
2993 1038 3111 1111 ipse
3138 1038 3443 1095 committit.

2854 1163 3242 1219 CCCXXXIX.

2337 1261 2411 1302 AD
2450 1262 2783 1303 ROSTAGNUM
2822 1261 3299 1302 ARCHIEPISCOPUM
3336 1259 3760 1303 ΑιιειΑτεΝεεκ.

2733 1336 2955 1408 Fragm.
2986 1366 3055 1375 —
3080 1337 3206 1405 (An.
3239 1335 3374 1406 inc.)

2254 1424 2658 1479 Communione
2682 1425 2953 1496 privetur
2999 1440 3223 1496 Sponsa,
3262 1425 3380 1496 nisi
3413 1426 3701 1496 raptorem
3750 1420 3846 1478 de-

2321 1510 2507 1550 serere
2545 1498 2603 1550 et
2622 1494 3175 1559 ad’sponsum-suum
3208 1494 3396 1549 redire
3426 1494 3687 1549 valuerit.

2322 1600 2464 1654 Atho
2510 1599 2859 1669 praesentium
2909 1600 3067 1661 lator,
3117 1600 3243 1653 dum
3292 1599 3347 1653 in
3395 1606 3579 1654 nostro
3627 1597 3851 1653 servitio

2252 1685 2485 1743 ﬁdeliter
2532 1688 2845 1755 excubaret,
2893 1687 3184 1758 quemdam
3233 1687 3407 1742 virum
3447 1685 3699 1741 feminam
3748 1685 3854 1740 sibi

2181 1775 2639 1845 Bdesponsatam
2688 1774 2929 1846 queritur
2976 1774 3240 1845 rapuisse.
3293 1774 3360 1829 Et
3387 1774 3510 1829 ideo
3545 1773 3855 1830 fraternitas

2257 1871 2364 1928 tua,
2418 1862 2737 1918 auctoritate
2784 1871 2971 1918 nostra
3021 1862 3256 1929 suﬁ‘ulta,
3305 1861 3684 1933 suffraganeos
3724 1877 3856 1916 suos

2255 1951 2543 2021 episcopos
2591 1951 3006 2022 praesentialiter
3032 1960 3333 2017 convocet;
3383 1951 3567 2022 sicque
3610 1950 3855 2004 unanimi

2256 2039 2539 2108 sententia,
2593 2039 2639 2093 si
2687 2054 2941 2109 sponsam
2988 2039 3114 2094 huic
3162 2047 3345 2109 raptor
3380 2054 3489 2093 non
3520 2034 3851 2108 reddiderit,

2256 2134 2367 2181 tam
2396 2126 2541 2181 idem
2571 2142 2731 2198 quam
2760 2134 2932 2197 rapta,
2966 2126 3012 2181 si
3056 2126 3124 2181 ad
3158 2141 3417 2197 sponsum
3445 2126 3733 2197 pristinum
3762 2142 3852 2182 re-
3890 2110 3905 2120 ’

2256 2230 2439 2272 meare
2468 2214 2719 2281 noluerit,
2752 2215 2901 2269 omni
2925 2214 3307 2270 communione
3335 2214 3637 2286 priventur.

2932 2346 3176 2403 CCCXL.

2354 2457 2428 2498 AD
2466 2457 2767 2499 διοικοῦσι
2804 2457 3284 2500 ΑΚΟΗΙΕΡΙΞΟΟΡΗΠ
3321 2457 3753 2500 ΝΑιιιιοΝεΝεειί.

2738 2532 2954 2604 Fragm.
2987 2563 3056 2573 -—-
3085 2532 3212 2602 (An.
3254 2531 3386 2601 inc.)

2355 2620 2434 2675 De
2453 2620 2842 2675 examinanda
2862 2636 3035 2675 causa
3066 2621 3363 2691 cujusdam
3401 2619 3731 2692 presbyteri.

2330 2723 2684 2778 Praesentium
2748 2724 3048 2779 litterarum
3090 2723 3333 2798 gerulus,
3377 2724 3493 2780 sedi
3540 2724 3853 2797 apostolica

2258 2819 2636 2882 prmsentatus,
2670 2827 2730 2867 se
2750 2813 3131 2883 presbyterum
3160 2828 3283 2868 esse
3314 2812 3543 2885 querula
3571 2821 3624 2868 et
3653 2814 3858 2870 lamen-

2261 2898 2414 2953 tabili
2459 2914 2593 2955 voce
2638 2900 2927 2970 perhibuit,
2979 2908 3032 2955 et
3075 2916 3104 2954 a
3152 2901 3417 2956 sanctitati
3459 2908 3565 2956 tuae
3601 2901 3858 2970 subjecta:

2262 2987 2565 3043 diueceseos
2595 2988 2870 3059 episcopis
2898 2988 2966 3043 ab
2998 2987 3175 3043 officio
3204 2989 3609 3060 presbyteratus
3636 3005 3859 3060 suspen-

2264 3090 2402 3141 sum,
2436 3082 2490 3130 et
2516 3074 2635 3130 aliis
2678 3076 3001 3147 quibusdam
3030 3076 3284 3147 epitimiis
3320 3093 3493 3149 usque
3525 3077 3592 3132 ad
3624 3078 3857 3148 speciale

2254 3161 2520 3231 judicium
2548 3171 2793 3218 nostrum
2827 3164 3155 3220 submissum
3179 3207 3192 3234 ,
3226 3181 3327 3235 pro
3355 3180 3421 3220 eo
3466 3164 3630 3237 quod,
3664 3165 3851 3237 inquit,

2259 3250 2400 3306 facto
2430 3251 2674 3316 tumultu,
2711 3251 2931 3322 quidam
2981 3268 3040 3308 se
3082 3254 3502 3324 apprehensum,
3553 3261 3605 3308 et
3650 3269 3681 3308 a
3717 3262 3858 3309 terra

2261 3339 2498 3393 brachiis
2529 3339 2890 3409 sublevatum,
2924 3340 2978 3395 in
2998 3341 3275 3411 prOprium
3304 3340 3527 3397 fratrem
3556 3340 3678 3397 forti
3701 3343 3860 3411 jacta-

2261 3427 2401 3482 verit
2447 3427 2671 3498 impetu,
2720 3435 2779 3482 ut
2826 3428 2971 3484 idem
3000 3444 3297 3500 germanus
3339 3446 3469 3485 suus
3514 3430 3648 3485 tanti
3678 3431 3858 3502 operis

2262 3514 2406 3570 male
2437 3514 2564 3587 [leg.
2597 3515 2853 3586 ponderis
2882 3516 3048 3590 malo]
3069 3516 3332 3589 impulsus
3361 3519 3415 3572 in
3435 3526 3636 3573 terram
3669 3520 3851 3589 ruerit,

2264 3610 2317 3658 et
2343 3610 2648 3674 prostratus
2676 3612 2836 3676 atque
2865 3620 3159 3676 oppressus
3205 3606 3328 3661 vitae
3370 3606 3557 3662 ﬂatum
3598 3607 3861 3663 violenter

2266 3690 2525 3745 amiserit.
2558 3692 2803 3764 Denique
2829 3692 2908 3747 illi
2937 3694 3221 3749 reverendi
3248 3694 3533 3761 antistites,
3584 3710 3709 3751 cum
3737 3695 3855 3763 sibi,

2265 3785 2324 3833 ut
2351 3778 2453 3834 iste
2493 3780 2690 3846 retulit,
2738 3795 2825 3834 res
2871 3780 2927 3835 in
2969 3781 3195 3837 dubium
3238 3782 3467 3852 veniret,
3501 3790 3681 3838 utrum
3711 3798 3860 3839 com-

2264 3865 2434 3922 misso
2476 3866 2578 3921 sibi
2619 3868 2824 3923 dudum
2870 3884 3056 3924 carere
3099 3885 3293 3937 necue,
3341 3871 3557 3941 penitus
3587 3871 3859 3927 debuisset

2265 3953 2472 4021 ofﬁcio,
2495 3971 2605 4011 non
2634 3956 2738 4026 ipsi
2768 3958 2911 4013 hanc
2940 3957 3263 4026 deliberare,
3298 3960 3397 4015 sed
3426 3968 3617 4016 nostro
3646 3959 3861 4017 decerni

2266 4049 2320 4098 et
2348 4041 2568 4098 ditiiniri
2590 4043 2797 4113 judicio
2827 4045 3134 4102 voluerunt.
3170 4048 3279 4103 Sed
3307 4055 3435 4103 tunc
3462 4049 3565 4105 hoc
3604 4049 3861 4105 solemni-

2268 4138 2351 4186 ter
2377 4139 2624 4204 agerent,
2660 4132 2706 4187 si
2735 4132 2970 4204 primum
2993 4134 3097 4205 ipsi
3116 4134 3383 4207 plenario,
3408 4143 3461 4192 et
3482 4152 3549 4191 ex
3568 4138 3861 4193 canonibus

2269 4219 2323 4273 in
2354 4234 2516 4274 causa
2544 4220 2849 4291 presbyteri
2879 4222 3133 4293 delegato
3156 4223 3359 4293 judicio
3380 4265 3396 4289 ,
3430 4234 3668 4296 quatuor
3695 4226 3862 4298 depu-

2270 4306 2393 4361 tatis
2423 4322 2496 4362 ex
2525 4309 2851 4364 venerandis
2880 4309 3114 4366 decretis
3143 4320 3196 4366 et
3217 4312 3428 4383 legibus
3459 4308 3710 4383 personis
3736 4330 3865 4385 praa-

2272 4395 2536 4462 sentibus,
2571 4397 2713 4453 hanc
2742 4396 3093 4453 ventilassent
3113 4407 3165 4454 et
3186 4400 3367 4455 subtili
3393 4401 3642 4457 examine
3663 4402 3869 4458 discus-

2197 4469 2251 4530 D
2270 4482 2503 4550 sissent;
2537 4491 2595 4538 ut
2623 4484 2693 4539 ita
2724 4483 2865 4541 facta
2896 4487 3095 4558 scripto
3124 4487 3407 4559 relatione,
3433 4488 3480 4543 si
3501 4489 3633 4560 quid
3648 4490 3866 4546 dubium

2272 4571 2375 4626 sibi
2404 4587 2501 4627 seu
2531 4569 2747 4628 difﬁcile
2772 4572 3073 4644 ingessisse
3101 4576 3406 4643 videretur,
3436 4585 3681 4633 nostrum
3710 4594 3870 4650 super

2269 4658 2373 4714 hoc
2403 4674 2554 4715 more
2582 4660 2767 4730 prisco
2788 4662 3064 4717 decretum
3094 4672 3467 4735 exposcerent.
3491 4667 3561 4721 At
3589 4666 3682 4721 ubi
3713 4666 3868 4722 nobis

2271 4756 2325 4800 et
2354 4762 2586 4817 persona
2629 4748 2878 4804 relatoris
2906 4749 3199 4822 incognita,
3234 4760 3285 4808 et
3314 4753 3463 4809 nullo
3494 4754 3869 4826 episcoporum

2271 4835 2473 4905 scripto
2521 4837 2920 4892 commendatio
2969 4840 3267 4909 approbata
3308 4849 3409 4909 est,
3460 4850 3513 4896 et
3560 4859 3752 4899 rursus
3780 4842 3870 4898 ubi

2268 4921 2417 4976 nulla
2459 4930 2542 4978 est
2586 4925 2919 4980 accusatoris
2965 4927 3219 4996 objectio,
3272 4945 3375 4985 nec
3419 4931 3657 4986 accusati
3688 4940 3868 4987 reatus

2269 5008 2561 5076 confessio,
2584 5028 2687 5068 nec
2705 5010 2948 5068 ﬁdelium
2967 5006 3334 5085 comprobatio
3365 5018 3603 5085 testium,
3635 5035 3740 5075 nos
3768 5036 3872 5076 nec

2265 5097 2409 5152 illius
2441 5098 2608 5153 solius
2653 5101 2949 5157 narrationi
2997 5104 3206 5158 creduli
3247 5120 3370 5161 esse
3407 5121 3700 5177 possumus
3724 5152 3737 5175 ,
3770 5125 3870 5165 nec

2266 5200 2456 5239 rursus
2500 5186 2557 5241 in
2602 5202 2728 5242 eum
2774 5187 3105 5245 deﬁnitivam
3150 5192 3509 5249 damnationis
3550 5196 3868 5252 sententiam

2265 5271 2508 5342 proferre
2538 5274 2801 5331 valemus.
2834 5278 2986 5350 Ergo
3017 5277 3207 5335 saltem
3245 5297 3389 5337 nunc
3415 5280 3731 5339 fraternitas
3758 5292 3868 5353 tua,

2263 5361 2662 5433 metropolitani
2685 5364 2807 5433 jure
2835 5366 3023 5436 potita,
3056 5382 3122 5423 ex
3154 5368 3424 5441 episcOpis
3454 5370 3556 5426 sub
3579 5387 3641 5427 se
3670 5372 3871 5445 degen-

2261 5447 2397 5504 tium
2427 5449 2515 5505 vel
2544 5450 2842 5508 vicinorum
2863 5470 2979 5522 sex,
3007 5470 3119 5512 una
3146 5471 3269 5513 cum
3291 5457 3570 5531 episcopo,
3602 5460 3757 5529 cujus
3785 5469 3874 5516 est

2260 5534 2364 5593 iste
2408 5538 2683 5608 parmciae,
2731 5540 2837 5599 sibi
2883 5542 3122 5613 socians,
3171 5552 3378 5602 tantum
3419 5547 3639 5618 negotio
3686 5546 3865 5604 subtili
