4086 6302
271 316 368 370 941

1555 309 1889 370 ΕΡΙΞΤΟΙιᾸ

1988 311 2036 365 ὶΤ
2093 313 2438 373 DECRETA.
3469 321 3538 374 94

271 437 500 492 ventilet
561 437 916 493 discussionis
970 438 1272 494 ventilabro
1330 445 1383 493 et
1434 438 1675 500 invento,
1735 437 1880 508 quod
1911 435 2262 494 Anientibus
2291 440 2509 496 illorum
2541 440 2609 495 sit
2633 449 2761 496 nota
2788 440 3044 512 iniquitas
3074 448 3128 497 et
3171 442 3447 498 consortio
3496 457 3582 497 sa-

268 527 477 595 justum
509 534 590 581 est
611 528 872 583 canonice
935 527 1199 583 decernat
1243 535 1294 582 et
1323 527 1599 582 communi
1653 526 1877 580 fratrum

273 629 504 670 censura
533 614 777 671 diﬂiniat.

949 705 1220 760 CCCXLI.

457 807 530 846 AD
559 808 944 848 CENNEMOCUM
973 810 1280 848 EPISCOPUM
1309 806 1700 847 VENETENSEH.

753 865 969 934 Fragm.
1003 895 1072 905 —
1107 867 1232 936 (An.
1266 865 1399 934 inc.)

287 951 438 1018 Quod
468 952 721 1008 sacerdos
752 953 1033 1008 homicida
1083 969 1196 1007 non
1227 957 1408 1024 potest
1463 955 1525 1008 in
1567 949 1876 1006 sacerdotio

941 1040 1191 1078 manere.

350 1107 518 1163 Miror
547 1109 725 1163 minus
764 1109 980 1166 doctam
1015 1111 1301 1165 scientiam
1340 1119 1488 1165 tuam
1538 1111 1875 1165 sacerdotem

276 1204 472 1267 putare
500 1207 621 1267 post
652 1208 1012 1268 perpetratum
1043 1199 1390 1254 homicidium
1425 1215 1587 1270 posse
1616 1199 1670 1252 in
1701 1215 1880 1252 sacer-

277 1284 428 1340 dotio
459 1285 762 1341 ministrare
787 1306 800 1352 ;
833 1287 962 1352 imo,
988 1288 1134 1358 quod
1157 1296 1238 1341 est
1268 1288 1441 1357 pejus,
1477 1287 1634 1342 nobis
1652 1286 1878 1341 suadere

279 1373 442 1439 velle,
467 1382 523 1426 ut
555 1374 656 1444 ipsi
688 1374 779 1428 tali
830 1375 1236 1446 praesumptioni
1268 1376 1638 1445 praeberemus
1684 1390 1878 1428 assen-

277 1478 416 1516 sum.
438 1461 572 1527 Quis
601 1462 743 1515 enim
773 1471 881 1516 tam
912 1464 1139 1518 demens
1171 1473 1384 1534 tamque
1415 1463 1663 1533 perversi
1686 1479 1880 1516 sensus

279 1549 389 1603 tale
421 1550 548 1619 quid
575 1551 888 1616 aestimaret,
925 1552 1010 1606 vel
1041 1561 1161 1622 post
1196 1559 1672 1622 quantamcunqua
1701 1549 1880 1620 poeni-

281 1637 504 1692 tentiam
536 1639 966 1704 concedendum,
1003 1657 1124 1694 cum
1156 1641 1302 1694 omni
1324 1640 1390 1693 sit
1421 1639 1695 1694 canonicae
1711 1637 1880 1692 disci-

282 1725 444 1794 plinm
478 1726 800 1780 contrarium
823 1727 851 1779 ἲ)
882 1727 1054 1782 Debet
1109 1744 1243 1799 ergo
1271 1727 1580 1782 sacerdotio
1637 1727 1880 1796 privatus

1979 541 2090 581 cra:
2118 527 2389 584 Ecclesia:
2418 529 2706 584 videantur
2737 530 3004 584 extranei.

2618 617 2938 671 CCCXLIV.

2357 701 2430 740 AD
2446 701 2704 742 MARINUM
2738 702 2806 741 ET
2835 701 3182 742 PULCHAREH.

2488 758 2684 829 Fragm
2717 788 2785 796 —
2815 759 2941 827 (An.
2975 757 3108 824 inc.)

2049 852 2157 906 Sed
2176 860 2226 906 et
2256 852 2552 922 provinciis
2582 861 2778 907 vestrae
2836 851 3108 908 fidelitatis
3154 853 3310 908 vobis
3339 853 3576 926 injungi-

1977 955 2119 1004 mus,
2153 947 2210 993 ut
2242 956 2364 994 cum
2397 939 2666 1010 aliquibus
2696 941 2925 994 navibus
2957 949 3170 995 vestros
3198 941 3395 996 milites
3426 943 3583 996 robu-

1978 1027 2252 1080 stissimos
2281 1028 2694 1096 praesentialiter
2723 1028 3026 1093 destinetis,
3075 1029 3165 1099 qui
3222 1029 3584 1101 quadraginta

1978 1114 2304 1178 Saracenos,
2339 1115 2430 1185 qui
2461 1115 2663 1168 dudum
2695 1115 3015 1170 Graecorum
3056 1124 3365 1170 nostrorum
3423 1117 3581 1171 navi-

1979 1203 2080 1256 bus
2108 1202 2162 1255 in
2191 1218 2342 1256 mare
2373 1201 2580 1274 fugere,
2615 1203 2814 1273 quique
2847 1211 3036 1273 postea
3087 1204 3425 1258 terrestrium
3476 1221 3577 1260 no-

1980 1298 2213 1344 strorum
2264 1290 2493 1344 militum
2547 1291 2832 1360 exspoliati
2863 1291 3028 1344 armis
3064 1291 3313 1346 omnibus
3362 1292 3575 1359 virtute,

1977 1379 2032 1431 in
2063 1377 2262 1432 montis
2292 1378 2465 1432 Circel
2494 1378 2726 1432 latibulis
2756 1387 3060 1443 evaserunt,
3086 1394 3194 1432 una
3225 1395 3345 1434 cum
3377 1381 3581 1435 nostris

1978 1466 2321 1535 pedestribus
2379 1467 2804 1536 apprehendant,
2870 1466 2998 1537 quia
3053 1483 3153 1520 nos
3209 1483 3306 1536 pro
3353 1468 3578 1522 tantillis

1983 1554 2274 1608 Saracenis
2309 1554 2596 1608 dromones
2627 1562 2846 1608 nostros
2877 1553 3108 1624 fatigare
3137 1555 3406 1621 nolumus,
3447 1556 3576 1609 dum

1981 1643 2049 1695 de
2079 1641 2234 1695 vobis
2265 1640 2540 1696 confidere
2565 1641 2727 1709 (sicut
2763 1650 2815 1695 et
2845 1641 2947 1711 ipsi
2965 1642 3102 1696 velle
3132 1641 3396 1714 dicimini)
3450 1659 3580 1713 pro-

1982 1744 2234 1783 vocamur
2261 1729 2436 1782 modis
2467 1729 2718 1782 omnibus
2750 1727 3104 1783 confidentes.
3157 1729 3295 1797 Quia
3351 1729 3396 1802 si
3451 1730 3580 1785 obe-

282 1780 301 1794 ,
943 1780 953 1781 κ
1017 1780 1026 1782 -
1120 1780 1230 1799 -c-
1559 1780 1568 1781 κ
1637 1780 1710 1796 ,.
3166 1780 3293 1797 ,νη
3352 1780 3396 1802 -_.
3457 1780 3552 1785 η-

277 1813 645 1882 lacrymarum
667 1812 812 1868 fonte
835 1814 1093 1884 flagitium
1124 1823 1231 1869 tam
1278 1815 1514 1869 immane
1563 1814 1788 1879 diluere,
1822 1821 1878 1867 ut
1908 1780 1961 1840 B
1983 1816 2200 1872 dientize
2231 1825 2426 1870 vestrae
2457 1816 2810 1871 constantiam
2843 1825 2892 1870 et
2947 1815 3073 1870 fidei
3120 1818 3407 1886 puritatem
3456 1834 3580 1872 cum

276 1901 473 1954 talibus
505 1901 694 1954 saltem
714 1903 969 1958 remediis
990 1911 1223 1969 curatus,
1263 1902 1452 1957 salutis
1494 1902 1667 1973 possit
1722 1902 1876 1956 inve-

280 1988 402 2044 nire
433 1987 771 2062 suﬂ'ragium.

878 2118 882 2124 -
933 2080 1230 2135 CCCXLII.

672 2163 745 2202 AD
779 2164 1080 2205 EPISCOPOS
1110 2163 1448 2204 BRITANNIE.

928 2223 1054 2288 (An.
1089 2221 1224 2289 inc.)

401 2313 476 2366 De
504 2310 782 2366 ordinatis
808 2310 875 2364 ab
903 2310 1200 2364 Heclocaro
1227 2309 1421 2363 abbate
1450 2306 1762 2362 monachis.

566 2415 722 2468 (Mart.
751 2413 894 2458 Thes.
920 2412 1123 2467 Anecd.,
1173 2413 1290 2456 tom.
1315 2413 1396 2465 III,
1417 2426 1459 2464 p.
1493 2410 1609 2466 867.)

359 2504 611 2557 JOANNES
642 2502 901 2556 Romana:
932 2502 1078 2555 sedis
1109 2501 1420 2571 episcopus,
1467 2500 1668 2581 dilecto
1721 2506 1884 2568 atque

277 2591 539 2661 prmolaro
568 2590 676 2644 filio
706 2593 890 2644 MAINO
920 2599 944 2624 ³
973 2589 1403 2659 archiepiscopo,
1437 2604 1648 2642 necnon
1709 2595 1761 2641 et
1789 2601 1887 2641 cae.

285 2678 419 2732 teris
484 2678 755 2749 episcopis
787 2694 882 2748 per
913 2678 1242 2732 Britanniam
1286 2675 1751 2732 commanentibus
1785 2674 1864 2746 [al
1897 2669 1900 2672 ’

294 2766 780 2838 commorantibus]
839 2766 1067 2822 salutem
1123 2774 1175 2820 et
1215 2765 1570 2836 apostolicam
1657 2762 1887 2819 benedi-

281 2854 538 2910 ctionem.

349 2944 552 2998 Notum
582 2943 650 2996 sit
682 2942 837 2997 vobis
869 2941 1146 3012 quomodo
1171 2940 1468 3012 Resgallon
1490 2948 1543 2994 et
1563 2938 1763 2994 Corvili
1787 2938 1885 3011 [αι.

287 3047 383 3088 rex
413 3031 611 3086 Gallon
638 3040 690 3084 et
722 3029 952 3102 Gorvili]
986 3046 1108 3085 cum
1133 3029 1252 3084 aliis
1296 3029 1580 3084 monachis
1657 3043 1892 3098 corpora

1980 1903 2191 1958 virtutis
2220 1903 2455 1959 efficacia
2500 1904 2644 1958 circa
2673 1904 2728 1958 S.
2781 1904 2845 1958 R.
2878 1905 2943 1958 Ε.
3003 1904 3200 1958 amodo
3239 1905 3581 1959 consenseri-

1980 2009 2119 2056 mus,
2180 2008 2288 2046 non
2342 1992 2513 2046 solum
2544 1992 2612 2046 de
2635 1991 2718 2044 his
2737 1991 2906 2045 tribus
2929 1991 3124 2062 quibus
3155 2008 3252 2046 vos
3281 1992 3422 2048 ultra
3453 2008 3585 2047 con-

1983 2079 2325 2133 suetudinem
2387 2087 2760 2150 przegravatos
2800 2079 2998 2144 dicitis,
3032 2079 3085 2132 in
3142 2086 3397 2149 quantum
3444 2080 3584 2135 ratio

1981 2167 2352 2236 postulaverit,
2386 2166 2762 2238 levigabimus,
2796 2182 2980 2221 verum
3011 2167 3168 2243 etiam
3217 2174 3276 2220 ut
3304 2166 3582 2237 propriam

1983 2255 2040 2308 S.
2075 2253 2220 2308 Petri
2251 2253 2512 2308 familiam
2543 2263 2688 2308 terra
2709 2256 2959 2325 marique
3000 2271 3096 2310 vos
3148 2254 3305 2323 tueri,
3350 2254 3582 2309 Domino

1983 2341 2338 2408 confortante,
2398 2342 2753 2397 studebimus.

2626 2448 2918 2502 CCCXLV.

2445 2532 2517 2571 AD
2552 2533 2787 2572 COZILEM
2822 2532 3088 2572 COMITEM.

2622 2589 2747 2658 (An.
2784 2588 2918 2658 inc.)

1988 2681 2063 2733 De
2094 2677 2210 2731 illis
2240 2677 2354 2748 qui,
2388 2677 2660 2731 uxoribus
2678 2676 2794 2749 suis
2812 2676 3080 2749 dimissis,
3098 2677 3170 2731 ad
3189 2676 3333 2732 alias
3352 2679 3584 2749 nuptias

2610 2747 2972 2801 transierint.

2063 2853 2232 2906 Porro
2245 2867 2340 2906 eos
2362 2851 2664 2921 quiuxores
2687 2867 2815 2905 suas
2852 2851 3190 2920 dimiserunt,
3216 2851 3303 2907 vel
3339 2852 3408 2906 ad
3437 2851 3590 2918 alias,

1992 2939 2098 2993 illis
2117 2939 2440 3008 viventibus,
2474 2939 2690 3010 nuptias
2712 2940 3105 3012 migraverunt,
3137 2940 3319 2994 tandiu
3342 2956 3436 2994 eos
3467 2957 3590 2996 cum

1995 3028 2378 3082 consentaneis
2434 3044 2618 3082 eorum
2675 3028 3226 3094 excommunicamus,
3287 3043 3591 3099 quousque,

281 3119 652 3189 apostolorum
676 3118 974 3182 visitarunt,
1009 3126 1302 3188 nostraque
1351 3117 1406 3170 in
1447 3116 1735 3186 praesentia
1792 3131 1889 3169 ve-
1924 3124 1971 3186 ί]
1993 3114 2390 3185 posterioribus
2422 3116 2663 3183 remotis,
2689 3116 2897 3184 priores
2927 3116 3241 3185 paenitendo
3271 3117 3598 3185 receperint.

282 3215 495 3262 nerunt.
531 3207 723 3261 Postea
751 3207 819 3260 de
868 3206 1085 3260 illorum
1142 3205 1484 3259 ordinatione
1545 3213 1597 3258 et
1655 3203 1886 3257 aliorum

280 3296 674 3350 monachorum
705 3311 802 3364 per
831 3293 1191 3366 ignorantiam
1232 3293 1300 3348 ab
1332 3292 1634 3347 Heclocaro
1691 3292 1887 3345 abbate

283 3392 510 3454 accepta
535 3383 917 3452 judicavimus,
968 3391 1026 3436 ut
1084 3382 1130 3435 si
1188 3382 1304 3452 ipse
1335 3381 1559 3453 indigne
1589 3381 1888 3450 usurpavit,

286 3472 381 3543 qui
413 3471 475 3543 [Γ.
512 3470 675 3543 quod]
705 3487 734 3525 a
764 3471 980 3526 nemine
1027 3470 1170 3525 illius
1201 3469 1362 3526 officii
1411 3469 1724 3524 ordinatore
1781 3467 1887 3521 mi—

288 3559 438 3614 nime
469 3559 740 3629 acceperit
773 3577 786 3624 ;
819 3559 936 3612 istis
966 3566 1149 3613 tamen
1179 3558 1247 3612 sit
1301 3556 1539 3628 perfecta
1595 3555 1884 3621 ordinatio,

292 3648 419 3718 quia
449 3648 575 3702 mali
603 3655 832 3717 possunt
862 3647 1006 3702 bona
1035 3647 1174 3701 bene
1219 3647 1550 3711 ministrare,
1601 3661 1723 3700 cum
1785 3644 1891 3697 sint

290 3751 547 3806 nequam.
581 3735 678 3790 llle
701 3751 830 3790 vero
862 3735 1094 3805 amplius
1148 3735 1420 3788 neminem
1449 3734 1663 3788 ordinet
1693 3748 1889 3803 quous-

288 3839 397 3895 que
429 3825 495 3878 sit
513 3823 596 3878 sui
624 3824 860 3894 contagii
889 3824 1046 3878 nodis
1077 3823 1302 3879 solutus.
1360 3824 1471 3877 Hos
1501 3822 1792 3876 suademus
1823 3821 1892 3875 de

308 3920 508 3968 caetero
538 3927 690 3966 suam
721 3920 1080 3982 procurantes
1109 3913 1377 3984 regulam,
1411 3919 1468 3965 ut
1499 3910 1695 3964 fratres
1731 3924 1794 3964 ac
1822 3907 1891 3962 fi-

282 4001 373 4055 liis
403 4001 467 4072 [f.
503 3999 663 4072 ﬁlios]
694 4000 962 4065 alacriter,
998 4001 1144 4055 omni
1165 4000 1453 4055 occasione
1491 3997 1812 4070 postposita,
1839 3997 1893 4050 in

287 4105 392 4144 suo
423 4089 754 4143 monasterio
785 4089 1026 4159 recipiat,
1060 4089 1127 4142 ad
1149 4089 1411 4157 deinceps
1444 4088 1646 4141 bonum
1678 4101 1812 4157 erga
1832 4101 1892 4139 se

290 4177 530 4231 studium
550 4193 788 4247 suosque
817 4176 1090 4244 subjectos
1129 4176 1306 4241 faciat,
1341 4191 1410 4229 ne
1450 4182 1598 4230 sator
1654 4173 1891 4228 zizanio-

287 4280 414 4319 rum
453 4265 532 4318 sui
562 4264 749 4337 gregis
779 4265 846 4318 sit
877 4280 1117 4335 sparsor,
1144 4273 1196 4319 et
1218 4281 1286 4319 ne
1323 4263 1522 4319 nostris
1551 4263 1746 4316 iterum
1804 4275 1895 4314 au-

288 4353 440 4407 ribus
471 4353 538 4406 de
557 4352 650 4408 illo
670 4353 1051 4423 proclametur,
1081 4361 1136 4407 ut
1166 4352 1353 4425 regula
1388 4352 1487 4406 rite
1513 4349 1796 4420 judicabit,
1826 4347 1894 4402 ed

288 4441 372 4497 eis
401 4449 647 4512 peragat.

945 4529 1268 4584 CCCXLIII.

756 4613 828 4654 AD
879 4615 1102 4654 PETRUM
1135 4615 1463 4654 EPISCOPUM.

769 4671 988 4743 Fragm.
1021 4701 1090 4710 —
1121 4672 1246 4741 (An.
1281 4671 1414 4741 inc.)

370 4758 427 4815 Si
458 4759 732 4814 Deodatus
754 4759 1123 4829 etGregorius
1154 4767 1354 4814 statuto
1395 4759 1510 4827 jam
1553 4766 1797 4828 tempore
1828 4756 1894 4810 ad

300 4863 405 4902 nos
434 4847 622 4903 venire
647 4855 700 4902 et
730 4848 913 4902 omnia
936 4849 1082 4916 juste
1112 4856 1276 4918 atque
1308 4847 1570 4903 canonice
1600 4846 1896 4901 emendare

295 4936 740 5006 contempserint,
774 4935 1118 5008 gravioribus
1150 4951 1244 4991 eos
1264 4935 1511 5006 perpetui
1541 4934 1897 4990 anathematis

296 5024 530 5080 vinculis
558 5023 960 5088 innodabimus,
997 5039 1295 5094 eorumque
1340 5023 1551 5078 scelera
1599 5031 1650 5078 et
1679 5038 1898 5077 excom-

294 5111 706 5178 municationes,
741 5119 793 5166 et
820 5113 1169 5167 anathemata
1185 5112 1486 5168 scribentes
1522 5120 1647 5167 ante
1679 5113 1903 5168 sanctis-

302 5201 497 5255 simam
525 5200 671 5255 beati
699 5200 840 5255 Petri
871 5200 1104 5271 apostoli
1150 5200 1447 5272 imaginem
1497 5211 1899 5270 suspendemus

303 5297 366 5344 ut
396 5289 648 5344 omnibus
677 5289 746 5344 de
774 5296 886 5344 toto
915 5289 1120 5344 mundo
1149 5289 1219 5342 ad
1237 5288 1426 5342 limina
1456 5289 1750 5358 apostolica
1799 5306 1900 5345 ve-

368 5439 392 5466 α
428 5415 600 5465 Merito
646 5415 955 5465 Turonenses
1024 5415 1073 5464 in
1135 5414 1388 5476 responsis
1474 5413 1535 5463 ad
1578 5413 1770 5476 objecta
1803 5417 1903 5466 Do-

302 5481 510 5533 lensium
573 5485 798 5532 asserunt
839 5481 1094 5544 scriptoris
1167 5481 1356 5531 incuria
1426 5493 1606 5531 nomen
1655 5481 1902 5542 archiepi-

311 5549 453 5612 scopi
501 5547 757 5617 irrepsisse
777 5548 826 5598 in
874 5548 1014 5598 titulo
1061 5547 1208 5610 hujus
1251 5547 1470 5610 epistolae
1498 5561 1513 5611 ;
1539 5547 1683 5609 idque
1744 5549 1905 5610 arguit

1991 3203 2142 3257 Sicut
2173 3203 2317 3257 enim
2351 3203 2552 3272 nuptim
2573 3220 2605 3256 a
2625 3204 2760 3271 Deo,
2789 3204 2861 3256 ita
2891 3203 3181 3258 divortium
3203 3221 3234 3258 a
3256 3203 3476 3258 diabolo
3497 3211 3599 3271 est,

1989 3299 2132 3344 teste
2165 3299 2356 3345 sancto
2378 3291 2698 3361 Augustino,
2730 3299 3026 3362 repertum.
3054 3292 3205 3358 Quod
3251 3295 3406 3347 enim
3455 3293 3602 3346 Deus

1989 3380 2313 3449 conjunxit,
2334 3380 2491 3434 homo
2522 3395 2636 3434 non
2667 3384 2889 3450 separet
2919 3381 3136 3449 (Matth.
3168 3381 3268 3451 xv)
3290 3398 3302 3433 :
3325 3378 3603 3450 praecipue

1993 3482 2115 3521 cum
2143 3467 2261 3521 haec
2291 3466 2528 3536 pessima
2563 3468 2900 3521 consuetudo
2933 3484 2998 3522 ex
3052 3484 3394 3539 paganorum
3451 3482 3603 3521 more

1999 3555 2344 3620 remanserit,
2379 3571 2607 3625 quorum
2637 3555 2688 3608 in
2723 3555 2918 3609 talibus
2974 3571 3084 3610 non
3142 3557 3280 3610 alias
3337 3555 3442 3609 nisi
3481 3555 3599 3625 ipse

2006 3642 2254 3698 diabolus
2281 3650 2396 3696 erat
2415 3643 2680 3715 magister
2705 3651 2758 3698 et
2787 3652 2991 3698 auctor.

2063 3731 2486 3785 Prudentissime
2517 3732 2615 3796 vir,
2650 3732 2804 3785 stude
2837 3740 2891 3786 et
2920 3732 3157 3802 praevide
3187 3739 3246 3786 ut
3262 3733 3371 3788 duo
3405 3733 3558 3789 viriil
3585 3736 3602 3790 i

1994 3818 2086 3889 qui
2116 3835 2314 3874 uxores
2345 3835 2491 3885 suas,
2527 3835 2662 3890 quas
2690 3821 2835 3875 Deus
2860 3820 2966 3873 illis
2992 3821 3315 3890 praeparavit
3337 3831 3387 3876 et
3402 3823 3597 3891 junxit,

1993 3907 2312 3975 abjecerunt
2345 3951 2358 3972 ,
2390 3923 2481 3961 eas
2537 3907 2804 3978 repellere
2882 3907 3104 3963 minime
3179 3911 3596 3979 permittantur:

1996 3996 2122 4065 quia
2151 3995 2374 4065 impium
2403 4003 2484 4050 est
2513 4003 2569 4050 ut
2611 3997 2722 4066 qui,
2758 4004 2981 4051 auctore
3012 3998 3149 4063 Deo,
3189 3998 3353 4068 legali
3389 3998 3593 4053 fmdere

1993 4083 2226 4153 c0pulati
2257 4091 2398 4149 sunt,
2433 4099 2534 4152 pro
2567 4084 2806 4137 humano
2827 4084 3002 4149 libitu,
3035 4085 3143 4138 imo
3174 4085 3364 4140 fraude
3407 4087 3591 4142 diabo-

1992 4171 2097 4226 lica
2112 4179 2447 4240 separentur.
2463 4171 2611 4224 Idem
2625 4172 3117 4226 commonitorium
3131 4174 3306 4228 Paulo
3320 4175 3590 4245 episcopo.

1994 4259 2238 4314 Prmvide
2267 4268 2322 4313 ut
2343 4259 2410 4312 de
2442 4258 2783 4329 separatione
2832 4259 3244 4329 conjugatorum
3299 4261 3593 4316 maximam

1995 4363 2188 4402 curam
2220 4363 2401 4418 geras,
2437 4347 2507 4401 ita
2524 4355 2580 4400 ut
2601 4347 2693 4417 qui
2725 4363 2756 4401 a
2787 4347 3132 4417 susceptione
3177 4348 3322 4402 sedis
3369 4358 3596 4418 aposto—

1920 4435 2114 4530 Dlicae
2160 4435 2454 4490 litterarum
2513 4435 2753 4505 separati
2801 4443 2943 4504 sunt,
3005 4436 3276 4506 inculpate
3332 4437 3593 4492 reducant

1992 4523 2202 4593 priores
2232 4539 2451 4589 uxores,
2486 4523 2725 4592 injuncta
2764 4523 3107 4580 convenienti
3142 4524 3475 4594 poenitentia,
3508 4525 3591 4579 di-

1994 4611 2179 4665 missis
2207 4628 2345 4682 quas
2372 4613 2720 4681 postmodum
2751 4620 2874 4666 sunt
2905 4613 3095 4666 sortiti.
3129 4611 3285 4680 Quod
3317 4613 3362 4667 si
3406 4612 3598 4666 nolue—

1997 4699 2124 4764 rint,
2157 4708 2311 4754 extra
2341 4699 2630 4755 ecclesiam
2657 4699 2817 4756 facite
2846 4716 2951 4754 una
2981 4715 3102 4755 cum
3145 4700 3228 4753 his
3257 4700 3349 4771 qui
3406 4716 3502 4755 eos
3540 4699 3594 4754 in

1998 4787 2386 4844 communione
2415 4789 2682 4859 recipiunt
2707 4833 2718 4855 ,
2741 4790 2917 4844 donec
2937 4787 3226 4844 emendent
3266 4805 3388 4860 quae
3416 4787 3593 4844 admi-

1997 4883 2199 4931 serunt.

2622 4964 2940 5020 CCCXLVI.

2280 5045 2745 5174 CONSTITU‘HO(XE
2773 5048 3323 5175 JPRB)CARDINALIUM.

2708 5121 2740 5158 η
2751 5146 2763 5158 .
2799 5121 2903 5160 mc.

2072 5202 2317 5272 Itemque
2351 5217 2416 5255 ex
2448 5209 2637 5256 nostra
2667 5201 2922 5272 praesenti
2980 5202 3364 5258 constitutione
3413 5203 3498 5257 bis
3545 5201 3600 5257 in

2000 5304 2190 5344 mense
2215 5288 2304 5344 vel
2336 5304 2401 5344 eo
2432 5289 2685 5360 amplius,
2719 5289 2806 5344 vel
2835 5289 2976 5360 apud
3009 5289 3157 5345 illum
3207 5290 3294 5347 vel
3324 5292 3472 5346 illum
3530 5291 3602 5345 ti-

2001 5414 2174 5532 Litplus
2216 5416 2485 5480 sequentis,
2533 5414 2613 5464 ubi
2659 5414 2879 5466 Dolensis
2944 5417 3197 5482 episcopus
3231 5417 3386 5469 solum
3443 5417 3607 5467 nomi-

2037 5494 2065 5531 a
2089 5495 2162 5532 ur.

2037 5494 2162 5532 amr.
