4086 6306
596 300 700 356 943

1923 290 2151 349 JOANN
2157 289 2219 346 IS
2275 287 2472 345 ΡΑΡΛΕ
2527 290 2669 346 VIII.

3790 287 3894 341 9H

591 420 782 485 tulum,
815 418 930 474 sive
958 417 1100 490 apud
1150 416 1301 473 illam
1353 414 1440 472 vel
1488 416 1637 473 illam
1692 416 2018 480 diaconiam,
2081 414 2196 469 sive
2225 412 2451 473 Anobili
2480 413 2600 469 viro
2629 412 2880 480 Radult‘o,
2931 412 3071 469 sicut
3094 411 3206 481 jam
3241 418 3369 467 ante
3396 410 3653 476 diximus,
3714 417 3895 464 matu-

589 508 733 579 apud
765 506 901 562 alias
931 506 1202 578 quaslibet
1241 505 1500 561 ecclesias
1515 522 1612 561 vos
1643 504 1937 577 convenire
1953 502 2184 557 manda—

589 610 731 649 mus.
761 595 827 649 Et
855 594 928 648 ob
957 601 1195 649 vestram
1225 601 1277 648 et
1307 592 1624 649 inferiorum
1653 592 1977 647 clericorum
1999 591 2180 655 vitam,

591 690 642 737 et
671 698 871 749 mores,
903 690 955 736 et
985 681 1291 753 qualitates,
1325 689 1377 735 et
1404 681 1617 735 habitus
1669 668 1898 735 vestium
1928 693 2187 749 perscru-

587 770 829 833 tandum,
855 777 906 824 et
936 769 1169 839 qualiter
1197 768 1423 839 quilibet
1452 767 1731 839 praepositi
1762 783 1821 822 se
1865 783 1993 839 erga
2055 765 2184 819 sub-

587 855 730 911 ditos
759 856 1012 921 habeant,
1063 856 1150 910 vel
1170 856 1315 927 quod
1347 856 1546 910 subditi
1594 854 1706 909 suis
1722 854 2027 925 praepositis
2072 868 2182 907 non

583 944 858 1011 obediant,
886 951 939 998 et
968 943 1038 997 ad
1060 959 1287 1014 quaeque
1327 943 1511 999 illicita
1555 942 1905 1013 amputanda,
1956 940 2183 997 clerico-

587 1047 709 1085 rum
741 1047 954 1102 quoque
983 1038 1036 1085 et
1052 1030 1313 1085 laicorum
1346 1030 1735 1102 querimonias,
1796 1046 1917 1100 quae
1971 1029 2041 1083 ad
2077 1044 2180 1083 no-

587 1125 759 1171 strum
784 1117 1045 1187 judicium
1075 1118 1363 1187 pertinent,
1400 1114 1657 1189 quantum
1690 1115 1809 1171 fieri
1836 1124 2032 1187 potest,
2080 1115 2181 1171 de-

584 1202 869 1259 finiendas.
904 1202 1116 1275 Quippe
1146 1220 1269 1260 cum
1321 1204 1460 1261 sicut
1506 1214 1747 1260 nostram
1803 1203 2180 1258 mansuetudi-

583 1307 709 1346 nem
738 1292 1022 1361 Moysi,ita
1054 1298 1106 1346 et
1139 1301 1380 1346 vestram
1410 1292 1803 1346 fraternitatem
1836 1290 2182 1362 septuaginta

580 1380 873 1448 seniorum,
908 1379 999 1449 qui
1030 1379 1133 1432 sub
1164 1380 1359 1434 eodem
1381 1395 1666 1435 causarum
1699 1379 1918 1451 negotia
1975 1378 2178 1447 dijudi-

580 1468 797 1532 cabant,
840 1465 1265 1522 vicissitudinem
1325 1484 1538 1537 gerere,
1592 1475 1799 1522 certum
1854 1466 2175 1521 habeamus.

577 1555 726 1610 Idem
781 1553 1114 1609 monasteria
1168 1554 1454 1608 abbatibus
1500 1554 1719 1608 viduata
1774 1563 1826 1609 et
1899 1554 2175 1619 abbatum,

571 1650 765 1701 nostra
792 1642 1138 1712 praecedente
1195 1641 1545 1709 conscientia,
1608 1641 2044 1697 substitutionem
2092 1642 2177 1695 his

572 1730 663 1801 qui
694 1736 820 1783 sunt
841 1729 981 1783 inter
1009 1744 1110 1783 nos
1141 1727 1302 1800 [vos],
1336 1729 1423 1783 vel
1453 1728 1653 1783 fuerint
1696 1728 2015 1785 monasticae
2044 1745 2169 1800 pro-
2190 1756 2244 1815 Β

566 1816 851 1883 fessionis,
882 1816 1225 1886 disponenda
1253 1815 1657 1871 commiltimus.

645 1905 879 1974 Propter
908 1902 1328 1958 sollicitudinem
1351 1911 1533 1958 autem
1564 1904 1919 1959 ecclesiarum
1970 1912 2023 1959 et
2073 1905 2183 1960 cle-

578 1990 811 2047 ricorum
840 1991 1156 2045 eorumdem
1187 1989 1551 2060 disciplinam,
1584 1991 1697 2046 sive
1751 1990 2012 2046 laicorum
2050 2008 2185 2063 que-

577 2078 840 2133 rimonias
869 2076 1228 2143 definiendas,
1278 2078 1363 2131 bis
1392 2078 1446 2131 in
1466 2079 1809 2133 hebdomada
1861 2079 1928 2133 ad
1986 2094 2179 2135 sacro-

578 2172 822 2221 sanctum
851 2163 1135 2235 palatium,
1164 2166 1319 2234 juxta
1346 2165 1564 2221 decreta
1593 2166 2018 2236 praedecessoris
2074 2183 2178 2223 no-

574 2253 679 2307 stri
708 2253 905 2308 Leonis
936 2252 1136 2323 quarti,
1169 2269 1269 2307 vos
1299 2253 1591 2307 convenire
1623 2254 1960 2309 mandamus.

646 2341 782 2395 Item
812 2340 1087 2395 sancimus
1115 2340 1185 2395 de
1213 2340 1484 2411 parochiis
1529 2341 1751 2407 nostris,
1813 2350 2177 2414 quantumque

569 2426 811 2500 pontiﬁci
840 2426 1430 2499 competit,pontiﬁcali
1460 2426 1726 2484 beneficio
1781 2445 1879 2485 vos
1930 2430 1988 2484 in
2043 2447 2175 2501 per-

573 2524 797 2588 petuum
826 2515 1133 2587 possidere,
1167 2523 1222 2570 et
1249 2515 1304 2570 in
1335 2515 1720 2587 principalibus
1751 2516 1999 2573 ecclesiis
2020 2518 2176 2586 juxta

574 2603 864 2675 primatum
892 2610 1088 2659 vestrae
1115 2603 1543 2659 consecrationis
1571 2603 1812 2659 vicissim
1852 2603 2022 2660 oﬁicia
2082 2605 2172 2660 di-

571 2691 696 2747 vina
724 2706 1015 2764 peragere,
1047 2699 1100 2746 et
1131 2707 1327 2746 earum
1359 2690 1742 2761 oblationibus,
1775 2691 1925 2747 salva
1952 2690 2172 2764 semper

574 2778 935 2835 cardinalium
962 2779 1316 2834 diaconorum
1332 2779 1516 2849 prisca
1544 2780 1957 2847 consuetudine,
1987 2797 2170 2852 aequa-

568 2866 696 2922 liter
728 2866 1077 2937 participare,
1110 2875 1218 2920 tam
1246 2874 1472 2937 propter
1499 2883 1659 2921 usum
1671 2876 1909 2923 vestrum
1930 2884 2093 2940 quam
2112 2868 2169 2923 in

566 2954 922 3011 ecclesiarum
950 2962 1253 3011 vestrarum
1296 2954 1645 3010 luminarium
1702 2955 2166 3018 concinnationes.

1194 3060 1540 3116 CCCXLVII.

1046 3147 1265 3222 Fragm.
1298 3179 1368 3190 —
1398 3148 1523 3219 (An.
1550 3148 1686 3221 inc.)

905 3237 1117 3295 Contra
1144 3238 1442 3294 violatores
1472 3237 1667 3294 domus
1701 3239 1823 3294 Dei.

641 3326 700 3383 Si
728 3324 850 3398 quis
877 3326 1100 3381 domum
1128 3325 1230 3381 Dei
1257 3325 1544 3382 violaverit
1563 3332 1615 3380 et
1634 3325 1811 3397 aliqua
1839 3325 1958 3381 sine
1993 3326 2164 3383 licen-

565 3415 642 3471 tia
671 3415 836 3481 illius,
867 3413 955 3471 cui
985 3414 1274 3470 commissa
1303 3429 1427 3468 esse
1447 3413 1804 3486 dignoscitur,
1829 3414 1958 3470 inde
1971 3414 2162 3472 abstu-

566 3503 705 3570 lerit,
737 3502 824 3559 vel
840 3502 896 3556 in
925 3500 1312 3557 ecclesiasticis
1338 3500 1591 3572 personis
1637 3500 1892 3571 injuriam
1947 3502 2158 3575 fecerit,

564 3593 740 3647 donec
769 3590 825 3645 in
864 3597 1132 3645 conventu
1187 3588 1496 3645 admonitus
1542 3589 1785 3663 legitime
1845 3590 2156 3662 satisfaciat,

568 3679 701 3734 sciat
725 3694 785 3732 se
813 3676 1194 3733 communione
1214 3676 1332 3731 fore
1387 3677 1678 3747 privatum.
1739 3677 1796 3733 Si
1852 3694 1981 3734 vero
2034 3687 2160 3751 post

564 3765 857 3821 secundam
897 3772 949 3819 et
971 3764 1185 3819 tertiam
1221 3764 1636 3819 conventionem
1672 3781 1852 3820 coram
1899 3767 2157 3839 episcopo

568 3844 887 3909 satisfacere
915 3852 1308 3918 detrectaverit,
1342 3852 1620 3925 sacrilegii
1675 3853 1920 3923 periculo
1950 3855 2017 3909 ab
2047 3871 2161 3911 om-

570 3942 725 3996 .iibus
745 3939 1012 3995 obnoxius
1051 3947 1320 4006 teneatur,
1345 3939 1420 3994 ita
1439 3948 1496 3995 ut
1513 3940 1814 3996 secundum
1836 3943 2156 4013 Apostolum

560 4029 764 4087 nemini
796 4027 1032 4084 ﬁdelium
1061 4028 1369 4085 misceatur.

1204 4134 1576 4190 CCCXLVIII.

888 4239 961 4279 AD
991 4238 1348 4279 THEIBERGAM
1377 4235 1447 4277 ΕΤ
1466 4236 1801 4279 ALDEBICUI.

1214 4313 1341 4382 (An.
1366 4310 1499 4381 inc.)

562 4404 693 4462 Illos
714 4403 979 4460 hortatur
1002 4404 1067 4455 ut
1108 4400 1347 4468 Radul/‘o
1403 4400 1567 4454 suam
1597 4416 1837 4457 uxorem
1884 4402 2145 4460 reddant.

982 4486 1142 4541 (Apud
1164 4488 1386 4538 Ivonem,
1409 4493 1513 4537 vm,
1544 4497 1586 4531 c.
1618 4486 1725 4540 118.)

610 4563 811 4618 Iterum
843 4559 1149 4627 iterumque
1179 4572 1277 4610 vos
1306 4556 1678 4624 admonemus,
1712 4566 1762 4612 et
1792 4562 2149 4629 praesentibus

557 4648 892 4721 apostolatus
937 4644 1111 4700 nostri
1166 4642 1360 4697 litteris
1391 4642 1670 4698 hortamur
1688 4644 1947 4702 feminam
1995 4665 2148 4705 suam

626 4807 649 4833 a
696 4780 911 4848 Photius
942 4779 1073 4848 inter
1143 4775 1263 4827 alias
1341 4776 1523 4848 etiam_
1580 4778 1709 4829 hanc
1777 4781 1949 4832 Joanni
2009 4796 2148 4848 papa:

558 4848 797 4909 afﬁngens
841 4844 1154 4902 calumniam,
1233 4842 1369 4904 quasi
1436 4843 1605 4894 eadem
1670 4858 1777 4896 cum
1839 4842 2026 4901 Graecis
2074 4842 2146 4903 ἀθ

559 4914 773 4977 Spiritus
833 4911 991 4960 sancti
1089 4910 1419 4977 processioneg
1497 4911 1727 4970 senserit,
1792 4912 1931 4965 ﬁnxit
2018 4917 2146 4969 hanc

570 4975 816 5040 :pistolam
872 4978 961 5027 sub
1007 4976 1203 5025 nomine
1248 4975 1449 5026 Joannis
1495 4989 1633 5040 papa:
1680 4978 1783 5029 Vlll
1822 4982 1881 5031 ad
1923 4994 1976 5031 se
2021 4984 2147 5034 Pho-

561 5046 679 5096 tium
721 5046 955 5106 scriptam
1010 5042 1070 5092 de
1142 5041 1453 5110 processione
1499 5043 1708 5110 Spiritus
1754 5048 1954 5097 sancti:
2001 5061 2144 5110 quam

555 5111 635 5160 vel
667 5110 728 5159 ab
769 5110 874 5170 ipso
920 5110 1111 5167 Photio,
1185 5108 1261 5158 vel
1331 5108 1424 5157 alio
1484 5109 1687 5172 quodam
1753 5114 1966 5164 efﬁctam
2015 5108 2145 5166 esse

554 5179 767 5239 oportet.
844 5176 929 5225 llis
984 5174 1113 5225 enim
1179 5175 1477 5236 temporibus
1515 5177 1563 5225 in
1636 5176 1855 5230 Romana
1931 5181 2143 5233 Ecclesia

556 5243 739 5303 absque
805 5241 963 5304 aliqua
1032 5239 1350 5299 ambiguitate
1396 5254 1484 5292 usu
1534 5249 1785 5306 receptum
1871 5246 2020 5297 fuisse
2089 5254 2144 5300 ut

553 5310 763 5371 Spiritus
821 5313 1023 5358 sanctus
1090 5319 1118 5356 ει
1168 5308 1569 5373 PatreFihoque
1639 5312 1846 5373 procede
1876 5325 1903 5362 e
1955 5314 2142 5365 dicere-

557 5379 659 5436 tur,
709 5380 817 5441 post
855 5374 975 5425 alias
1018 5387 1075 5425 ea
1126 5372 1366 5435 imprimis
1407 5376 1596 5426 ratione
1642 5372 1930 5428 imanireste
1977 5382 2144 5441 proba-

552 5448 651 5504 tur,
688 5440 816 5504 quod
877 5442 1090 5492 Joannes
1156 5443 1338 5489 sancta:
1409 5442 1637 5493 Romanae
1706 5444 1933 5495 Ecclesia:
1978 5440 2142 5497 diacoo

550 5519 663 5568 nus.
732 5506 954 5559 scribens
1021 5506 1084 5558 ad
1154 5507 1282 5557 hanc
1345 5507 1502 5570 ipsum
1565 5509 1800 5563 Joannem
1860 5512 2140 5575 pontiﬁcem

2278 501 2391 556 rius
2431 502 2733 568 restituere,
2768 510 2821 557 et
2869 502 2983 556 viro
3015 516 3115 555 suo
3144 501 3449 566 adhaerere,
3482 498 3788 555 secundum
3814 497 3895 553 le-

2280 605 2409 661 gem
2438 590 2655 644 Domini
2695 589 2878 645 facere
2911 607 2925 643 :
2959 604 3068 645 non
3124 588 3269 643 enim
3327 588 3413 642 lex
3462 587 3570 641 ulla
3626 585 3896 656 permittit

2278 678 2568 748 quominus
2597 686 2690 732 aut
2722 678 2980 747 injectum
3000 677 3104 731 sibi
3143 677 3353 733 crimen
3380 674 3727 741 conﬁteatur,
3797 681 3890 728 aut

2280 773 2430 820 certe
2456 781 2488 818 a
2514 765 2739 820 crimine
2792 765 3014 834 injecto,
3073 764 3319 836 legitima
3365 764 3653 834 praemissa
3695 777 3895 834 purga—

2275 852 2437 919 tione,
2473 853 2729 908 solvatur.
2767 852 2927 921 Quod
2956 860 3204 907 neutrum
3254 867 3423 925 agere
3470 851 3559 905 illa
3588 850 3882 923 delegerit,

2283 940 2379 995 sed
2407 939 2522 995 sola
2550 940 2910 997 obstinatione
2965 955 3084 1006 usa,
3152 939 3287 994 nulli
3344 937 3695 995 satisfactioni
3755 938 3890 993 dare

2281 1042 2503 1098 operam
2548 1028 2944 1099 procuraverit,
2995 1027 3162 1099 liquet
3244 1035 3428 1098 aperte
3481 1027 3607 1097 quia
3673 1025 3891 1081 crimen

2282 1115 2426 1186 quod
2451 1131 2562 1170 non
2590 1115 2779 1182 deluit,
2810 1116 2999 1186 procul
3026 1115 3189 1170 dubio
3224 1113 3529 1171 conﬁtetur.
3556 1112 3699 1169 Sola
3728 1127 3890 1167 nam-

2281 1219 2404 1273 que,
2437 1211 2493 1257 ut
2512 1212 2733 1258 sanctus
2761 1219 2904 1274 papa
2934 1202 3121 1259 scribit
3142 1203 3446 1268 Hormisda,
3481 1216 3709 1257 examen
3743 1199 3890 1256 effu-

2277 1289 2431 1360 giunt
2461 1290 2828 1356 conscientia,
2881 1307 3002 1363 qua:
3052 1299 3199 1345 recta
3262 1298 3389 1345 sunt
3435 1306 3542 1345 non
3605 1296 3883 1345 tenentes.

2276 1377 2428 1449 Ergo
2459 1378 2503 1432 si
2532 1378 2598 1444 is,
2633 1378 2720 1434 vel
2754 1378 2867 1448 illa,
2919 1379 3006 1435 vel
3037 1395 3155 1445 vos,
3188 1378 3524 1450 apostolatus
3553 1378 3726 1432 nostri
3774 1378 3887 1433 de-

2274 1465 2434 1520 cretis
2465 1466 2692 1521 obedire
2722 1475 3134 1537 postponentes,
3166 1482 3312 1537 saepe
3328 1474 3683 1522 memoratam
3716 1464 3885 1520 femi-

2276 1568 2404 1607 nam
2431 1550 2523 1607 au‘t
2551 1570 2582 1608 a
2609 1554 2709 1609 viri
2735 1562 3024 1625 potestate,
3064 1562 3156 1610 aut
3193 1571 3222 1608 a
3252 1554 3392 1625 legis
3412 1554 3681 1621 examine,
3730 1552 3885 1607 nulla

2275 1640 2578 1695 rationabili
2608 1656 2769 1697 causa
2796 1650 3056 1711 exstante,
3092 1642 3393 1697 subducere
3423 1640 3656 1712 amplius
3701 1640 3884 1696 conati

2274 1727 2498 1797 fueritis,
2534 1737 2641 1783 tam
2672 1729 2761 1784 illa
2791 1747 2950 1801 quam
2971 1745 3089 1797 vos,
3145 1730 3455 1803 Theiberga
3502 1737 3555 1784 et
3599 1728 3878 1795 Alderice,

2283 1833 2567 1889 quousque
2595 1818 2859 1873 sanctioni
2889 1826 3087 1873 nostra:
3116 1817 3372 1888 parcatis,
3409 1816 3507 1872 Dei
3532 1816 3876 1887 omnipoten-

2281 1905 2349 1959 tis
2371 1905 2597 1973 judicio,
2623 1906 2984 1961 et'beatorum
3024 1904 3168 1960 Petri
3216 1913 3270 1961 et
3321 1905 3469 1960 Pauli
3506 1905 3879 1976 apostolorum

2281 1993 2545 2048 sententia
2571 1992 2899 2063 principum,
2935 1993 3382 2049 excommunicati
3411 2000 3463 2048 et
3492 2008 3525 2047 a
3554 2007 3790 2063 corpore
3828 2000 3880 2048 et

2279 2079 2547 2152 sanguine
2576 2080 2795 2135 Domini
2839 2080 3013 2135 nostri
3047 2082 3178 2135 Jesu
3217 2080 3414 2135 Christi
3461 2080 3577 2134 sitis
3633 2080 3873 2144 alienati,

2277 2182 2387 2222 una
2434 2183 2560 2223 cum
2614 2166 2931 2234 fautoribus,
2986 2168 3387 2235 consentaneis,
3444 2167 3773 2239 sequacibus
3822 2172 3875 2223 et

2276 2255 2862 2326 complicibusjvestris,
2896 2263 3082 2327 utpote
3102 2255 3411 2311 divinarum
3439 2263 3493 2311 et
3513 2256 3876 2311 humanarum

2273 2342 2458 2415 legum
2489 2343 2802 2411 violatores,
2852 2343 3109 2415 sedisque
3157 2343 3473 2414 apostolicae
3526 2342 3874 2399 decretorum

2273 2439 2692 2503 contemptores,
2725 2439 2779 2488 et
2807 2432 2966 2488 toties
3009 2447 3076 2488 ac
3120 2430 3484 2504 multipliciter
3529 2430 3869 2487 infractores.

2909 2568 3230 2625 CCCXLIV.

2712 2670 2786 2711 AD
2814 2671 3134 2713 BERRARIUH
3152 2671 3427 2712 ABBATEM.

2749 2745 2968 2817 Fragm.
2999 2775 3070 2785 —
3096 2745 3222 2816 (An.
3254 2744 3391 2815 inc.)

2445 2829 2522 2883 De
2550 2829 2870 2884 reverentia
2898 2844 3033 2899 erga
3058 2844 3307 2884 summa:
3332 2828 3649 2900 pontiﬁces.

2745 2924 2910 2981 (Apud
2933 2928 3137 2973 lvonem
3157 2937 3223 2981 tv,
3240 2936 3282 2972 c.
3308 2926 3400 2981 109)

2337 3013 2493 3069 Absit
2521 3029 2555 3069 a
2581 3014 2688 3086 piis
2715 3015 2990 3070 mentibus
3039 3015 3169 3087 quid
3197 3016 3267 3071 de
3323 3015 3553 3072 Romani
3607 3015 3860 3071 culminis

2193 3099 2243 3162 C
2260 3100 2515 3173 pontiﬁce
2536 3101 2817 3157 sinistrum
2846 3103 3065 3170 sentire,
3099 3119 3224 3159 cum
3252 3104 3414 3159 beato
3444 3103 3695 3159 Ennodio
3724 3118 3861 3159 con-

2263 3189 2474 3246 fessore
2503 3190 2804 3246 Ticinensis
2830 3190 2981 3246 urbis
3008 3191 3244 3246 antistite
3274 3191 3543 3247 scribente
3569 3191 3860 3247 doceamur

2263 3278 2388 3349 quia
2407 3279 2554 3333 Deus
2581 3278 2925 3349 omnipotens
2955 3287 3047 3334 aut
3087 3279 3265 3336 claros
3319 3280 3388 3334 ad
3442 3286 3593 3336 tanta
3638 3278 3859 3352 fastigia

2262 3366 2443 3437 erigit,
2475 3373 2565 3422 aut
2592 3374 2740 3422 certe
2771 3381 2908 3438 quos
2938 3366 3122 3438 elegit,
3154 3367 3406 3423 illustrat.

2961 3490 3151 3546 CCCL.

2259 3593 2332 3634 AD
2352 3591 2600 3633 PHOTIUM
2628 3590 3018 3633 PATRIAROHAM
3066 3590 3773 3634 CONSTANTINOPOLITANUI
3800 3586 3845 3633 ⁸.

2803 3665 2984 3737 (Anno
3017 3665 3306 3738 879-882.)

2575 3754 2648 3808 De
2674 3754 3023 3825 processione
3052 3754 3295 3827 Spiritus
3328 3754 3537 3810 sancti.

2324 3854 2578 3912 JOANNES
2608 3858 2916 3928 episcopus,
2952 3874 3143 3914 servus
3171 3874 3450 3915 servorum
3480 3858 3600 3926 Dei,
3635 3860 3843 3915 PBOTIO

2254 3944 2714 4000 reverendissimo
2745 3954 2798 4002 et
2825 3947 3092 4004 catholico
3134 3947 3288 4003 fratri
3338 3947 3662 4018 patriarchas
3706 3948 3846 4004 Con-

2255 4032 2755 4105 stantinopolitano,
2799 4035 3036 4108 gratiam
3071 4035 3311 4108 desuper
3337 4036 3407 4091 ad
3436 4051 3607 4106 opera
3635 4035 3839 4091 saluta-

2252 4135 2370 4175 rem
2378 4161 2391 4174 .
2990 4191 2996 4198 _
3438 4166 3447 4171 .

2322 4209 2446 4263 Non
2474 4209 2790 4282 ignoramus
2805 4212 2950 4283 quod
2972 4211 3216 4268 nonnulli
3257 4227 3441 4269 eorum
3483 4211 3575 4283 qui
3594 4211 3737 4282 apud
3750 4228 3844 4269 vos

2252 4304 2397 4363 sunt,
2421 4298 2573 4368 pacis
2598 4315 2793 4370 parum
2823 4300 3069 4367 studiosi,
3092 4302 3161 4356 de
3184 4310 3368 4357 nostra
3398 4300 3642 4355 Ecclesia
3680 4309 3731 4356 et
3772 4301 3839 4358 de

2252 4384 2410 4439 nobis
2438 4386 2592 4457 ipsis,
2624 4387 2853 4443 veritate
2887 4389 3155 4461 neglecta,
3191 4390 3332 4445 male
3362 4389 3675 4460 loquuntur.
3708 4390 3841 4445 Res-

2176 4448 2231 4511 D
2253 4489 2358 4543 que
2374 4488 2441 4529 eo
2455 4448 2756 4547 progressa
2784 4483 2886 4542 est,
2910 4448 2990 4530 utv
2994 4448 3186 4547 parum
3215 4478 3356 4532 absit
3411 4448 3539 4549 quin
3587 4483 3677 4532 tua
3730 4478 3840 4533 fra-

2248 4561 2471 4616 ternitas
2500 4562 2569 4617 de
2599 4564 2757 4618 nobis
2803 4572 2857 4619 et
2885 4564 2954 4620 de
3001 4565 3068 4620 iis
3115 4566 3207 4636 qui
3263 4567 3419 4622 nobis
3464 4578 3588 4623 sunt
3642 4567 3837 4632 subditi

2246 4644 2389 4700 male
2420 4645 2634 4701 sentiat.
2664 4647 2733 4701 Et
2762 4646 2842 4701 illi
2880 4648 3100 4719 quidem
3129 4650 3270 4706 nacti
3317 4659 3440 4706 sunt
3473 4652 3833 4717 occasionem,

2247 4797 2476 4866 quatuor_
2498 4808 2527 4866 a
2573 4808 2629 4866 se
2689 4796 2968 4866 elaboratas,
3040 4798 3192 4866 libros
3238 4800 3362 4851 Vitae
3405 4804 3564 4853 sancti
3616 4802 3831 4866 Gregorii

2247 4872 2403 4923 papas,
2430 4861 2511 4931 ubi
2556 4863 2739 4931 agitde
2787 4864 2998 4924 Dialogis
3046 4865 3108 4916 ab
3154 4879 3211 4916 eo
3255 4868 3469 4931 scriptis,
3522 4874 3573 4920 et
3614 4871 3663 4921 in
3702 4861 3832 4921 Gra-

2248 4938 2358 4977 cum
2397 4940 2425 4998 a
2470 4929 2711 4979 Zacharia
2751 4943 2878 4993 papa
2922 4932 3191 4997 translatis,
3235 4929 3371 4995 juste
3440 4929 3667 4996 Queritur
3710 4935 3835 4998 quod

2250 5005 2362 5060 cum
2398 4995 2504 5057 ipse
2550 4999 2749 5046 sanctus
2793 4997 3057 5060 Gregorius
3101 4998 3152 5048 in
3176 4995 3264 5050 eis
3304 4995 3571 5053 asseruetit
3637 4995 3830 5053 disertis

2243 5059 2407 5133 verbis
2440 5060 2687 5133 Spiritum
2733 5059 2957 5133 sanctum
3003 5079 3031 5133 a
3081 5066 3227 5116 Patre
3292 5067 3504 5128 Filioque
3550 5069 3827 5132 procedere,

2242 5124 2311 5197 illi
2352 5129 2549 5197 textum
2598 5129 2928 5197 corruperint,
2973 5131 3162 5193 allaque
3220 5133 3367 5183 verba
3420 5124 3642 5197 Filioque
3686 5124 3828 5186 αἱ)ηέ

2241 5190 2399 5267 dendo
2469 5191 2581 5267 inde
2627 5190 2921 5267 abstulerint
2944 5209 2958 5251 :
2981 5190 3098 5247 illos
3118 5210 3436 5267 magnopere
3513 5190 3827 5267 redarguam,

2240 5257 2368 5327 quod
2387 5259 2620 5308 audacter
2661 5261 2804 5327 nimis
2857 5262 2990 5312 sicut
3030 5268 3080 5314 et
3115 5257 3423 5327 impudenter
3488 5257 3829 5319 salictivGre;

2241 5323 2362 5384 gorii
2425 5327 2626 5395 testium
2676 5326 2743 5395 ita
2792 5330 3137 5392 corruperint:
3166 5323 3306 5393 plane
3365 5332 3643 5395 signiﬁcans
3732 5336 3825 5385 Ro-

2240 5400 2434 5463 manam
2516 5391 2782 5463 Ecclesiam
2851 5391 2974 5445 nihil
3034 5391 3277 5448 diversum
3336 5391 3431 5448 ab'
3484 5401 3588 5463 ipso
3663 5404 3826 5452 sancto

2236 5455 2468 5534 Gregorio
2499 5458 2720 5534 sentire,
2780 5471 2873 5510 nec
2921 5462 3175 5526 Joannem,
3214 5465 3278 5516 ad
3320 5477 3467 5528 quem
3504 5455 3701 5531 scribit,
3764 5467 3825 5517 ab

2236 5534 2295 5572 ea
2319 5524 2564 5575 sententia
2586 5524 2881 5590 discrepare.
