4086 6314
275 234 380 288 945

1477 233 1834 291 EPISTOLE
1881 234 1974 290 ET
2029 237 2354 294 DECRETA
2367 280 2380 293 .

3471 249 3574 304 946

272 355 413 412 sicut
443 355 605 410 etiam
634 370 738 427 ego
755 354 872 428 ipse
898 355 1229 412 affirmarem
1251 358 1561 427 hujusmodi
1591 357 1870 428 proposito
1889 359 1945 418 A
1974 375 2091 413 rum
2116 360 2324 426 Petrus,
2345 363 2438 432 qui
2467 363 2527 416 in
2558 363 2703 418 vobis
2735 369 2818 418 est
2846 381 3067 436 gregem
3086 369 3201 434 Dei,
3220 369 3577 440 providentes

275 444 408 499 satis
453 461 769 515 congruam,
819 445 1017 500 veritas
1061 453 1242 500 tamen
1286 447 1425 516 ipsa,
1471 446 1547 500 uti
1603 462 1662 500 se
1692 446 1877 510 habet,

270 532 417 586 nullo
457 539 617 603 pacto
661 539 744 586 est
789 533 1092 588 adulterata
1138 550 1317 604 neque
1359 534 1562 598 vitiata,
1594 541 1651 586 ut
1679 548 1880 602 proce-

273 620 409 676 dens
455 637 636 675 sermo
703 637 820 675 rem
871 621 1210 676 manifestam
1255 621 1438 686 faciet,
1489 629 1542 676 et
1584 622 1732 676 Deus
1777 622 1882 676 hoc

272 708 449 779 ipsum
493 708 650 764 nobis
719 724 817 763 suo
863 709 1173 764 testimonio
1234 710 1471 778 desuper
1514 707 1878 763 conﬁrmabit.

274 797 471 851 Verum
503 797 599 860 illi,
631 797 803 851 instar
862 813 1049 852 eorum
1081 797 1172 869 qui
1228 798 1410 852 vinum
1459 812 1597 867 aqua
1651 796 1882 850 miscent

277 893 328 939 et
359 885 749 949 adulterantur,
809 885 1064 939 nonnulla
1102 901 1134 938 a
1183 885 1377 954 seipsis
1434 884 1570 938 falsa
1611 883 1882 956 ﬁngentes

274 981 326 1026 et
351 973 724 1044 excogitantes
753 972 1034 1027 adhibent.
1081 972 1307 1042 Oportet
1348 972 1493 1026 enim
1539 980 1597 1025 ut
1643 972 1873 1035 damon,

272 1061 365 1132 qui
393 1061 462 1114 ab
491 1060 642 1115 initio
670 1060 798 1114 mali
840 1059 1021 1130 opifex
1062 1058 1160 1114 fuit
1205 1068 1257 1114 et
1294 1059 1433 1113 inter
1470 1075 1570 1113 nos
1611 1067 1664 1112 et
1706 1060 1878 1112 Deum

273 1147 581 1202 inimicitias
610 1147 810 1218 posuit,
844 1163 908 1202 ac
951 1147 1149 1202 deinde
1204 1154 1449 1201 nostrum
1504 1147 1738 1217 primum
1787 1162 1855 1216 pa

273 1245 481 1291 rentem
509 1253 538 1290 a
567 1236 667 1290 Dei
694 1251 877 1290 amore
920 1235 1208 1306 separavit,
1260 1243 1313 1290 et
1369 1235 1614 1290 creatori
1650 1249 1750 1288 suo
1780 1233 1882 1287 ini-

272 1324 474 1379 micum
501 1323 652 1378 illum
693 1323 989 1390 constituit,
1034 1323 1196 1378 etiam
1245 1338 1390 1378 nunc
1433 1322 1642 1393 aliquos
1686 1321 1881 1375 habeat

272 1412 357 1466 sui
385 1412 741 1475 ministros,et
770 1413 869 1466 hos
898 1412 1048 1482 ipsos
1079 1411 1320 1481 impellat
1350 1418 1407 1464 ut
1435 1410 1579 1464 inter
1604 1408 1879 1464 Ecclesias

286 1499 600 1556 scandalum
628 1499 848 1570 aliquod
880 1499 1168 1554 concitent.

336 1590 456 1658 Ego
487 1603 618 1642 vero
647 1587 715 1640 ad
746 1587 918 1640 Deum
949 1586 1128 1656 potius
1161 1592 1437 1640 auctorem
1485 1592 1537 1638 et
1564 1583 1880 1655 largitorem

269 1675 456 1730 oculos
488 1674 745 1744 dirigens,
781 1674 874 1744 qui
904 1673 1213 1729 inimicitias
1243 1673 1402 1727 etiam
1457 1673 1511 1725 in
1567 1687 1726 1726 cruce
1773 1686 1941 1761 suaB
1971 1709 2266 1764 Lauda”.
2388 1709 2508 1763 md.
2553 1741 2555 1743 _
2591 1673 2690 1690 "'"

287 1779 350 1780 νά
394 1763 428 1780 ’⁸
481 1770 548 1780 ἠ
573 1762 692 1780 ΓΡΑ
766 1777 856 1780 μη-
911 1761 1112 1780 κεκειη-
1163 1761 1368 1780 3n-_____
1437 1759 1715 1780 L__A:_“____
1783 1757 1863 1780 *ηε
2236 1726 2333 1780 λιιες
2355 1725 2406 1762 8.,
2488 1726 2608 1764 ιωη
2629 1726 2690 1764 er

267 1763 433 1817 morti
479 1762 716 1827 tradidit,
765 1777 866 1832 pro
908 1761 1116 1816 viribus
1163 1761 1374 1814 illorum
1437 1759 1721 1814 hominum
1777 1759 1868 1828 qui

268 1850 428 1905 malis
457 1851 816 1915 delectantur,
845 1865 940 1904 ora
995 1850 1277 1904 obstruere
1326 1848 1612 1903 contendo.
1664 1847 1731 1901 Et
1776 1845 1876 1900 hac

265 1939 337 1992 de
367 1944 548 1993 causa
593 1938 754 1992 etiam
805 1944 1098 2006 antequam
1154 1945 1246 1990 tua
1316 1935 1622 1990 fraternitas
1670 1936 1876 2006 aliquid

272 2025 405 2080 mihi
436 2023 722 2097 signiﬁcet,
758 2026 874 2080 hac
921 2024 1013 2078 tibi
1044 2023 1334 2078 manifesta
1405 2023 1586 2078 facere
1636 2024 1873 2090 decrevi,

269 2122 326 2168 ut
355 2114 423 2168 de
454 2114 620 2168 rebus
651 2113 855 2167 nostris
886 2113 1019 2166 satis
1051 2113 1296 2176 edoctus,
1330 2127 1493 2166 aures
1522 2111 1701 2165 minus
1728 2129 1875 2182 pra-

263 2201 398 2256 beas
428 2200 496 2254 iis
529 2201 622 2271 qui
653 2200 985 2256 contendere
1017 2208 1070 2254 et
1097 2199 1393 2254 conviciari
1452 2199 1669 2254 student
1701 2218 1716 2265 ;
1778 2200 1874 2254 sed

266 2289 417 2360 ipsos
449 2288 664 2357 rejicias
693 2288 872 2358 potius
904 2295 956 2342 et
995 2302 1264 2357 respuas;
1300 2285 1503 2341 efficias
1531 2294 1876 2356 praterea,ut

269 2376 363 2432 alii
393 2391 581 2432 eorum
611 2375 795 2430 verbis
826 2373 986 2430 ﬁdem
1020 2391 1129 2429 non
1157 2375 1468 2429 adhibeant.

334 2464 498 2519 Novit
527 2464 691 2519 etiam
721 2471 812 2517 tua
862 2462 1170 2517 fraternitas
1219 2463 1366 2532 quod
1407 2477 1532 2516 cum
1582 2477 1759 2531 nuper
1805 2462 1874 2516 ad

264 2567 367 2607 nos
405 2552 637 2606 accessit
675 2551 766 2622 qui
794 2567 824 2604 a
862 2558 915 2604 te
945 2550 1145 2604 missus
1176 2557 1276 2617 est,
1311 2556 1362 2604 et
1392 2550 1461 2603 de
1507 2556 1696 2604 sancto
1729 2565 1876 2619 sym-

260 2639 388 2695 bolo
417 2655 517 2694 nos
548 2638 839 2704 consuluit,
893 2639 1168 2709 quomodo
1216 2637 1422 2690 invenit
1469 2652 1571 2691 nos
1617 2635 1753 2690 illud
1783 2637 1871 2689 in-

261 2743 611 2791 concussum,
646 2726 782 2781 sicut
803 2726 963 2781 nobis
989 2726 1054 2779 ab
1085 2724 1237 2780 initio
1267 2724 1524 2778 traditum
1581 2731 1682 2789 est,
1743 2739 1875 2778 con-

265 2830 508 2880 servare,
539 2829 721 2885 neque
740 2814 942 2884 aliquid
969 2812 1248 2867 addidisse
1275 2811 1364 2867 vel
1394 2810 1717 2880 detraxisse,
1751 2827 1872 2866 cum

264 2911 414 2959 recte
444 2902 757 2957 noverimus
790 2901 934 2972 quod
967 2916 1062 2956 eos
1109 2899 1202 2971 qui
1241 2899 1369 2955 talia
1413 2899 1596 2954 facere
1651 2899 1868 2966 audent,

263 2990 450 3063 gravis
502 2989 883 3045 condemnatio
936 2995 1230 3058 exspectat.
1285 2987 1619 3042 Reverentia
1689 2986 1872 3056 itaque

261 3087 368 3134 tua
389 3078 580 3133 iterum
611 3076 1004 3148 signiﬁcamus,
1029 3084 1087 3130 ut
1114 3076 1181 3129 de
1200 3077 1304 3130 hac
1333 3075 1606 3129 additione
1627 3074 1683 3128 in
1712 3074 1873 3144 Sym-

262 3166 391 3221 bolo
419 3167 509 3234 (ex
537 3165 671 3220 Filio
725 3164 953 3235 scilicet)
993 3163 1087 3218 tibi
1117 3162 1498 3227 satisfacimus,
1549 3161 1696 3232 quod
1760 3177 1870 3215 non

265 3255 444 3309 solum
471 3254 574 3308 hoc
604 3268 716 3308 non
745 3252 996 3317 dicimus,
1058 3251 1156 3305 sed
1215 3250 1375 3304 etiam
1441 3249 1592 3320 quod
1648 3264 1746 3304 eos
1777 3247 1870 3318 qui

258 3341 528 3412 principio
556 3342 662 3396 hoc
708 3340 892 3395 dicere
934 3355 1030 3393 sua
1089 3338 1301 3391 insania
1354 3336 1472 3391 ausi
1527 3343 1670 3401 sunt,
1707 3335 1868 3406 quasi

261 3437 700 3501 transgressores
757 3427 924 3482 divini
981 3426 1130 3482 verbi
1201 3425 1648 3492 condemnamus,
1734 3423 1871 3478 sicut

258 3516 544 3588 theologia
597 3515 796 3571 Christi
873 3514 1088 3569 Domini
1105 3528 1414 3578 eversores,
1459 3519 1511 3567 et
1542 3518 1859 3566 sanctorum

261 3606 484 3660 Patrum
513 3602 605 3675 qui
673 3601 931 3673 synodica
981 3599 1364 3656 convenientes
1423 3605 1667 3654 sanctum
1708 3599 1870 3669 Sym-

262 3691 448 3748 bolum
477 3690 633 3746 nobis
662 3690 1020 3754 tradiderunt,
1055 3695 1107 3743 et
1136 3703 1244 3741 una
1273 3702 1396 3742 cum
1426 3686 1566 3740 Juda
1594 3685 1717 3741 illos
1748 3685 1868 3740 col-

261 3781 523 3844 locamus,
557 3778 700 3849 quod
730 3778 921 3833 eadem
950 3776 1069 3846 ipsa
1099 3791 1219 3846 qua
1249 3775 1344 3828 ille
1373 3781 1586 3845 patrare
1615 3788 1726 3827 non
1746 3780 1870 3826 sunt

262 3867 456 3931 veriti;
489 3881 598 3922 non
628 3865 754 3937 quia
786 3863 1132 3920 Dominicum
1161 3879 1361 3932 corpus
1417 3861 1578 3916 morti
1616 3861 1866 3916 tradide-

265 3963 411 4020 runt,
445 3955 540 4010 sed
569 3954 693 4026 quia
725 3953 826 4007 Dei
854 3952 1064 4020 ﬁdeles,
1127 3951 1218 4022 qui
1246 3958 1369 4004 sunt
1426 3950 1543 4018 ejus
1598 3949 1866 4014 membra,

265 4043 554 4099 schismate
600 4047 956 4114 segregarunt
1005 4048 1056 4094 et
1089 4039 1320 4094 invicem
1359 4037 1678 4103 diviserunt,
1714 4045 1764 4090 et
1797 4037 1872 4090 ita

266 4137 471 4186 aterno
502 4129 616 4202 igni
646 4129 768 4183 illos
806 4127 1115 4199 pracipites
1145 4127 1358 4189 dantes,
1392 4133 1445 4178 et
1497 4125 1666 4177 multo
1695 4123 1868 4194 magis

266 4218 498 4289 seipsos,
530 4225 589 4272 ut
617 4216 742 4271 fecit
771 4215 1065 4286 pradictus
1128 4214 1298 4268 Judas
1358 4211 1616 4283 indignus
1672 4209 1872 4264 Christi

271 4305 592 4375 discipulus,
627 4302 960 4358 suffocarunt
973 4344 986 4356 .

1979 464 2094 502 non
2123 453 2330 513 coacte,
2367 451 2459 504 sed
2488 455 2791 519 spontanee
2834 469 3011 524 neque
3041 460 3106 509 ut
3124 455 3480 512 dominantes
3510 459 3574 512 in

1980 536 2168 600 cleris,
2202 537 2297 591 sed
2326 539 2512 607 forma
2531 541 2675 608 facti
2701 542 2880 609 gregis
2913 541 2963 610 (1
2988 544 3139 596 Petr.
3171 542 3248 612 v).
3283 542 3386 611 Qui
3415 543 3581 614 igitur

1980 622 2058 676 ita
2088 639 2191 677 nos
2231 633 2488 678 accusant
2518 641 2583 680 ac
2623 626 2668 679 si
2716 626 2844 680 talia
2892 628 3030 682 mala
3087 629 3403 696 sentiamus,
3472 647 3581 686 non

1975 710 2093 777 jure
2132 726 2230 764 nos
2261 721 2535 766 accusant.
2571 715 2739 766 Tuam
2768 715 2946 786 itaque
2993 716 3148 770 decet
3188 718 3575 773 fraternitatem

1979 813 2154 868 neque
2183 799 2497 853 scandalum
2527 800 2749 871 aliquod
2789 802 3055 856 adversus
3086 819 3184 858 nos
3213 805 3340 874 pati,
3401 821 3580 876 neque

1979 901 2008 938 a
2040 885 2250 956 reliquo
2280 887 2542 941 Ecclesia
2573 903 2804 958 corpore
2836 890 3133 959 proscindi,
3153 892 3249 945 sed
3275 892 3451 961 potius
3480 909 3580 947 no-

1981 973 2189 1027 biscum
2223 972 2349 1027 ﬁdei
2390 989 2597 1046 agones
2630 977 2898 1031 sustinere
2927 992 3052 1032 cum
3081 978 3367 1047 prudentia
3405 979 3581 1034 etlon—

1979 1060 2290 1132 ganimitate
2320 1078 2332 1124 ;
2367 1069 2420 1115 et
2449 1062 2582 1116 alios
2622 1063 2713 1134 qui
2744 1080 2776 1118 a
2805 1065 3032 1120 veritate
3061 1065 3488 1134 declinaverunt,
3513 1067 3581 1120 ad

1979 1147 2128 1201 illam
2143 1147 2575 1217 amplectendam
2603 1161 2942 1218 revocare,ut
2967 1167 3065 1221 pro
3093 1153 3178 1206 his
3201 1154 3446 1208 eamdem
3475 1169 3580 1208 no-

1979 1235 2188 1289 biscum
2221 1237 2530 1290 mercedem
2570 1237 2821 1307 recipias.
2856 1239 2989 1294 Vale
3017 1239 3070 1292 in
3104 1240 3355 1306 Domino,
3415 1256 3579 1296 reve-

1979 1321 2304 1377 rendissime
2334 1332 2386 1376 et
2415 1324 2682 1379 catholice
2713 1324 2900 1380 frater.

2652 1447 2865 1502 CCCLI.

2084 1548 2156 1587 AD
2195 1548 2466 1596 QUEMDAM
2497 1533 2560 1605 [f.
2593 1550 2864 1590 ROMANUM
2906 1549 3168 1590 ARCHIBP.
3215 1536 3468 1608 RAVEN.].

2587 1622 2766 1690 (Anno
2797 1625 2945 1693 880.)

2690 1728 2758 1781 ga
2787 1711 2971 1766 sedem
2995 1713 3378 1783 apostolicam,
3410 1727 3574 1766 eum-

2048 1783 2372 1860 queomonet
2402 1783 2466 1832 ut
2490 1784 2808 1862 perseveret
2835 1801 2854 1862 ξ
2881 1783 3187 1862 pollicetur
3215 1798 3343 1862 eam
3355 1799 3408 1862 _a
3427 1798 3484 1837 se
3514 1784 3579 1837 in

2047 1850 2362 1972 amicotrum
2381 1865 2617 1905 numero
2650 1850 2898 1921 referrif
2917 1853 3176 1923 praecipit
3224 1855 3290 1906 ut
3347 1854 3579 1908 Romam

2048 1935 2208 1972 venia
2246 1960 2258 1972 .

2048 1935 2258 1973 veniat.

2048 2007 2196 2061 Sicut
2225 2006 2380 2060 nobis
2411 2022 2510 2076 per
2565 2007 2770 2061 litteras
2825 2014 2944 2062 tuas
3004 2015 3058 2062 et
3115 2007 3444 2063 verbotenus
3478 2024 3579 2078 per

1975 2094 2271 2148 Deusdedit
2303 2095 2623 2166 religiosum
2661 2096 3044 2166 presbyterum
3093 2104 3245 2149 tuum
3283 2096 3577 2164 mandasti,

1975 2189 2031 2240 ut
2060 2181 2222 2236 ﬁdem
2255 2190 2306 2236 et
2336 2182 2698 2251 devotionem,
2731 2198 2890 2252 quam
2920 2183 3064 2238 circa
3096 2183 3299 2251 I'sedem
3355 2190 3580 2252 aposto-

1975 2269 2132 2323 licam
2172 2270 2376 2324 habere
2413 2271 2603 2337 debes,
2638 2277 2690 2324 te
2719 2269 2860 2324 velle
2897 2277 3010 2324 toto
3040 2270 3325 2324 conamine
3357 2285 3581 2325 conser-

1975 2372 2102 2411 vare
2161 2357 2534 2410 indiminutam
2589 2373 2820 2421 asseras,
2883 2364 3172 2428 gratanter
3217 2357 3576 2426 suscepimus.

1975 2444 2130 2499 Unde
2155 2451 2206 2498 te
2237 2444 2562 2498 omnimodis
2590 2444 2962 2509 admonemus,
3015 2452 3068 2498 et
3125 2443 3210 2497 his
3265 2443 3577 2513 apostolicis

1972 2531 2164 2585 litteris
2195 2526 2551 2597 exhortamur,
2602 2538 2659 2584 ut
2712 2531 2859 2584 nulla
2911 2529 3249 2584 inimicorum
3305 2530 3574 2585 calliditas

1973 2618 2059 2672 vel
2085 2618 2326 2686 seductio
2355 2617 2589 2688 amplius
2617 2633 2647 2671 a
2677 2625 2866 2671 nostra
2895 2615 3152 2672 ﬁdelitate
3189 2617 3573 2689 quoquomodo

1973 2705 2147 2758 valeat
2195 2712 2245 2759 te
2291 2721 2613 2770 removere;
2665 2705 2763 2758 sed
2794 2705 3095 2760 secundum
3126 2703 3437 2778 sponsionis
3467 2712 3570 2760 tua

1973 2800 2216 2846 tenorem
2263 2793 2317 2846 in
2377 2809 2443 2847 ea
2498 2792 2849 2847 devotissime
2903 2807 3231 2862 permanere
3289 2807 3572 2861 procures.

1974 2878 2322 2950 Quapropter
2368 2879 2504 2935 scito
2560 2879 2686 2950 quia
2727 2879 2846 2934 sine
2875 2879 3022 2934 omni
3086 2878 3359 2934 dubietate
3431 2879 3573 2935 inter

1973 2967 2202 3022 dilectos
2221 2975 2434 3022 nostros
2463 2975 2514 3022 te
2545 2967 2779 3022 retinere
2807 2967 3072 3031 volentes,
3105 2967 3354 3020 volumus
3410 2967 3574 3022 etiam

1903 3041 1951 3103 Ο
1969 3063 2020 3110 et
2039 3055 2386 3125 pracipimus
2416 3063 2472 3108 ut
2500 3063 2551 3108 et
2579 3071 2677 3124 pro
2704 3054 3026 3109 necessitate
3063 3053 3343 3116 Ecclesia,
3379 3061 3432 3107 et
3467 3069 3571 3124 pro

1971 3149 2074 3196 tua
2111 3158 2279 3197 causa
2302 3141 2561 3208 utilitatis,
2595 3141 2782 3196 Roma
2836 3141 2904 3194 ad
2932 3147 3176 3195 nostram
3216 3140 3568 3210 apostolicam

1969 3230 2308 3298 prasentiam
2336 3229 2752 3299 prasentialiter
2794 3227 2981 3284 venire
3026 3227 3391 3282 indubitanter
3445 3243 3571 3298 pro-

1970 3332 2150 3385 cures,
2205 3317 2331 3388 quia
2413 3324 2466 3370 et
2557 3324 2752 3370 statum
2821 3312 3021 3370 sancta
3077 3314 3408 3370 Ravennatis
3465 3314 3573 3370 Ec-

1970 3403 2151 3459 clesia
2234 3404 2562 3460 incolumem
2638 3419 2984 3467 conservare,
3070 3409 3328 3472 tuumque
3383 3400 3571 3472 profe-

1969 3499 2114 3546 ctum
2145 3499 2196 3546 et
2233 3493 2494 3547 honorem
2526 3490 2812 3561 perﬁcere,
2847 3489 3138 3544 auxiliante
3177 3488 3427 3554 Domino,
3479 3503 3572 3545 cu-

1968 3595 2167 3651 pimus.

2645 3677 2886 3732 CCCLII.

2111 3780 2184 3820 ΔΙ)
2219 3779 2575 3820 ATHANASIUM
2604 3779 2907 3820 EPISCOPUM
2943 3776 3392 3818 NEAPOLITANUM.

2518 3854 2696 3920 (Anno
2727 3853 3015 3922 881-882.)

1971 3942 2046 3996 Ab
2077 3942 2664 3996 excommunicatione
2691 3957 2819 3995 eum
2850 3940 3104 4004 absolvit,
3153 3943 3209 3993 et
3254 3939 3573 3993 ministerio

2042 4012 2382 4066 sacerdotali
2412 4013 2688 4075 restituit,
2721 4011 3017 4064 dum-modo
3046 4013 3278 4079 pactum
3303 4025 3433 4062 cum
3465 4008 3571 4064 Sa-

2041 4082 2263 4136 racenis
2294 4081 2524 4142 initum,
2560 4081 2707 4134 sicut
2732 4080 3093 4149 promiserat,
3128 4081 3376 4149 rumpat.
3413 4079 3470 4130 et
3495 4091 3570 4130 ex

2043 4152 2122 4205 eis
2153 4151 2390 4220 aliquos,
2426 4151 2646 4204 caeteris
2658 4147 2962 4220 jugulatis,
2997 4151 3188 4216 captos
3220 4147 3436 4209 mittat,
3470 4160 3574 4200 nec

2042 4219 2304 4290 deinceps
2335 4235 2465 4274 cum
2494 4221 2574 4272 eis
2603 4219 2782 4287 foedus
2804 4219 2997 4287 feriat.

2041 4310 2365 4361 ATHANASIO
2396 4305 2652 4375 episcopo
2680 4304 3058 4374 Neapolitano.

340 4393 680 4448 Arbitramur
706 4401 886 4446 autem
913 4399 1064 4445 tuam
1093 4387 1450 4444 reverentiam
1480 4393 1630 4441 recte
1687 4401 1874 4455 nosse,
1907 4382 1956 4441 D
2049 4395 2181 4449 Boni
2210 4395 2443 4464 pastoris
2473 4393 2670 4447 eximio
2711 4391 2979 4447 informati
3007 4389 3276 4460 exemplo,
3309 4389 3401 4460 qui
3433 4388 3579 4442 venit

265 4497 392 4539 cum
417 4482 494 4536 sis
522 4480 738 4551 sapiens
767 4477 821 4534 et
848 4478 1095 4533 doctrina
1151 4476 1428 4546 praditus,
1466 4475 1610 4545 quod
1641 4474 1790 4539 dum,
1824 4478 1881 4526 ut

271 4569 466 4640 reliqui
493 4567 665 4624 nostri
695 4566 939 4638 episcopi
967 4565 1249 4620 nobiscum
1280 4563 1426 4617 idem
1463 4561 1716 4624 sentiant,
1753 4560 1877 4614 totis

272 4657 482 4712 viribus
511 4655 909 4719 contendimus,
943 4669 1052 4708 non
1073 4651 1404 4706 mediocrem
1434 4650 1488 4704 id
1516 4649 1673 4704 nobis
1702 4648 1878 4702 mole-

274 4745 431 4801 stiam
455 4743 629 4799 affert.
665 4745 732 4798 Et
761 4757 956 4797 revera
985 4757 1100 4796 rem
1129 4741 1266 4794 adeo
1297 4754 1522 4811 gravem
1560 4737 1666 4792 cito
1723 4751 1877 4792 com-

275 4841 502 4901 mutare,
537 4832 717 4886 nullus
746 4831 798 4884 id
830 4830 1010 4886 facere
1031 4835 1236 4899 posset,
1270 4827 1397 4881 licet
1433 4825 1587 4881 brevi
1635 4833 1878 4894 tempore

273 4929 454 4977 ortum
473 4920 742 4984 habuerit,
777 4934 878 4973 nec
908 4917 1199 4972 multorum
1229 4931 1493 4970 annorum
1537 4913 1708 4984 spatio
1764 4911 1880 4966 fue-

276 5010 347 5064 rit
374 5008 710 5065 conﬁrmata.
745 5008 806 5061 Et
838 5007 937 5061 hac
991 5006 1058 5060 de
1115 5020 1279 5060 causa
1326 5002 1522 5057 rationi
1578 5017 1878 5072 congruum

278 5098 438 5153 nobis
465 5097 638 5152 visum
673 5103 772 5160 est,
808 5110 877 5149 ne
908 5094 1173 5149 violenter
1203 5091 1394 5162 aliquis
1415 5087 1644 5162 cogatur
1663 5105 1695 5144 a
1724 5088 1879 5143 vobis

277 5186 608 5241 additionem
656 5185 804 5240 illam
859 5182 1148 5248 dimittere,
1207 5195 1368 5250 quam
1443 5179 1560 5248 ipse
1614 5176 1879 5246 adjecisse

280 5273 538 5346 Symbolo
570 5289 629 5328 se
659 5271 889 5335 noverit,
922 5270 1020 5324 sed
1048 5269 1226 5339 potius
1254 5265 1667 5321 mansuetudine
1697 5264 1880 5334 aliqua

280 5361 589 5432 hUJusmodi
619 5359 867 5415 homines
896 5359 1209 5420 admonere,
1242 5362 1295 5410 et
1340 5352 1598 5426 paulatim
1664 5367 1699 5407 a
1757 5352 1878 5406 bla-

280 5460 524 5534 sphemia
561 5472 822 5516 revocare
847 5455 1120 5522 :Pascitc,
1143 5452 1316 5528 inquit
1347 5466 1590 5508 summus
1609 5448 1882 5522 apostolo-

1979 4499 2220 4553 quarere
2251 4490 2304 4537 et
2331 4482 2539 4536 salvare
2569 4481 2714 4552 quod
2743 4479 2999 4550 perierat,
3031 4486 3180 4532 tanto
3235 4485 3481 4546 tempore
3525 4483 3578 4530 te

1975 4587 2076 4640 per
2103 4570 2261 4625 devia
2299 4577 2582 4634 errantem,
2619 4568 2830 4635 abjecto
2878 4565 3074 4621 Christi
3133 4565 3238 4619 levi
3261 4564 3416 4632 jugo,
3453 4578 3577 4617 cum

1976 4657 2286 4712 inﬁdelibus
2337 4658 2529 4729 jugum
2572 4657 2808 4711 obscena
2864 4653 3156 4724 cupiditate
3211 4653 3410 4706 ducere
3469 4665 3578 4704 non

1977 4747 2325 4813 dubitantem,
2369 4731 2760 4815 quamvis'sero
2783 4743 2850 4796 ad
2881 4751 2932 4796 te
2964 4739 3356 4810 percutientem
3381 4738 3575 4792 reverti

1978 4834 2118 4889 velle
2148 4833 2430 4900 mandasti,
2464 4832 2718 4887 alacriter
2746 4830 3057 4898 recipimus,
3092 4835 3144 4882 et
3174 4827 3311 4881 inter
3342 4833 3572 4881 cateros

1979 4921 2398 4976 consacerdotes
2437 4927 2652 4973 nostros
2685 4917 2956 4986 praecipue
2985 4913 3363 4968 honorabilem
3422 4911 3579 4982 cupi-

1978 5025 2099 5062 mus
2130 5007 2384 5071 retinere,
2417 5014 2576 5076 prout
2606 5005 2723 5074 ipse
2752 5019 2852 5056 nos
2867 5003 2979 5070 jam
3001 5001 3130 5055 olim
3160 4999 3356 5054 fecisse
3387 4999 3583 5068 procul

1979 5096 2144 5150 dubio
2177 5093 2566 5150 reminisceris.
2601 5091 2708 5147 Sed
2755 5090 2902 5161 quia,
2935 5097 3026 5142 tua
3058 5087 3310 5160 exigente
3359 5085 3588 5140 sceleris

1979 5183 2111 5238 tanti
2141 5183 2390 5247 audacia,
2422 5180 2592 5235 sancti
2622 5179 2852 5248 Spiritus
2878 5177 3086 5245 judicio
3116 5184 3167 5230 te
3210 5189 3243 5228 a
3303 5173 3580 5230 consortio

1978 5279 2165 5326 nostro
2196 5270 2362 5324 divini
2390 5267 2632 5339 mysterii
2643 5267 2767 5334 jure
2796 5263 3186 5327 submovimus,
3212 5277 3356 5317 nunc
3387 5276 3583 5316 secun-

1980 5361 2109 5414 dum
2156 5374 2348 5428 preces
2406 5365 2521 5410 tuas
2565 5362 2618 5409 et
2683 5353 3002 5408 relationem
3059 5350 3202 5406 Petri
3258 5347 3583 5404 venerabilis

1980 5446 2198 5504 diaconi
2244 5445 2338 5516 tui,
2386 5445 2433 5500 si
2475 5443 2639 5499 modo
2676 5449 2896 5514 pactum
2951 5440 3099 5513 quod
3158 5439 3418 5495 hactenus
3464 5449 3584 5492 cum
