4086 6306
557 242 664 296 947

550 431 652 514 ris,
691 455 742 502 et
771 446 840 501 ab
868 460 1055 501 eorum
1084 441 1420 513 nequissima
1477 437 1737 493 societate
1767 431 2052 489 conamine
2110 437 2161 483 te

546 534 885 606 separaveris
920 551 934 597 ;
968 539 1127 603 atque
1153 529 1201 584 si
1231 526 1593 600 praesentibus
1610 524 1694 578 his
1721 521 1903 576 missis
1936 517 2156 581 nostris,

477 654 483 658 >
551 622 761 678 Marino
790 620 1045 676 videlicet
1076 615 1537 673 reverendissimo
1568 611 1825 682 episcopo
1858 616 1910 663 et
1961 612 2161 661 sanctae

552 709 699 765 sedis
726 715 913 763 nostro
943 705 1172 773 arcario,
1220 711 1275 759 et
1341 701 1521 758 Siconi
1579 698 1806 769 egregio
1845 695 1982 762 viro,
2042 708 2163 747 ma-

544 798 699 865 jores
764 796 1164 851 Saracenorum
1232 798 1461 863 quantos
1512 787 1706 841 melius
1787 791 1968 855 potes,
2028 795 2166 851 quos

553 883 878 939 nominatim
905 881 1219 953 quzerimus,
1255 892 1378 933 cum
1435 875 1556 930 aliis
1587 872 1839 929 omnibus
1865 868 2094 939 ceperis,
2115 873 2169 922 et

551 971 816 1043 iugulatis
846 969 986 1033 aliis,
1020 983 1113 1023 eos
1151 966 1310 1021 nobis
1337 962 1617 1027 direxeris,
1642 976 1673 1014 a
1701 958 1923 1015 vinculo
1945 971 2169 1012 excom-

556 1056 941 1114 municationis
970 1053 1322 1118 absolvimus,
1348 1059 1401 1107 et
1423 1051 1573 1118 juxta
1602 1047 2001 1119 pracedentem
2032 1058 2169 1099 con-

563 1145 906 1201 suetudinem
936 1140 1245 1213 episcOpale
1291 1137 1529 1195 ofﬁcium
1558 1135 1855 1191 reddimus.
1918 1134 1999 1187 Eo
2028 1130 2173 1186 scili-

565 1240 652 1288 cet
679 1231 862 1297 modo,
897 1230 983 1284 vel
1024 1237 1227 1292 tenore,
1257 1235 1314 1281 ut
1341 1226 1512 1296 captis
1543 1231 1596 1279 et
1637 1222 1845 1277 traditis
1887 1227 2064 1284 antea,
2116 1228 2173 1274 ut

565 1319 768 1375 dictum
799 1327 898 1382 est,
932 1315 1236 1385 Saracenis,
1260 1314 1519 1382 deinceps
1545 1310 1752 1365 nullum
1776 1324 1896 1363 curn
1928 1307 2007 1361 eis
2037 1306 2175 1360 ulte-

566 1406 680 1460 rius
708 1405 886 1460 fcedus
899 1420 1114 1476 quoquo
1142 1402 1306 1457 modo
1327 1400 1464 1455 inire
1478 1412 1793 1470 praesumas.
1815 1397 1954 1450 Nam
1984 1394 2030 1448 si
2050 1408 2174 1449 cum

563 1492 672 1547 illis
717 1492 915 1548 iterum
972 1499 1191 1562 pactum
1238 1489 1455 1560 aliquod
1513 1485 1694 1569 facere
1750 1483 2059 1549 tentaveris,
2118 1481 2174 1534 in

566 1580 763 1635 eadem
792 1588 845 1635 te
899 1576 1457 1636 excommunicatione
1521 1588 1745 1628 manere
1795 1571 2083 1635 sancimus,
2121 1576 2172 1623 et

1797 221 2092 280 JOANNIS
2149 217 2345 273 ΡΑΡΛΕ
2396 218 2535 273 VIII.

545 360 726 432 impiis
755 358 1022 431 Agarenis
1052 354 1305 419 habuisti,
1340 349 1629 406 manifesta
1656 346 1945 403 devotione
1981 342 2161 415 frege-
2193 344 2248 403 Α

3764 206 3864 259 948

2923 347 3187 405 CCCLIV.

2650 465 2721 504 AD
2760 462 3015 503 CAROLUM
3056 458 3472 501 IMPERATORBM.

2574 534 2583 539 '
2878 537 3056 607 (Anno
3096 534 3249 601 882.)

2267 629 2534 695 Queritur
2562 627 2747 681 multa
2776 625 2917 680 bona
2946 623 3207 679 Ecclesia
3238 624 3519 695 Romane,
3542 636 3597 695 a_

2333 698 2569 770 quodam
2599 696 2927 770 marchione
2968 698 3204 770 erepta;
3252 693 3411 770 rogat
3441 694 3521 770 _ut
3553 688 3866 744 Ecclesiam

2334 762 2621 838 defendat,
2655 770 2712 821 et
2738 768 2977 837 ipsemet
3003 762 3231 835 adjutor
3258 762 3471 817 veniat.

2336 873 2418 927 Ad
2448 872 2834 942 imperatorem
2866 870 3156 925 Cmowu.

2338 960 2471 1014 Cum
2501 967 2555 1014 et
2582 967 2705 1014 ante
2736 966 3048 1028 susceptum
3087 955 3394 1027 imperium,
3429 962 3482 1009 et
3523 960 3648 1025 post
3681 954 3863 1024 Augu-

2267 1048 2402 1103 stale
2432 1054 2726 1118 sceptrum,
2773 1062 2873 1117 per
2910 1044 3226 1100 humilitatis
3275 1050 3470 1098 vestrae
3515 1040 3873 1096 ministerium

2271 1136 2424 1192 vobis
2473 1134 2731 1190 divinitus
2784 1134 3119 1197 attributum,
3180 1147 3281 1187 nos
3333 1130 3549 1203 quidem
3597 1127 3875 1183 multoties

2272 1239 2370 1295 pro
2394 1222 2691 1278 innumeris
2747 1221 3166 1278 necessitatibus
3220 1228 3274 1275 et
3326 1218 3716 1289 multiplicibus
3776 1231 3876 1287 op-

2271 1311 2666 1383 pressionibus,
2730 1326 2863 1382 quas
2919 1317 3104 1365 sancta
3158 1316 3333 1363 mater
3389 1314 3573 1363 vestra
3629 1305 3875 1360 Romana

2273 1399 2521 1454 Ecclesia
2566 1398 2806 1469 quotidie
2853 1397 3073 1469 patitur,
3132 1396 3340 1469 ingenti
3392 1409 3631 1450 maerore
3693 1391 3878 1448 afﬂicti

2273 1486 2751 1553 reclamassemus,
2784 1486 2990 1540 nullum
3019 1500 3192 1557 usque
3220 1485 3400 1540 adhuc
3453 1490 3649 1553 optatae
3676 1496 3879 1536 conso-

2274 1574 2490 1629 lationis
2521 1574 2782 1630 valuimus
2810 1574 3115 1645 promereri
3142 1573 3399 1628 auxilium
3430 1571 3516 1626 vel
3542 1568 3878 1626 defensionis

560 1668 878 1723 auctoritate
908 1667 1007 1721 Dei
1038 1664 1424 1736 omnipotentis
1454 1670 1508 1717 et
1546 1661 1688 1717 beati
1754 1659 1896 1714 Petri
1949 1665 2174 1728 aposto-
2203 1687 2257 1747 B
2278 1662 2547 1729 solatium,
2582 1662 2710 1734 quia
2739 1664 2807 1717 de
2836 1662 3089 1717 omnibus
3118 1660 3485 1716 immobilibus
3523 1659 3688 1714 rebus
3714 1657 3881 1713 terri-

564 1755 740 1810 lorum
769 1754 1027 1825 principis
1059 1762 1112 1808 et
1134 1760 1338 1816 nostra,
1371 1750 1518 1806 omni
1556 1747 1855 1820 episcopali
1882 1748 2093 1801 honore
2121 1752 2175 1800 te

562 1843 894 1913 privandum
921 1850 973 1897 et
1001 1848 1265 1913 perpetuo
1285 1839 1627 1894 anathemate
1646 1834 2019 1891 damnandum
2049 1849 2172 1890 esse
2220 1904 2225 1911 .

566 1929 933 1985 decernimus.

1232 2048 1499 2106 CCCLIII.

1120 2171 1194 2211 AD
1232 2168 1617 2211 GENEVENSES.

1176 2261 1356 2331 (Anno
1390 2258 1539 2330 882.)

629 2368 898 2442 Praecipit
926 2371 992 2423 ut
1032 2366 1579 2491 θριαηιέοὺθῗὶἐέῗὲρο
1608 2381 1642 2419 a
1672 2380 1730 2420 se
1786 2366 2112 2420 consecrato

1238 2452 1518 2492 ooeazant.

639 2545 799 2600 Clero
832 2552 885 2599 et
904 2542 1105 2614 populo
1135 2541 1467 2598 Genevensi.

641 2631 989 2688 Dilectissimi
1019 2629 1114 2685 ﬁlii
1142 2630 1315 2685 nostri
1353 2628 1528 2684 Caroli
1557 2626 1917 2698 imperatoris,
1977 2624 2183 2697 princi-

573 2734 813 2791 pumque
841 2718 1010 2788 ipsius
1039 2718 1233 2786 relatu,
1288 2725 1529 2771 vestram
1566 2715 1873 2770 Ecclesiam
1902 2714 2180 2768 viduatam

574 2813 970 2880 cognoscentes
999 2813 1237 2876 pastore,
1276 2812 1329 2859 et
1346 2812 1575 2874 propter
1591 2802 1986 2856 dissensionem
2008 2803 2182 2855 Boso-

573 2895 681 2960 nis,
715 2893 802 2948 cui
832 2893 1072 2948 sociatus
1128 2892 1372 2961 ejusdem
1429 2890 1575 2945 sedis
1625 2890 1839 2944 videtur
1896 2897 2181 2957 metropo-

578 2981 797 3046 litanus,
826 2979 1223 3035 ordinationem
1275 2978 1431 3033 electi
1479 2977 1648 3032 vestri
1670 2976 1905 3047 Optandi
1936 2974 2180 3040 diﬂ‘erre,

584 3069 901 3126 auctoritate
930 3076 983 3123 et
1008 3075 1271 3138 potestate
1299 3066 1613 3137 apostolica,
1657 3065 1955 3120 secundum
1989 3065 2191 3133 depre-

585 3157 856 3213 cationem
883 3156 1123 3225 ejusdem
1154 3154 1486 3210 serenissimi
1541 3153 1903 3225 imperatoris,
1938 3150 2033 3206 ﬁlii
2090 3151 2193 3206 sci-

583 3245 714 3301 licet
759 3244 934 3300 nostri
994 3242 1248 3314 spiritalis
1301 3241 1479 3297 Caroli
1521 3250 1681 3313 atque
1710 3241 2025 3310 Optimatum
2052 3240 2197 3309 ejus-

580 3333 917 3405 prazcognita
944 3339 1125 3386 vestra
1155 3330 1394 3385 omnium
1425 3330 1478 3383 in
1518 3330 1712 3383 eodem
1760 3327 2011 3398 Optando
2077 3327 2193 3381 ele-

585 3421 782 3485 ctione,
814 3428 865 3474 et
884 3418 1110 3491 qualiter
1124 3418 1270 3473 idem
1292 3416 1674 3473 serenissimus
1703 3416 1993 3487 imperator
2011 3415 2193 3469 eidem

588 3507 853 3563 Ecclesiae
909 3505 1230 3561 electionem
1277 3504 1587 3575 perenniter
1642 3504 1710 3560 de
1769 3502 1989 3574 proprio
2045 3502 2195 3558 clero

592 3597 906 3656 donaverat,
938 3594 1140 3649 diutius
1167 3593 1287 3663 ipsa
1315 3592 1563 3648 Ecclesia
1590 3608 1659 3646 ne
1705 3592 1925 3646 viduata
1953 3598 2195 3645 maneret

592 3692 829 3754 pastore,
862 3682 1300 3737 consecravimus
1328 3696 1453 3735 cum
1510 3680 1681 3736 sancti
1712 3679 1945 3749 Spiritus
1974 3679 2153 3750 gratia
2178 3695 2191 3743 ;

584 3778 640 3825 et
669 3770 740 3824 ad
770 3769 1071 3840 regendum
1104 3784 1201 3823 vos
1230 3768 1573 3838 pastoraliter
1628 3768 1945 3823 instructum
1989 3766 2195 3821 direxi-

585 3874 740 3923 mus;
774 3874 936 3929 quem
963 3857 1157 3911 devote
1188 3865 1243 3911 et
1278 3856 1605 3911 unanimiter
1650 3856 2025 3925 suscipientes,
2073 3856 2198 3910 obe-

589 3946 803 4000 dientes
868 3944 938 4009 ei,
999 3952 1183 4014 utpote
1229 3944 1448 4015 proprio
1485 3943 1622 4015 patri
1678 3943 1907 4014 spiritali
1937 3942 2075 4003 sitis
2139 3943 2196 3997 in

590 4033 841 4089 omnibus
866 4052 880 4099 ;
914 4032 1064 4088 salvo
1095 4032 1356 4103 deinceps
1377 4033 1621 4102 ejusdem
1651 4031 1757 4087 loci
1792 4030 2076 4102 privilegio
2098 4046 2195 4086 an-

592 4123 746 4192 tiquo
777 4121 1016 4193 propriae
1054 4121 1392 4191 metr0polis,
1446 4120 1739 4186 sancimus,
1790 4127 1847 4173 ut
1889 4119 2198 4190 quicunque

591 4210 718 4265 huic
750 4217 951 4264 nostrae
979 4209 1284 4264 auctoritati
1343 4217 1396 4263 et
1450 4209 1764 4279 apostolicae
1818 4207 2198 4262 deliberationi

592 4304 783 4353 contra
837 4305 1004 4365 stare,
1058 4305 1151 4351 aut
1204 4296 1483 4359 resistere,
1547 4304 1639 4350 aut
1697 4311 1806 4351 non
1835 4294 2079 4360 obedire,
2111 4295 2198 4350 vel

2278 1750 2400 1806 torii
2430 1750 2601 1806 sancti
2659 1750 2820 1816 Petri,
2879 1766 3016 1821 quas
3045 1749 3201 1805 nobis
3230 1749 3503 1805 Ravennae
3530 1746 3883 1803 consistenti-

2274 1838 2397 1908 bus,
2429 1838 2485 1893 in
2513 1838 2803 1909 praesentia
2834 1838 3137 1893 serenitatis
3179 1845 3380 1892 vestrae
3428 1843 3657 1907 uterque
3715 1833 3882 1889 Wido

2272 1926 2537 1981 marchio-
2571 1942 2673 1997 pro
2731 1926 3139 1981 reinvestitione
3196 1924 3453 1991 reddidit,
3530 1939 3633 1979 nec
3715 1938 3884 1977 unum

2276 2014 2580 2085 recepimus
2612 2015 2791 2069 locum
2826 2032 2839 2079 ;
2875 2014 2971 2068 sed
2992 2013 3095 2085 ipsi
3124 2021 3176 2068 et
3196 2013 3446 2068 homines
3476 2027 3659 2067 eorum
3692 2019 3883 2067 contra

2272 2104 2362 2172 jus
2390 2110 2442 2157 et
2469 2102 2780 2173 aequitatem
2809 2102 2992 2157 omnia
3022 2101 3256 2157 retinere
3311 2108 3647 2173 praesumunt
3682 2117 3697 2153 :
3757 2114 3884 2153 nam

2277 2189 2435 2245 nobis
2464 2176 2845 2260 in‘Pentapoli,
2879 2190 2985 2245 hoc
3014 2198 3097 2244 est
3122 2189 3177 2243 in
3207 2189 3344 2244 urbe
3377 2189 3521 2244 Fano
3578 2187 3883 2243 consisten-

2277 2278 2439 2345 tibus,
2471 2278 2777 2333 Adelardus
2837 2276 3330 2333 reverendissimus
3360 2276 3668 2347 episcopus,
3702 2283 3757 2330 et
3782 2276 3881 2330 de.

2279 2365 2500 2422 liciosus
2554 2374 2738 2420 vester
2795 2366 3207 2437 communisque
3291 2363 3491 2430 ﬁdelis,
3580 2364 3877 2420 secundum

2281 2462 2477 2509 vestra:
2505 2453 2868 2526 delegationis
2890 2454 3103 2522 jussum
3146 2453 3386 2518 advenit,
3445 2460 3500 2508 et
3545 2453 3621 2507 ibi
3676 2451 3885 2523 praefati

2279 2541 2537 2597 Widonis
2568 2549 2621 2596 et
2653 2542 2940 2596 satellitum
2972 2542 3106 2611 ejus,
3165 2541 3259 2613 qui
3287 2548 3472 2595 nostra
3502 2541 3769 2595 violenter
3796 2547 3885 2593 tu-

2279 2629 2456 2684 lerunt
2512 2645 2575 2685 ac
2631 2629 2988 2698 retinuerunt,
3043 2629 3389 2699 praesentiam
3435 2628 3732 2699 praestolati
3782 2644 3880 2682 su-

2280 2733 2448 2770 mus:
2507 2723 2772 2787 quatenus
2827 2715 2915 2770 vel
2971 2716 3097 2770 inde
3154 2715 3332 2770 omnis
3386 2715 3784 2770 emendationis
3832 2723 3886 2769 et

2283 2804 2502 2873 iustitia:
2531 2811 2711 2874 empto
2740 2803 2911 2869 initio,
2954 2820 3053 2874 per
3081 2811 3309 2859 caeteras
3335 2803 3599 2869 urbes,de
3631 2803 3885 2858 omnibus

2283 2892 2435 2960 juxta
2461 2891 2761 2947 clementia:
2790 2902 2985 2947 vestra:
3014 2892 3313 2961 decretum,
3347 2891 3659 2962 recipiendo
3704 2906 3885 2947 coram

2288 2980 2470 3050 legato
2499 2988 2680 3034 vestro
2703 2980 2953 3048 justitias,
2989 2980 3190 3049 pariter
3227 2978 3702 3051 proficisceremur
3735 2998 3750 3045 ;
3782 2979 3879 3033 sed

2293 3067 2386 3121 illo
2416 3083 2635 3137 semper
2665 3066 2904 3138 fugiente
2945 3067 3227 3136 judicium,
3287 3075 3339 3122 et
3393 3076 3588 3122 vestrae
3628 3067 3889 3137 jussionis

2294 3155 2594 3225 piissimam
2628 3156 2964 3211 sanctionem
2999 3155 3195 3211 callide
3237 3155 3577 3221 declinando,
3637 3171 3748 3210 non
3800 3172 3892 3210 ve-

2293 3243 2495 3310 niente,
2530 3243 2660 3315 quia
2702 3244 2858 3299 nobis
2888 3244 3005 3298 sine
3061 3244 3308 3314 profectu
3357 3244 3540 3315 aliquo
3592 3259 3694 3314 per
3746 3244 3890 3315 ipsas

2296 3331 2538 3386 civitates
2568 3348 2689 3402 quae
2717 3332 2931 3386 illorum
2963 3332 3276 3404 gravamine
3305 3332 3700 3403 apprimuntur,
3732 3330 3890 3404 proﬁ-

2294 3419 2425 3473 cisei
2454 3420 2736 3474 evidenter
2766 3420 2966 3474 exstitit
3020 3419 3385 3485 manifestum,
3445 3420 3744 3475 direximus
3772 3436 3890 3475 cum

2293 3507 2483 3562 eodem
2515 3507 2787 3562 Adelardo
2828 3508 3128 3562 venerabili
3171 3508 3454 3579 episcopO‘
3487 3509 3657 3564 misso
3709 3516 3891 3564 vestro

2298 3595 2611 3665 Valpertum
2642 3596 3155 3650 reverendissimum
3196 3596 3512 3667 episcopum
3570 3605 3624 3652 et
3678 3595 3891 3652 ﬁdelem

2295 3683 2647 3739 consiliarum
2676 3692 2938 3749 nostrum,
2972 3685 3063 3755 qui
3090 3685 3207 3739 vice
3228 3693 3412 3739 nostra
3434 3686 3730 3756 recepisset
3758 3701 3892 3741 con-
3924 3745 3936 3755 ,

2296 3772 2612 3826 solationem
2637 3772 2846 3840 justitia
2875 3773 3032 3827 nobis
3055 3772 3111 3825 in
3141 3780 3318 3828 vestra
3343 3774 3633 3843 praesentia
3663 3774 3889 3841 reddita,

2295 3867 2349 3913 et
2379 3859 2680 3931 legitimam
2710 3860 2779 3914 de
2810 3860 2932 3915 aliis
2985 3860 3236 3916 omnibns
3292 3861 3747 3929 emendationem,
3806 3861 3893 3934 qui

2294 3947 2543 4002 videlicet
2556 3946 2783 4019 profecti
2814 3949 3020 4003 nullum
3042 3949 3264 4018 justitiaa
3290 3948 3525 4004 fructum
3548 3950 3887 4021 recipientes,

2296 4035 2366 4090 ad
2399 4050 2499 4089 nos
2530 4036 2731 4091 reversi
2760 4044 2903 4091 sunt.
2931 4039 3048 4092 Nos
3079 4045 3257 4092 autem
3285 4052 3502 4092 omnem
3532 4039 3892 4094 excusationis

2297 4138 2483 4178 eorum
2512 4122 2885 4180 defensionem
2916 4126 3131 4196 penitus
3162 4125 3373 4181 auferre
3402 4126 3667 4193 volentes,
3701 4127 3892 4183 decre-

2297 4210 2474 4265 vimus
2506 4226 2600 4267 eos
2629 4212 2823 4267 iterum
2853 4214 3067 4268 mittere
3087 4221 3143 4268 ut
3163 4214 3354 4269 saltem
3380 4215 3730 4284 postmodum
3759 4215 3894 4271 reci-

2298 4315 2550 4369 peremus
2573 4300 2850 4368 justitiam.
2877 4300 2980 4370 Qui
3011 4317 3133 4358 cum
3162 4302 3231 4356 ad
3253 4303 3572 4373 praedictum
3602 4303 3892 4359 Widonem

593 4385 738 4457 quod
769 4385 928 4449 absit,
992 4384 1313 4438 electionem
1370 4383 1539 4453 ipsius
1596 4383 1857 4438 Ecclesiae
1905 4382 2200 4454 aliquando
2231 4375 2516 4441 Drursum
2545 4388 2826 4453 abiissent,
2859 4390 2990 4444 nihil
3039 4389 3429 4445 emendationis
3477 4391 3718 4463 nihilque
3767 4392 3893 4447 red-

595 4478 931 4543 pervertere,
993 4479 1086 4525 aut
1165 4470 1485 4542 infringere,
1560 4487 1740 4541 quam,
1775 4472 1891 4525 Deo
1949 4470 2202 4541 propitio,

589 4561 736 4629 justa
764 4567 847 4613 est
875 4565 1144 4626 assecuta,
1205 4558 1510 4624 tentaverit,
1569 4558 1754 4628 gladio
1812 4560 1996 4630 utique
2035 4574 2205 4614 cano-

601 4649 740 4704 nicae
770 4646 1070 4717 disciplina:
1099 4644 1311 4699 noverit
1342 4661 1401 4699 se
1444 4646 1767 4712 feriendum,
1817 4655 1975 4719 atque
2033 4647 2206 4701 omni-

596 4735 830 4806 potentis
859 4734 959 4789 Dei
987 4733 1279 4788 vindictam
1310 4748 1417 4787 non
1450 4749 1751 4799 evasurum,
1801 4734 1847 4789 si
1900 4734 2067 4805 digna
2111 4750 2207 4790 ce-

599 4822 785 4876 leriter
814 4836 924 4875 non
952 4819 1114 4876 fuerit
1144 4819 1511 4877 satisfactione
1542 4829 1779 4876 sanatus.
1815 4820 2209 4876 Coniirmamus

596 4908 852 4979 denique,
886 4907 1059 4963 nostri
1101 4908 1433 4978 apostolatus
1483 4909 1822 4978 auctoritate,
1876 4924 2066 4964 omnes
2115 4925 2206 4965 res

596 4996 839 5065 ejusdem
888 4995 1149 5051 Ecclesiae
1184 4994 1417 5066 pacifice
1477 5013 1541 5053 ac
1593 4998 1771 5069 quiete
1819 4997 2206 5068 perpetualiter

594 5082 896 5154 possidere.
931 5084 1001 5137 Et
1054 5083 1361 5155 quicunque
1393 5086 1619 5140 easdem
1650 5084 1903 5140 invadere
1942 5099 2005 5139 ac
2045 5085 2204 5140 dissi-

598 5186 728 5241 pare
760 5185 923 5225 ausus
952 5170 1131 5238 fuerit,
1165 5180 1453 5244 postquam
1483 5188 1516 5227 a
1555 5173 1774 5243 proprio
1831 5173 2088 5244 episcopo
2120 5188 2206 5229 ca-

598 5258 795 5313 nonice
826 5259 1132 5314 admonitus
1187 5259 1371 5327 fuerit,
1440 5260 1487 5314 si
1538 5261 1833 5316 secundum
1889 5261 2102 5316 divinas
2151 5269 2204 5316 et

598 5347 866 5400 humanas
898 5346 1048 5417 leges
1070 5363 1179 5403 non
1208 5348 1606 5414 emendaverit,
1630 5348 1730 5403 sub
1761 5350 2104 5406 anathemate
2135 5348 2205 5405 sit

599 5433 904 5490 damnatus.

2305 4474 2526 4530 ditionis
2556 4476 2625 4529 ab
2656 4492 2723 4532 eo
2752 4477 2839 4532 vel
2860 4469 3185 4549 s'equacibus
3213 4480 3349 4548 ejus,
3394 4479 3530 4533 sicut
3568 4481 3892 4550 promissum

2306 4562 2501 4629 fuerat,
2536 4565 2780 4634 recipere
2808 4573 3117 4635 potuerunt.
3149 4566 3257 4622 Sed
3285 4575 3342 4622 ut
3387 4575 3543 4622 antea
3573 4568 3690 4623 sine
3720 4569 3896 4640 aliquo

2306 4650 2374 4704 ad
2402 4666 2502 4705 nos
2532 4650 2727 4707 effectu
2755 4669 3008 4708 reversus
3037 4661 3136 4720 est,
3169 4662 3221 4709 et
3251 4662 3431 4710 vester
3459 4655 3529 4710 ad
3559 4671 3658 4711 vos
3696 4657 3894 4728 absque

2300 4738 2519 4805 justitiae
2550 4741 3002 4811 contemplatione
3048 4742 3362 4798 omnimodo
3415 4744 3595 4811 rediit,
3655 4744 3894 4817 quamvis

2308 4825 2514 4897 ingenti
2544 4835 2597 4882 et
2625 4826 2769 4883 fideli
2791 4829 3077 4885 devotione
3105 4818 3223 4901 ipse
3253 4830 3527 4887 confrater
3547 4841 3733 4888 noster
3751 4833 3893 4888 Ade-

2307 4913 2490 4969 lardus
2534 4916 2602 4970 ad
2641 4916 2908 4985 justitiam
2958 4919 3283 4991 exigendam
3330 4920 3663 4976 multimodis
3709 4923 3893 4977 decer-

2303 5004 2679 5071 tassct.,Nunc
2707 5006 2874 5078 igitur
2901 5023 3000 5078 pro
3029 5016 3179 5063 certo
3209 5008 3441 5065 scientes
3471 5010 3674 5065 nullam
3702 5026 3801 5066 nos
3830 5010 3895 5065 de

2306 5090 2469 5144 tantis
2495 5092 2651 5146 malis
2679 5109 2842 5164 posse
2870 5094 3074 5150 habere
3096 5096 3355 5165 justitiam
3386 5105 3439 5151 et
3467 5099 3895 5154 emendationem

2305 5193 2404 5247 per
2434 5180 2726 5249 quemlibet
2754 5182 3090 5237 celsitudinis
3118 5192 3313 5239 vestra;
3350 5184 3606 5257 legatum,
3658 5187 3759 5241 nisi
3801 5202 3898 5257 per

2305 5274 2541 5320 vestram
2571 5268 2906 5339 imperialem
2945 5272 3312 5342 praesentiam,
3370 5289 3627 5344 rogamus
3682 5275 3891 5342 obnixe,

2304 5361 2466 5424 atque
2494 5370 2595 5425 per
2613 5356 3037 5429 omnipotentem
3066 5360 3357 5417 Dominum
3385 5361 3714 5430 adjuramus,
3747 5371 3802 5417 ut
3830 5362 3897 5417 ad

2307 5439 2710 5500 defendendam
2743 5453 2795 5502 et
2815 5446 3155 5505 liberandam
3183 5449 3254 5505 de
3293 5448 3542 5507 manibus
3594 5449 3897 5508 malefacto-
