4086 6306
278 216 383 270 949

1490 211 1845 268 ΕΡΙΞΤΟΡλΕ
1900 212 1991 267 ΕΤ
2047 214 2391 272 DECRETA.

3465 220 3569 272 950

281 352 426 402 rum,
459 336 550 407 qui
580 351 699 390 eam
748 335 1006 391 atrociter
1052 336 1336 401 devorant,
1389 334 1690 390 Ecclesiam
1729 333 1874 388 beati
1903 333 1959 393 A
1981 336 2188 405 praebet
2217 337 2526 392 videndam.
2580 339 2838 394 Praesenti
2886 354 3102 411 quoque
3144 339 3303 398 Petro
3333 352 3571 395 venera-

285 425 431 480 Petri
462 424 826 495 apostolorum
855 424 1114 495 principis
1160 424 1317 479 vobis
1355 423 1722 488 commissam,
1758 438 1880 493 qua

285 528 386 567 vos
416 512 598 568 divino
626 521 755 567 nutu
788 514 1063 581 adjutores
1093 528 1154 567 ac
1192 511 1512 567 defensores
1542 511 1597 564 in
1628 510 1880 565 omnibus

285 601 451 672 elegit
491 601 714 666 habere,
762 600 882 672 ipsi,
932 603 1048 655 Deo
1094 600 1405 665 auxiliante,
1435 599 1621 654 venire
1647 598 1879 653 libenter

282 688 615 760 dignemini:
639 697 906 760 quatenus
936 688 1034 744 Dei
1063 696 1116 743 et
1145 695 1328 743 vestro
1359 687 1552 742 solatio
1581 686 1736 751 freta,
1761 702 1882 756 qua

285 793 381 830 sua
412 784 533 830 sunt
561 777 734 832 valeat
765 777 1026 832 securiter
1055 776 1285 832 retinere
1302 792 1426 831 cum
1445 774 1689 846 pristina
1709 774 1880 844 digni-

282 865 410 919 tatis
438 865 657 929 decore,
691 865 762 920 ad
792 865 1006 920 laudern
1038 873 1089 919 et
1117 873 1432 935 perpetuam
1463 864 1658 918 anima
1686 873 1880 918 vestra

284 953 615 1008 mercedem.

961 1023 1200 1078 CCCLV.

693 1126 767 1165 AD
806 1125 1120 1166 RICCABDEM
1157 1124 1473 1166 AUGUSTAM.

907 1202 1086 1269 (Anno
1118 1200 1265 1268 882.)

291 1299 558 1366 Queritur
576 1298 799 1353 nullam
819 1297 922 1352 sibi
942 1301 1142 1352 contra
1161 1296 1570 1362 Saracenorum
1592 1294 1882 1366 excursio-

362 1385 641 1442 nesgpem
674 1371 846 1442 ferri;
879 1371 1041 1442 rogat
1069 1371 1142 1442 ut
1164 1368 1229 1421 ab
1250 1368 1592 1437 imperatore
1622 1365 1885 1442 celeriter

357 1433 606 1511 postilet
635 1433 972 1494 auxilium}
998 1439 1244 1511 legatam
1286 1433 1452 1511 mlum
1493 1433 1882 1511 commendat,-

355 1506 504 1582 ᾔειἱί
531 1511 624 1564 det
652 1525 876 1581 operam
898 1513 974 1582 fut
1003 1506 1342 1578 Ahgelberga
1358 1507 1424 1562 ab
1445 1506 1646 1561 exsilio
1667 1519 1884 1559 revoce—

363 1581 458 1636 tur
487 1585 543 1635 et
571 1583 800 1635 Romam
830 1581 1118 1633 mittatur.

1979 423 2072 476 bili
2129 424 2386 495 episcopo
2431 426 2589 480 valde
2632 426 2787 480 nobis
2837 427 3081 496 credulo,
3135 435 3187 480 et
3213 425 3569 482 dilectissimo

1979 510 2231 566 familiari
2260 521 2446 568 nostro
2468 530 2734 568 summam
2756 514 3207 582 benevolentiam,
3233 530 3566 585 quaesumus,

1980 599 2192 663 exhibe,
2227 608 2278 654 et
2306 601 2356 654 ei
2385 608 2570 671 utpote
2599 617 2629 655 a
2661 609 2805 655 tanta
2843 602 2972 656 sede
3023 601 3252 667 directo,
3287 601 3571 656 familiari-

1979 687 2102 741 tatis
2131 688 2311 744 locum
2341 690 2483 758 apud
2513 689 2771 744 domnum
2801 693 3103 761 Augustum
3132 689 3570 761 congruentissi-

1979 792 2129 830 mum
2159 777 2350 842 tribue,
2403 785 2566 848 atque
2597 785 2670 852 ’ut
2713 777 3118 848 nobismetipsis
3168 777 3246 831 illi
3276 777 3573 833 credulita-

1980 873 2089 918 tem
2117 864 2330 934 penitus
2357 865 2640 929 adhibens,
2693 881 2756 919 ea
2802 882 2922 936 qua
2951 865 3132 920 verbis
3161 864 3420 930 retulerit,
3455 872 3573 920 stu-

1981 951 2070 1007 dio
2099 960 2191 1007 tuo
2221 952 2479 1023 operibus
2505 953 2846 1024 impleantur.
2882 954 2992 1008 Sed
3021 961 3074 1008 et
3103 954 3205 1008 hoc
3221 953 3576 1023 deprecamur

1980 1047 2038 1094 ut
2065 1055 2164 1109 pro
2193 1057 2258 1095 eo
2289 1042 2434 1112 quod
2481 1041 2624 1111 apud
2670 1041 2916 1097 Ticinum
2964 1041 3157 1096 eodem
3202 1040 3460 1112 episcopo
3511 1056 3578 1095 ea

1981 1145 2103 1198 qua
2132 1145 2232 1183 nos
2263 1129 2340 1182 illi
2368 1129 2837 1194 commiseramus,
2859 1129 2963 1200 ipsi
2991 1133 3240 1200 Augusto
3265 1127 3580 1184 necessaria

1983 1225 2305 1286 exponente,
2355 1217 2563 1271 animus
2602 1217 2746 1272 illius
2793 1225 2981 1273 contra
3023 1218 3168 1271 hunc
3198 1225 3280 1271 est
3311 1215 3577 1284 turbatus,

1985 1311 2072 1358 tua
2103 1304 2354 1358 instantia
2383 1305 2645 1376 quidquid
2676 1304 2807 1359 illud
2838 1304 2998 1359 fuerit
3026 1303 3248 1359 omnino
3279 1303 3577 1359 aboleatur.

1983 1393 2049 1447 Et
2081 1392 2148 1446 ad
2178 1394 2320 1447 hunc
2351 1393 2602 1447 eumdem
2633 1393 2946 1463 episcopum
2975 1392 3063 1462 pie
3105 1392 3445 1448 tractandum
3473 1391 3580 1446 im-

1982 1480 2203 1550 perialis
2234 1481 2447 1535 animus
2491 1481 2776 1550 placabilis
2805 1481 2860 1534 in
2891 1481 3100 1535 cunctis
3131 1479 3404 1545 reddatur,
3441 1494 3581 1550 quo-

1983 1569 2127 1622 niam
2151 1584 2260 1623 non
2289 1570 2406 1624 hac
2436 1569 2829 1624 contumaciter
2876 1576 2966 1623 aut
3003 1574 3190 1623 contra
3219 1567 3580 1639 Augustalem

358 1679 622 1734 RICCARDI
678 1679 956 1747 Augusta,
1005 1691 1101 1729 seu
1149 1674 1490 1728 LIUTWARDO
1547 1670 1881 1728 Vercellensi
1912 1657 2300 1747 Βςίῖὲξξίῖεηθηι
2337 1657 2665 1747 ΡῐὈῐυῙεῗΓξη,
2716 1657 2813 1747 5ςά
2861 1656 2977 1710 2810
3021 1655 3120 1710 DGi
3160 1655 3354 1712 ductus
3384 1654 3452 1708 ad
3481 1669 3583 1709 nos

286 1767 562 1838 episcopo,
594 1782 624 1818 a
653 1765 892 1835 paribus.

358 1856 527 1910 Tanta
559 1853 740 1908 cordis
771 1852 1020 1923 angustia
1063 1858 1345 1922 tantusque
1383 1849 1540 1904 dolor
1571 1857 1620 1903 et
1649 1847 1885 1920 gemitus

286 1943 412 1997 hinc
443 1950 494 1996 et
522 1942 648 1996 inde
676 1957 797 1996 cum
828 1940 1044 2012 irriguis
1066 1940 1429 2010 lacrymarum
1447 1937 1631 1992 rivulis
1646 1943 1885 1991 nostram

287 2039 499 2088 atatem
559 2029 802 2101 quatiunt
859 2037 912 2083 et
961 2034 1350 2098 conquassant,
1393 2034 1680 2096 tantusque
1725 2025 1886 2080 etiam

287 2121 464 2176 luctus
493 2134 594 2189 pro
625 2117 960 2172 desolatione
1007 2125 1164 2170 terra
1205 2115 1382 2184 istius,
1415 2130 1580 2185 quam
1615 2115 1731 2183 jam
1761 2112 1887 2167 fun-

288 2209 431 2264 ditus
459 2225 487 2262 a
517 2205 810 2262 Christiani
841 2204 1076 2260 nominis
1104 2204 1337 2259 inimicis
1367 2211 1420 2258 et
1450 2205 1565 2257 Deo
1596 2201 1887 2257 odibilibus

289 2296 579 2352 Saracenis
599 2295 968 2365 depradatam
990 2292 1283 2359 cernimus,
1309 2308 1410 2347 nos
1431 2290 1590 2345 afficit
1619 2298 1672 2344 et
1700 2289 1888 2343 intima

297 2393 487 2440 nostra
516 2383 784 2447 dissolvit,
834 2390 889 2435 ut
938 2391 990 2436 et
1036 2396 1258 2436 somnus
1286 2380 1352 2434 ab
1381 2379 1554 2434 oculis
1585 2385 1638 2434 et
1665 2393 1697 2432 a
1727 2385 1889 2448 gustu

291 2473 446 2529 cibus
475 2470 712 2543 effugiat.
747 2470 921 2524 Etiam
944 2484 1066 2524 cum
1088 2468 1319 2523 Ieremia
1341 2468 1627 2522 decantare
1657 2465 1894 2535 compel-

293 2561 376 2616 lor
407 2578 421 2615 :
459 2561 590 2628 Quis
622 2559 776 2614 dab-it
803 2558 979 2630 capiti
1007 2573 1126 2612 meo
1159 2560 1400 2629 aquam?
1420 2559 1522 2610 aut
1541 2555 1718 2610 oculis
1748 2554 1888 2608 meis

289 2651 509 2720 fontem
531 2650 955 2719 lacrymarum?
987 2646 1118 2713 (Jer.
1154 2644 1236 2713 1x)
1265 2645 1332 2698 Et
1363 2643 1585 2713 reliqua.
1613 2641 1890 2712 Siquidem

292 2736 724 2808 exspectavimus
757 2735 955 2801 lucem,
989 2742 1040 2788 et
1068 2749 1194 2788 ecce
1225 2732 1512 2796 tenebras;
1543 2730 1890 2801 quaesivimus

293 2825 635 2894 adjutorium,
667 2831 720 2878 et
737 2821 905 2876 muris
926 2820 1089 2877 Urbis
1109 2820 1296 2893 egredi
1318 2835 1425 2874 non
1447 2819 1729 2872 audemus.
1753 2817 1888 2870 Nam

294 2921 420 2969 ante
449 2921 690 2968 vestrum
719 2912 948 2965 Romam
976 2910 1267 2964 adventum
1313 2907 1702 2978 qualiscunque
1734 2905 1892 2959 nobis

292 3010 409 3059 erat
465 3000 853 3071 tranquillitas;
911 2999 1075 3052 modo
1132 3013 1262 3052 vero
1305 2994 1658 3050 intolerabilis
1705 3002 1759 3048 et
1787 2993 1892 3046 im-

291 3089 576 3161 portabilis
606 3085 1003 3158 persecutionis
1034 3092 1206 3141 exstat
1238 3091 1548 3154 tempestas,
1573 3081 1698 3154 quia
1715 3096 1893 3153 neque

294 3177 549 3250 spiritalis
578 3175 721 3231 ﬁlius
751 3182 935 3230 noster
978 3177 1272 3244 Augustus,
1326 3188 1504 3242 neque
1549 3170 1776 3238 alicujus
1807 3169 1891 3223 al-

293 3267 464 3322 terius
511 3264 690 3337 gentis
733 3265 896 3318 homo
947 3261 1105 3317 nobis
1153 3260 1359 3316 confert
1389 3259 1678 3323 auxilium;
1709 3264 1760 3311 et
1788 3257 1893 3310 nisi

293 3354 543 3410 divinitas
573 3367 786 3408 summa
816 3349 1115 3415 subveniat,
1141 3357 1230 3403 aut
1251 3349 1304 3402 in
1332 3345 1764 3417 desperationem
1797 3345 1894 3398 ali-

294 3454 455 3510 quam
486 3438 620 3508 lapsi
651 3437 802 3508 (quia
831 3451 938 3490 non
970 3435 1144 3489 solum
1176 3432 1422 3502 duplum,
1459 3431 1597 3486 sicut
1628 3429 1892 3484 Dominus

293 3527 442 3593 dicit,
508 3526 603 3581 sed
657 3525 816 3580 etiam
864 3523 1080 3594 triplum
1122 3531 1174 3577 et
1203 3520 1565 3593 quadruplum
1599 3518 1892 3574 exercitum

294 3623 477 3673 contra
507 3631 607 3670 nos
637 3614 826 3669 venire
869 3611 1279 3681 conspicimus),
1331 3607 1397 3664 ea
1437 3624 1559 3679 qua
1589 3607 1737 3676 pacis
1769 3613 1895 3660 sunt

289 3703 701 3776 postulabimus.
763 3704 867 3756 Aut
923 3708 1070 3756 certe
1121 3714 1231 3753 non
1280 3697 1456 3752 solum
1499 3697 1636 3767 jugo
1667 3694 1894 3748 illorum

293 3791 468 3849 coacti
496 3791 809 3855 subdemur,
847 3789 944 3844 sed
973 3789 1136 3842 etiam
1167 3787 1234 3840 ab
1264 3786 1342 3840 eis
1372 3785 1515 3855 capti
1542 3783 1704 3853 impie
1731 3783 1894 3854 jugu-

294 3880 548 3936 labimur.
583 3878 740 3948 Quia,
775 3878 912 3932 sicut
944 3876 1113 3944 scitis,
1135 3874 1434 3944 sapissime
1456 3871 1889 3936 reclamavimus,

297 3978 352 4025 et
380 3985 556 4040 neque
577 3968 694 4038 ipse
723 3970 1022 4037 Augustus,
1054 3973 1111 4019 ut
1141 3963 1496 4034 pratulimus,
1537 3961 1892 4032 qualemcun-

302 4075 407 4132 que
438 4055 811 4114 defensionem
844 4053 1000 4109 nobis
1032 4052 1291 4119 exhibuit,
1338 4066 1515 4121 neque
1543 4049 1791 4103 homines
1821 4047 1896 4101 ci—

301 4148 525 4203 vitatum
555 4153 884 4207 nostrarum,
917 4141 1007 4213 qui
1036 4149 1222 4196 contra
1255 4141 1428 4194 Deum
1449 4145 1502 4192 et
1517 4144 1703 4193 contra
1733 4151 1894 4189 omne

301 4233 646 4307 privilegium
677 4240 916 4286 nostrum
948 4230 1015 4283 ab
1039 4226 1381 4300 alienigenis,
1415 4242 1478 4280 ac
1507 4225 1552 4278 si
1583 4223 1754 4278 nostri
1787 4237 1897 4275 non

1983 1744 2231 1799 ineﬂicax
2256 1745 2438 1799 redire
2467 1744 2703 1799 nolebat.
2753 1743 3035 1798 Postremo
3083 1742 3283 1798 Christi
3314 1741 3502 1796 cultrix
3533 1749 3587 1796 et

1985 1835 2100 1888 Deo
2131 1833 2380 1887 amabilis
2411 1832 2537 1896 filia,
2571 1833 2798 1887 moleste
2829 1831 3146 1902 accipimus,
3180 1845 3280 1886 cur
3308 1829 3585 1884 multoties

1985 1923 2366 1992 deprecantes,
2387 1921 2614 1992 spiritali
2635 1919 2758 1975 ﬁlia
2775 1928 2973 1975 nostra
2993 1918 3358 1990 Angelberga
3379 1917 3585 1972 nullam

1986 2026 2083 2079 per
2127 2025 2222 2064 vos
2271 2008 2540 2079 potuimus
2593 2007 2838 2063 conferre
2885 2006 3173 2076 medelam,
3221 2014 3278 2060 ut
3322 2005 3584 2059 dissoluto

1987 2097 2196 2164 exsilio,
2232 2097 2299 2151 ad
2330 2104 2580 2152 sanctum
2601 2097 2819 2150 Petrum
2842 2095 3144 2166 apostolum
3175 2108 3294 2147 eam
3324 2092 3588 2164 reducere

1987 2185 2309 2240 faceremus.
2343 2185 2499 2240 Unde
2531 2183 2695 2238 etiam
2740 2199 2884 2237 nunc
2930 2197 3276 2251 summopere
3312 2180 3584 2250 depreca-

1987 2291 2110 2330 mur
2143 2282 2199 2328 ut
2228 2288 2326 2342 pro
2356 2287 2540 2327 amore
2570 2271 2688 2326 Dei'
2714 2278 2767 2325 et
2815 2278 3006 2325 nostro
3049 2277 3234 2324 sancta
3262 2268 3423 2323 sedes
3450 2282 3588 2338 apo-

1988 2363 2178 2417 stolica
2207 2362 2274 2416 de
2304 2362 2406 2416 hoc
2442 2363 2753 2415 honoretur.
2788 2359 2856 2413 Et
2886 2358 3026 2412 sicut
3048 2358 3160 2424 jam
3190 2356 3367 2410 dictus
3397 2358 3590 2426 Augu-

1991 2459 2102 2504 stus
2133 2449 2412 2504 vobiscum
2454 2447 2658 2518 pariter
2704 2445 3029 2516 repromisit,
3064 2461 3094 2497 a
3123 2442 3451 2513 captivitate,
3485 2457 3592 2512 qua

1990 2538 2190 2592 frustra
2221 2544 2452 2603 tenetur,
2487 2535 2634 2589 salva
2681 2543 2732 2589 et
2779 2531 3067 2588 incolumis
3107 2531 3419 2586 reducatur.
3453 2528 3594 2598 Quia

1990 2634 2278 2696 postquam
2321 2624 2478 2679 nobis
2527 2622 2724 2694 quibus
2770 2621 2943 2675 fuerat
2993 2618 3378 2674 commendata
3418 2625 3470 2672 et
3499 2617 3596 2672 de-

1990 2713 2224 2768 fensioni
2273 2713 2446 2767 sancti
2494 2710 2637 2766 Petri
2689 2707 2920 2780 apostoli
2963 2706 3290 2778 protectoris
3323 2705 3408 2760 sui
3437 2719 3596 2760 com-

1990 2802 2177 2865 missa,
2212 2801 2421 2855 reddita
2467 2798 2644 2864 fuerit,
2676 2797 2892 2861 nullam
2935 2796 3004 2850 de
3053 2810 3120 2849 ea
3169 2794 3442 2848 sinistram
3473 2791 3596 2863 quis

1991 2891 2196 2944 habere
2225 2887 2442 2961 poterit,
2477 2886 2640 2942 crede
2669 2884 2852 2953 nobis,
2885 2881 3271 2954 suspicionem.

2671 3000 2936 3055 CCCLVI.

2609 3097 2790 3169 (Anno
2823 3098 2972 3167 882.)

2099 3197 2466 3267 Privilegium
2495 3211 2594 3266 pro
2623 3194 2968 3249 monasterio
3002 3190 3201 3247 Montis
3239 3187 3484 3245 Cassiai.

1993 3294 2153 3350 [Apud
2177 3290 2470 3348 Cocquilin.,
2494 3291 2620 3336 Bull.
2648 3290 2942 3398 mpiger:th
2985 3287 3134 3344 ampl.
3169 3286 3388 3340 Collect.,
3411 3286 3532 3330 tom.
3559 3285 3593 3337 Ι,

2063 3426 2317 3479 JOANNES
2348 3423 2658 3494 episcopus,
2695 3439 2882 3477 servus
2914 3436 3194 3476 servorum
3216 3418 3598 3484 Dei,BERTHA-

1992 3530 2084 3569 κιο
2115 3512 2373 3583 religioso
2403 3511 2583 3565 abbati
2614 3510 2913 3566 venerabili
2961 3506 3289 3564 monasterio
3331 3508 3390 3560 B.
3418 3507 3598 3560 Bene-

1993 3601 2118 3656 dicti
2151 3599 2477 3656 confessoris
2508 3598 2708 3652 Christi
2737 3598 2837 3652 sito
2865 3598 2920 3651 in
2951 3595 3175 3651 Cassino
3198 3601 3248 3649 et
3275 3609 3376 3664 per
3391 3608 3515 3648 eum
3537 3592 3593 3669 in

1993 3689 2186 3744 eodem
2216 3687 2515 3743 venerabili
2544 3683 2988 3750 monasterio,vel
3018 3691 3332 3752 cunctaque
3362 3695 3596 3753 congre-

1993 3776 2197 3849 gationi
2225 3776 2280 3828 in
2308 3782 2650 3845 perpetuum.

2066 3863 2334 3933 Quoniam
2366 3879 2583 3933 semper
2615 3869 2736 3916 sunt
2766 3859 3120 3917 concedenda
3163 3873 3284 3929 qua
3312 3854 3595 3912 rationali-

1994 3954 2094 4007 bus
2157 3959 2463 4024 congruunt
2521 3950 2828 4014 desideriis,
2888 3955 3103 4018 oportet
3157 3953 3213 4000 ut
3268 3944 3485 3999 devotio
3541 3942 3597 3996 in

1995 4058 2081 4095 me
2112 4041 2358 4110 petitoris
2386 4039 2660 4092 humiliter
2689 4036 2950 4108 acquisita
2981 4037 3034 4088 in
3066 4033 3370 4104 privilegiis
3399 4045 3596 4086 conce-

1994 4129 2187 4182 dendis
2219 4127 2442 4181 minime
2471 4127 2774 4196 denegetur
2803 4139 2831 4176 a
2857 4129 3042 4176 nostra
3082 4119 3390 4175 clementia.
3425 4117 3597 4187 Igitur

1996 4217 2122 4287 quia
2149 4215 2329 4286 petisti
2360 4230 2391 4268 a
2422 4213 2580 4267 nobis
2611 4219 2876 4282 quatenus
2906 4208 3292 4263 monasterium
3325 4208 3383 4259 B.
3415 4207 3594 4259 Bene-

303 4293 530 4388 iuerintj
574 4321 897 4385 detinentur,
957 4318 1024 4371 ad
1069 4293 1344 4370 servitium
1393 4319 1596 4368 sancta
1639 4312 1896 4366 Romana
1927 4384 1968 4388 _
1999 4305 2126 4359 dicti
2157 4301 2488 4358 confessoris
2520 4299 2922 4369 Christi,atque
2939 4295 3328 4351 monasterium
3351 4293 3595 4352 B.Scho—

303 4384 564 4469 Ecclesia
590 4384 915 4472 faciendum,
950 4394 1086 4461 sicut
1104 4404 1320 4458 solitum
1341 4411 1470 4466 erat,
1491 4401 1558 4455 ab
1580 4391 1897 4454 eoru'mdem
1927 4384 1978 4445 D
1998 4393 2220 4457 lastica,
2258 4407 2354 4445 seu
2385 4398 2437 4444 et
2467 4388 2714 4472 ecclesia
2742 4403 2838 4457 per
2866 4385 3078 4460 singula
3099 4384 3217 4438 loca
3241 4389 3592 4472 constructa,

305 4500 735 4572 alienigenarum
761 4497 896 4566 jugo
927 4492 1207 4549 subtraxit.
1259 4491 1352 4544 His
1401 4504 1554 4559 ergo,
1587 4485 1902 4540 charissima

309 4587 438 4654 ﬁlia,
473 4587 799 4643 clamoribus
846 4599 910 4638 ac
959 4581 1247 4636 ululatibus
1291 4577 1488 4633 nostris
1527 4574 1743 4639 auditis,
1777 4574 1904 4644 quia

312 4676 644 4747 sapientibus
698 4672 990 4744 loquimur,
1051 4669 1306 4724 continuo
1357 4673 1578 4737 propter
1633 4663 1805 4717 Deum
1854 4669 1906 4715 et

313 4772 536 4836 propter
565 4769 783 4818 sanctos
826 4760 941 4828 ejus
997 4755 1297 4828 apostolos,
1345 4755 1457 4823 jam
1497 4752 1642 4806 dicto
1683 4748 1908 4820 spiritali

316 4852 428 4907 filio
457 4859 645 4907 nostro
674 4853 938 4920 Augusto,
971 4846 1111 4901 ﬂexo
1135 4843 1356 4915 poplite,
1388 4855 1629 4913 suggere
1657 4848 1733 4907 ut,
1791 4853 1906 4892 om-

314 4940 475 4996 nibus
531 4938 749 4994 omnino
804 4933 1218 4990 necessitatibus
1259 4938 1347 4985 aut
1397 4928 1611 4983 omissis
1643 4934 1735 4981 aut
1763 4932 1910 4981 certe

317 5027 616 5099 suspensis,
653 5033 854 5080 sancta
900 5022 1085 5076 matris
1134 5036 1244 5074 sua
1281 5016 1576 5074 calamitati
1607 5013 1908 5078 subveniat,

319 5125 374 5172 et
423 5113 918 5177 conculcationem,
966 5111 1075 5164 imo
1123 5106 1480 5179 perditionem
1527 5103 1671 5157 illius
1719 5103 1916 5156 adver-

319 5216 461 5270 tens,
492 5187 777 5274 antequam
805 5196 1110 5271 pereamus,
1144 5195 1461 5251 citissimum
1491 5191 1730 5247 conferat
1759 5189 1917 5258 adju-

323 5294 540 5356 torium,
576 5299 666 5345 aut
694 5305 994 5362 congruum
1045 5287 1162 5340 sine
1205 5299 1358 5338 mora
1388 5283 1551 5336 donet
1582 5278 1868 5336 consilium
1901 5296 1915 5332 :

327 5382 452 5454 quia
483 5380 594 5436 vita
623 5387 811 5435 nostra
853 5377 1012 5433 nobis
1056 5390 1162 5429 non
1210 5372 1449 5444 prodest,
1498 5376 1551 5423 et
1597 5368 1651 5421 in
1682 5375 1920 5422 extremo

329 5469 510 5543 positi,
543 5468 756 5524 etiamsi
802 5469 913 5523 non
961 5473 1288 5536 Optaremus,
1331 5460 1444 5528 jam
1480 5472 1625 5512 mors
1654 5471 1713 5511 se
1743 5454 1921 5526 palam

2004 4476 2277 4547 praedictis
2324 4471 2667 4527 monasteriis
2715 4470 3067 4540 pertinentes,
3114 4462 3414 4536 privilegiis
3459 4478 3595 4532 apo-

2005 4563 2208 4620 stolica
2237 4562 2382 4617 sedis
2414 4559 2596 4614 infulis
2627 4559 2970 4622 decorentur,
3011 4563 3068 4608 ut
3099 4555 3200 4608 sub
3223 4549 3597 4621 jurisdictione

2008 4660 2206 4707 sancta
2238 4651 2344 4716 cui,
2378 4650 2494 4703 Deo
2525 4655 2762 4712 auctore,
2809 4643 3148 4699 deservimus
3177 4638 3438 4694 Ecclesia
3468 4651 3599 4692 con-

2011 4742 2226 4804 stituta,
2262 4737 2460 4791 nullius
2491 4734 2737 4791 ecclesia
2783 4731 3066 4802 cujuslibet
3103 4729 3481 4798 episcOporum
3511 4722 3600 4777 di-

2009 4829 2246 4884 tionibus
2287 4831 2687 4896 promoveatur,
2732 4821 2818 4876 vel
2863 4817 3224 4873 submittatur.
3276 4815 3382 4868 Pro
3412 4826 3519 4882 qua
3544 4827 3603 4866 re

2011 4918 2116 4988 piis
2157 4913 2445 4971 desideriis
2489 4911 2751 4975 faventes,
2814 4910 2914 4962 hac
2954 4897 3148 4960 nostra
3196 4901 3509 4957 auctoritate
3545 4898 3602 4952 id

2015 4986 2159 5076 quod
2218 5001 2526 5073 exposcitur
2574 4997 2852 5069 petitione,
2913 4993 3286 5061 mancipamus
3338 5007 3350 5042 :
3403 4995 3455 5041 et
3483 4986 3606 5040 ideo

2017 5072 2234 5149 omnem
2288 5072 2574 5158 cujuslibet
2631 5084 2880 5140 ecclesia
2935 5081 3250 5152 episcopum
3296 5077 3353 5131 in
3381 5072 3607 5146 prafata

2017 5179 2350 5238 venerabilia
2379 5177 2498 5231 loca
2528 5187 2903 5247 quamcunque
2945 5169 3221 5224 ditionem
3250 5166 3455 5220 habere
3484 5177 3608 5216 om-

2018 5271 2148 5325 nino
2178 5266 2544 5338 prohibemus,
2603 5268 2798 5333 prater
2840 5259 2909 5313 ad
2950 5257 3136 5312 sedem
3182 5261 3423 5309 nostram
3470 5263 3606 5319 apo-

2022 5357 2268 5413 stolicam
2323 5352 2559 5407 habeant
2615 5355 2924 5419 respectum
2982 5344 3178 5400 amodo
3220 5349 3273 5396 et
3308 5340 3607 5407 deinceps;

2023 5445 2223 5502 amissa
2277 5440 2531 5498 videlicet
2589 5436 2734 5493 omni
2788 5435 3043 5500 novitate,
3095 5440 3148 5488 et
3202 5425 3483 5492 violentia,
3543 5437 3610 5478 ex
