4086 6334
536 196 641 249 951

1875 179 2172 242 JOANNIS
2229 178 2425 235 PAPE
2496 176 2640 234 VIII.

3729 166 3840 220 952

529 315 744 371 eisdem
773 314 1114 369 monasteriis
1162 313 1536 384 prohibemus,
1586 311 1659 365 ita
1694 318 1754 366 ut
1782 309 1886 364 nisi
1916 307 2036 379 quis
2066 306 2137 360 ab
2173 304 2399 365 Acatus
2425 299 2631 357 domini
2660 297 2835 354 nostri
2860 295 3081 352 Joannis
3111 292 3308 349 summi
3325 289 3616 363 pontiﬁcis,
3635 297 3693 345 et
3715 289 3840 384 uni-

541 404 741 459 abbate
768 402 1081 457 monasterii
1112 401 1270 457 fuerit
1302 402 1576 467 invitatus,
1611 415 1789 471 neque
1832 398 1901 451 ad
1938 410 2138 451 conse-

532 491 797 547 crandam
825 490 1138 557 ecclesiam,
1172 490 1261 545 vel
1291 489 1630 545 sacerdotem
1660 488 1730 542 de
1758 484 2000 557 prafatis
2031 497 2142 537 mo-

533 578 787 633 nasteriis
818 579 934 633 sive
964 578 1019 631 in
1048 579 1301 633 omnibus
1330 576 1483 632 cellis
1512 576 1713 630 ibidem
1743 571 2140 644 pertinentibus

531 674 828 737 prasumat
852 666 1094 736 ingredi,
1128 681 1229 720 nec
1258 665 1545 719 missarum
1588 663 1791 717 ibidem
1830 659 2141 715 solemnita-

538 760 650 808 tem
703 753 977 825 quispiam
1035 754 1416 823 episcoporum
1474 756 1765 821 prasumat
1829 746 2142 803 omnimodo

536 840 678 895 inibi
705 841 1005 897 celebrare.
1038 841 1121 895 Ad
1151 838 1575 896 consecrandam
1620 844 1800 892 autem
1852 834 2142 890 ecclesiam

536 928 596 983 in
627 928 740 983 suis
769 928 1134 992 monasteriis,
1183 927 1269 982 vel
1319 926 1472 981 cellis
1515 939 1893 995 quemcunque
1922 921 2139 993 episco-

538 1027 737 1082 porum
766 1011 991 1066 invitare
1023 1011 1252 1066 voluerit
1295 1010 1413 1080 ipse
1459 1010 1652 1073 abbas,
1699 1008 1815 1062 sine
1860 1005 2145 1074 cujuslibet

546 1099 936 1170 impedimento
992 1098 1340 1154 concedimus
1396 1103 1743 1167 potestatem,
1791 1102 1851 1148 ut
1896 1093 2144 1164 profecto

539 1189 694 1256 juxta
722 1186 800 1253 id,
834 1186 977 1258 quod
1009 1185 1242 1254 subjecti
1271 1184 1587 1255 apostolicis
1615 1182 1920 1254 privilegiis
1951 1180 2144 1236 consi-

546 1281 714 1344 stunt,
747 1274 1070 1329 inconcusse
1101 1273 1354 1328 donanda
1394 1278 1767 1342 permaneant,
1803 1269 1900 1324 sed
1933 1269 1982 1324 ei
2013 1283 2146 1325 con-

546 1362 830 1417 stituentes
859 1376 967 1440 una
998 1377 1123 1416 cum
1169 1359 1497 1416 sacerdotali
1540 1367 1730 1413 nostro
1761 1356 2014 1429 collegio,
2046 1372 2147 1426 per

545 1451 652 1505 hoc
696 1457 945 1504 nostrum
994 1448 1349 1519 apostolicum
1394 1446 1744 1518 privilegium
1792 1444 1972 1499 omnia
2001 1444 2144 1511 loca,

547 1553 671 1609 qua
724 1536 1013 1608 aliquando
1068 1535 1431 1608 possederunt
1478 1535 1600 1605 ipsa
1644 1532 1980 1588 venerabilia
2024 1547 2147 1586 mo-

2235 389 2464 445 versalis
2497 403 2673 459 papa,
2691 387 2745 440 in
2776 384 3141 440 sacratissima
3171 382 3303 436 sede
3319 381 3377 435 B.
3400 379 3543 434 Petri
3573 377 3834 448 apostoli,

2241 478 2483 542 decimo,
2511 476 2810 546 imperante
2842 473 3043 527 domno
3089 470 3337 541 piissimo
3363 467 3559 523 Carolo
3586 470 3834 536 Augusto

2238 581 2269 619 a
2301 567 2416 620 Deo
2444 572 2702 620 coronato
2731 576 2932 634 magno
2960 560 3290 628 imperatore
3319 570 3460 610 anno
3482 553 3745 609 secundo.

2891 654 3179 710 CCCLVII.

2538 744 2612 785 AD
2647 740 3127 784 ARCHIEPISCOPUI
3166 736 3547 778 VIENNENSEM.

2846 799 3026 866 (Anno
3088 795 3239 865 882.)

2243 899 2441 972 Arguit
2470 896 2885 972 βοά-ἀέξω,ςο
2901 895 2965 972 ii}
2988 907 3274 972 carcerein
3297 890 3547 972 Opta‘gido
3569 889 3845 972 cpiscOpo,

2314 962 2498 1023 ἔιιίαηί
2525 969 2589 1022 in
2621 967 2871 1023 Ecclesia
2922 963 3226 1020 Genevensi
3275 962 3674 1032 constituerit;
3701 974 3850 1029 prce-

2312 1039 2454 1108 cipit
2483 1042 2549 1093 ut
2580 1039 2752 1108 illum
2781 1035 2899 1108 sedi
2927 1050 3044 1108 sua
3072 1034 3364 1108 restituat,
3385 1029 3550 1108 atque
3687 1043 3848 1108 syno-

2314 1047 2454 1108 cipit
2483 1047 2549 1093 ut
2580 1047 2750 1091 illum
2781 1047 2899 1090 sedi
2927 1050 3044 1090 sua
3072 1047 3364 1097 restituar,
3385 1047 3550 1155 argue
3581 1047 3654 1083 aa
3687 1047 3847 1099 syno-

2314 1109 2451 1163 dum
2470 1107 2663 1163 veniat
2682 1106 2754 1161 ad
2774 1104 3042 1161 diluenda
3064 1119 3129 1158 ea
3144 1119 3267 1175 quae
3285 1104 3395 1174 ipsi
3417 1117 3447 1156 ο
3479 1099 3847 1169 nciebantur.

2321 1204 2596 1259 Oreauo
2628 1200 2923 1257 Viennensi
2951 1198 3385 1270 archiepiscopo.

2320 1292 2511 1347 Relatu
2540 1290 2723 1347 veraci
2752 1289 3040 1345 didicimus
3084 1285 3495 1343 sanctimoniam
3527 1291 3764 1340 vestram
3794 1282 3851 1338 in

2250 1379 2561 1436 Genevensi
2588 1378 2831 1437 Ecclesia
2861 1377 3178 1448 episcopum
3209 1372 3697 1440 consecrassefcui
3726 1385 3850 1440 nos,

2248 1468 2566 1525 necessaria
2596 1475 2904 1538 temporum
2953 1465 3212 1537 qualitate
3255 1468 3558 1535 perspecta,
3583 1463 3696 1530 jam
3727 1459 3852 1532 pri-

2249 1573 2397 1612 mum
2429 1556 2645 1612 clericis
2675 1554 2921 1624 ejusdem
2966 1552 3230 1608 Ecclesia
3276 1550 3721 1624 suggerentibus,
3754 1564 3852 1603 au-

543 1624 799 1714 WS‘W‘?’
847 1623 935 1714 ve}
982 1640 1104 1714 We
1150 1639 1295 1678 nunc
1341 1623 1442 1688 θίδν
1491 1628 1583 1676 θυι
1610 1628 1802 1714 Ῑῖ9⁵ίθ³
1832 1636 1865 1674 θ’
1892 1618 2144 1714 θάῗιίδξίδ
2179 1648 2232 1708 Β
2255 1645 2498 1701 ctoritate
2517 1618 2813 1714 apostolica
2829 1641 3256 1713 prafeceramus
3281 1618 3600 1710 episcopum
3629 1637 3855 1692 nomine

547 1710 861 1767 hominibus
906 1709 1109 1765 fuerint
1158 1724 1424 1766 concessa
1470 1725 1571 1780 per
1614 1707 1831 1763 diversa
1862 1706 2150 1773 territoria,

549 1799 683 1855 nulli
711 1799 995 1864 castaldio,
1029 1806 1120 1853 aut
1148 1797 1439 1869 episcopis,
1472 1812 1582 1852 non
1612 1811 1832 1867 magno.
1864 1795 1952 1851 vel
1980 1809 2153 1866 parvo

549 1885 759 1942 homini
812 1902 914 1957 per
962 1885 1243 1957 quodlibet
1291 1884 1592 1958 ingenium,
1638 1892 1729 1938 aut
1774 1890 2154 1955 argumentum

552 1974 712 2031 liceat
766 1974 1259 2046 quomodocunque
1318 1973 1540 2028 easdem
1615 1971 1870 2027 invadere
1936 1986 2156 2041 posses-

553 2062 756 2130 siones,
791 2061 880 2117 vel
907 2076 1134 2117 censum
1173 2060 1388 2129 tollere,
1439 2067 1530 2114 aut
1560 2058 1804 2131 afﬂigere
1832 2059 2152 2124 monachos,

448 2161 455 2167 '
552 2149 643 2205 vel
671 2163 884 2215 servos,
916 2148 1014 2203 sed
1040 2149 1218 2221 magis
1240 2148 1311 2202 ad
1339 2146 1558 2201 laudem
1576 2146 1795 2216 Christi,
1820 2153 1874 2200 et
1896 2153 2155 2201 aternam

557 2237 876 2293 memoriam
921 2235 1194 2306 largitoris
1239 2241 1505 2307 perpetuo
1539 2241 1785 2304 tempore
1814 2241 2030 2289 maneat
2067 2234 2155 2288 in-

555 2331 701 2380 tacta
765 2324 834 2378 ab
910 2322 1162 2378 omnibus
1196 2365 1209 2389 ,
1290 2329 1344 2378 et
1427 2321 1734 2377 deserviant
1819 2308 2156 2377 solummodo

559 2412 616 2467 S.
650 2411 813 2467 matri
841 2411 1102 2466 Romana
1130 2409 1411 2476 Ecclesia,
1440 2417 1493 2465 et
1522 2409 1701 2463 nullus
1731 2408 1931 2479 prasul
1963 2409 2159 2463 audeat

556 2499 755 2555 amodo
814 2498 871 2553 in
924 2498 1011 2553 his
1066 2498 1346 2554 monachis
1400 2496 1659 2566 subjectis
1708 2497 1764 2552 S.
1814 2504 2013 2552 nostra
2042 2497 2155 2552 Ec-

572 2586 755 2643 clesia
785 2602 1164 2658 quamcunque
1195 2586 1451 2659 ingerere
1503 2584 2115 2640 excommunicationem
2148 2602 2162 2639 :

576 2673 671 2730 sed
700 2674 862 2730 liceat
891 2674 997 2728 illis
1041 2673 1113 2728 ita
1152 2689 1425 2747 peragere
1467 2671 1690 2729 deificos
1720 2688 1934 2740 cursus,
1968 2671 2107 2728 sicut
2134 2688 2165 2726 a

585 2762 645 2818 B.
672 2761 963 2817 Benedicto
988 2778 1089 2832 per
1116 2761 1259 2816 illius
1288 2761 1530 2833 regulam
1558 2760 1759 2815 habent
1787 2760 1840 2814 in
1868 2760 2163 2827 mandatis;

581 2857 743 2921 atque
780 2848 1173 2915 constituimus,
1226 2855 1284 2902 ut
1333 2848 1600 2919 quispiam
1654 2848 1857 2918 prasul
1882 2864 1990 2902 non
2017 2864 2165 2918 pra-

573 2944 747 2992 sumat
779 2951 1078 3009 segregare
1123 2940 1191 2990 ab
1236 2935 1485 2992 ecclesiis
1532 2952 1597 2990 ex
1625 2934 1783 2991 dictis
1812 2935 2159 2989 monasteriis

560 3023 957 3097 pertinentibus
1020 3022 1278 3094 populum
1352 3022 1555 3078 ibidem
1616 3031 2026 3093 percurrentem
2091 3022 2160 3077 ad

563 3112 892 3168 audiendum
924 3112 1149 3167 verbum
1193 3111 1312 3178 Dei,
1364 3119 1417 3167 et
1462 3108 1806 3166 conﬁtentem
1837 3111 2031 3167 delicta
2061 3126 2161 3166 sua

565 3208 676 3257 tam
703 3199 759 3254 in
788 3199 1011 3254 urbibus
1043 3214 1207 3271 quam
1240 3206 1394 3254 extra
1436 3198 1620 3266 urbes,
1655 3199 1749 3254 sed
1778 3199 2040 3254 canonice
2072 3199 2160 3253 in-

568 3287 844 3360 grediatur
881 3287 1102 3348 ibidem.
1146 3294 1200 3343 et
1229 3286 1540 3359 egrediatur
1571 3286 1796 3342 devotus
1825 3286 2075 3357 populus,
2109 3294 2162 3341 et

569 3375 814 3432 ecclesia
841 3375 1040 3431 vestris
1070 3374 1366 3430 ditionibus
1387 3373 1619 3429 subdita
1641 3374 1891 3429 omnibus
1918 3381 2156 3444 pateant.

568 3462 678 3519 Sed
708 3462 965 3535 quoniam
993 3461 1278 3533 pastoralis
1306 3469 1593 3533 propterea
1638 3461 1795 3517 nobis
1821 3477 1852 3515 a
1882 3462 1998 3519 Deo
2029 3477 2162 3517 cura

567 3550 859 3608 commissa
886 3558 989 3618 est,
1021 3557 1078 3604 ut
1120 3549 1309 3606 viriles
1354 3550 1409 3604 in
1454 3549 1704 3604 omnibus
1753 3549 2007 3616 existere,
2039 3566 2159 3605 me-

565 3654 804 3706 reamur,
836 3653 905 3693 ne
936 3637 1082 3709 quod
1103 3637 1263 3706 absit,
1289 3638 1589 3694 Dominica
1606 3652 1739 3693 oves
1754 3637 2006 3708 luporum
2024 3653 2161 3693 mor-

567 3727 719 3781 sibus
764 3725 1068 3791 lanientur;
1124 3741 1232 3795 qua
1281 3725 1350 3780 de
1394 3740 1452 3780 re
1481 3724 1733 3780 omnibus
1760 3725 2162 3782 venerabilibus

567 3812 861 3884 episcopis,
909 3811 1265 3882 presbyteris,
1316 3810 1622 3878 abbatibus,
1671 3811 2009 3878 diaconibus,
2054 3814 2161 3868 du-

569 3900 744 3966 cibus,
778 3897 1028 3966 tribunis,
1059 3897 1366 3964 comitibus,
1414 3898 1709 3968 castaldiis,
1749 3900 2042 3969 actoribus,
2074 3900 2160 3957 vel

569 3987 779 4044 cunctis
809 3987 983 4042 Deum
1028 3986 1340 4042 timentibus
1378 3994 1582 4043 nostra
1631 3986 1943 4058 apostolica
1974 3996 2161 4044 aucto-

566 4075 743 4131 ritatis
775 4118 789 4142 ,
857 4075 959 4130 sub
1024 4074 1416 4131 contestatione
1482 4075 1626 4130 beati
1691 4075 1834 4131 Petri
1897 4075 2162 4147 principis

518 4212 525 4215 .
571 4162 944 4236 apostolorum
977 4203 991 4232 ,
1072 4163 1434 4233 pracipimus,
1473 4171 1640 4234 atque
1699 4164 2005 4231 jubemus;
2064 4164 2157 4235 qui

568 4250 793 4323 ligandi,
845 4250 1201 4321 solvendique
1246 4258 1473 4320 peccata
1516 4250 1797 4305 hominum
1825 4250 1882 4304 in
1909 4250 2068 4317 coelo,
2100 4267 2163 4306 ac

567 4346 716 4393 terra
770 4352 805 4392 a
859 4338 1092 4393 Domino
1148 4338 1264 4392 Deo
1309 4345 1499 4392 nostro
1546 4345 1868 4407 potestatem
1899 4326 2160 4410 percepit,
2194 4337 2245 4397 D

569 4426 724 4494 cujus
752 4439 854 4479 nos
885 4424 1061 4496 gratia
1090 4423 1270 4478 divina
1298 4424 1449 4479 vices
1477 4424 1737 4495 gerimus,
1772 4432 2028 4481 statutum
2060 4435 2161 4492 est,

570 4528 670 4583 per
695 4511 855 4580 hujus
883 4511 1091 4567 decreti
1119 4510 1290 4565 nostri
1333 4511 1594 4582 paginam
1641 4511 2014 4568 interdicimus
2043 4530 2165 4568 om-

574 4598 734 4654 nibus
773 4597 996 4654 omnino
1043 4596 1335 4667 cujuslibet
1378 4597 1647 4653 Ecclesia
1693 4600 2040 4668 prasulibus,
2074 4601 2163 4657 vel

573 4687 943 4755 cujuscunque
990 4683 1266 4756 dignitatis
1314 4683 1559 4754 praditis
1606 4694 1873 4755 potestate
1904 4687 2005 4741 sub
2035 4703 2168 4745 ana-

578 4773 826 4829 thematis
866 4770 1262 4837 interdictione,
1311 4778 1363 4826 et
1390 4772 1577 4826 aterni
1598 4772 1787 4841 judicii
1813 4773 2164 4846 obligatione,

577 4860 670 4929 qui
699 4860 751 4914 ei
778 4858 1189 4929 prasumpserit
1234 4860 1493 4928 prasenti
1537 4860 1910 4916 constitutioni
1957 4878 1988 4915 a
2012 4863 2168 4918 nobis

574 4946 781 5016 prafati
827 4945 1143 5001 monasterii
1190 4946 1382 5001 indulti
1440 4948 1681 5019 quolibet
1729 4949 1891 5004 modo
1938 4950 2169 5007 existere

571 5041 875 5088 temerator.
927 5033 1198 5104 Scriptum
1244 5050 1341 5105 per
1386 5050 1607 5090 manum
1653 5036 1925 5092 Anastasii
1970 5039 2169 5094 notarii

572 5120 888 5193 regionarii,
950 5130 1001 5175 et
1054 5121 1323 5176 scriniarii
1374 5122 1430 5177 S.
1492 5123 1751 5179 Romana
1806 5124 2070 5182 Ecclesia
2114 5127 2172 5181 in

578 5223 769 5263 mense
799 5208 939 5272 Maii,
970 5208 1265 5264 indictione
1313 5210 1497 5282 quinta
1537 5210 1767 5265 decima.
1800 5212 1945 5267 Bene
1975 5214 2168 5270 valete.

583 5295 881 5352 Undecimo
913 5296 1032 5352 Kal.
1063 5297 1205 5352 Junii
1243 5314 1345 5368 per
1380 5313 1576 5353 manus
1604 5298 1896 5370 Walperti,
1930 5301 2173 5374 episcopi

582 5391 639 5449 S.
673 5391 990 5449 Portuensis
1015 5393 1300 5462 Ecclesia,
1331 5409 1494 5462 anno,
1527 5395 1643 5452 Deo
1669 5396 1922 5469 propitio,
1949 5397 2173 5471 pontiﬁ-

2256 1733 2588 1804 Optandum.
2639 1730 2758 1800 Quo
2808 1730 3011 1795 audito,
3060 1728 3346 1785 audaciam
3394 1735 3448 1783 et
3493 1725 3855 1781 temeritatem

2257 1830 2494 1877 vestram
2541 1820 2766 1874 nimium
2812 1818 3160 1884 admirantes,
3211 1816 3282 1871 ob
3310 1816 3363 1870 id
3392 1815 3625 1869 maxime
3653 1812 3855 1868 turbati

2259 1926 2464 1975 sumus,
2497 1924 2565 1964 eo
2586 1908 2733 1980 quod
2771 1922 2880 1962 non
2924 1906 3099 1961 solum
3129 1920 3295 1975 super
3323 1903 3718 1959 ordinationem
3749 1917 3857 1957 no-

2261 2006 2424 2052 stram
2485 1996 2675 2051 obices
2726 2010 2919 2049 manus
2964 1992 3252 2057 habuistis,
3299 1991 3396 2047 sed
3439 1991 3599 2045 etiam
3628 1990 3699 2044 ad
3727 2004 3858 2045 con—

2261 2092 2524 2155 temptum
2583 2092 2635 2139 et
2681 2083 2928 2152 injuriam
3002 2081 3150 2136 sedis
3205 2078 3516 2151 apostolica
3570 2077 3857 2149 praefatum

2263 2173 2579 2244 episcopum
2610 2171 2837 2243 turpiter
2865 2170 3159 2241 capientes,
3211 2176 3359 2224 arcta
3406 2166 3653 2223 custodia
3681 2174 3859 2222 retru-

2261 2261 2428 2327 sistis,
2481 2268 2561 2324 et,
2611 2260 2776 2314 rebus
2821 2259 3183 2335 omnibusque
3229 2254 3695 2327 suppellectilibus
3740 2255 3858 2323 ejus

2261 2349 2504 2420 direptis,
2530 2347 2596 2420 [Γ.
2619 2348 2748 2403 add.
2764 2355 2947 2403 contra
2962 2347 3048 2402 vel
3064 2344 3183 2417 per]
3212 2344 3572 2399 ministerium
3591 2350 3855 2407 vestrum,

2265 2438 2410 2509 quod
2440 2436 2572 2491 nulli
2601 2435 2911 2490 Christiano
2941 2435 3085 2499 licet,
3105 2433 3444 2489 sacerdotem
3472 2430 3690 2487 Domini
3720 2438 3857 2485 tetro

2264 2541 2488 2581 carcere
2515 2524 2801 2579 maceratis
2825 2541 2838 2577 :
2863 2539 2971 2578 non
3001 2523 3263 2577 habentes
3283 2537 3395 2592 pra
3425 2519 3600 2576 oculis
3628 2519 3855 2587 scilicet,

2266 2613 2411 2685 quod
2458 2612 2771 2668 sacerdotes
2813 2611 3029 2666 Domini
3077 2626 3227 2665 sacra
3266 2610 3540 2679 Scriptura
3560 2607 3857 2679 aliquando

2266 2702 2421 2767 deos,
2449 2699 2736 2771 aliquando
2765 2699 2991 2770 angelos
3041 2698 3300 2763 nominet,
3332 2704 3386 2752 et
3416 2697 3509 2769 qui
3538 2711 3637 2751 eos
3662 2695 3855 2768 tangit,

2266 2796 2454 2859 tangat
2479 2787 2740 2858 pupillam
2771 2787 2915 2843 oculi
2946 2786 3162 2842 Domini
3180 2786 3368 2855 (Zach.
3399 2786 3483 2856 ιι).
3511 2783 3861 2855 Quapropter

2267 2877 2583 2932 auctoritate
2630 2875 2731 2930 Dei
2776 2874 3159 2946 omnipotentis
3201 2881 3255 2928 et
3300 2872 3607 2944 principum
3636 2880 3860 2942 aposto-

2268 2964 2444 3018 lorum
2473 2963 2618 3019 Petri
2648 2971 2701 3018 et
2731 2963 2899 3027 Pauli,
2924 2950 3201 3033 'simulque
3241 2969 3449 3027 nostra,
3478 2959 3637 3015 vobis
3664 2958 3859 3031 praci-

2261 3051 2440 3122 pimus
2456 3060 2512 3106 ut
2526 3059 2744 3121 accepta
2764 3052 2867 3105 hac
2888 3058 3067 3105 nostra
3088 3049 3333 3121 epistola,
3362 3056 3454 3103 aut
3475 3047 3860 3119 quoquomodo

2261 3148 2446 3195 tenore
2468 3139 2611 3194 illius
2638 3139 2842 3204 audito,
2876 3139 2920 3192 si
2948 3138 3092 3193 intra
3139 3145 3263 3193 octo
3307 3136 3519 3191 dierum
3552 3135 3722 3207 spatia
3745 3136 3859 3205 jam

2261 3228 2465 3287 dictum
2495 3227 2810 3299 episcopum
2843 3227 3078 3298 propria
3107 3226 3225 3281 sedi
3243 3225 3575 3296 proprioque
3590 3223 3785 3280 honori
3804 3230 3861 3278 et

2261 3316 2512 3386 dignitati
2531 3315 2765 3370 reddere
2787 3314 3180 3386 restituereque
3201 3312 3655 3383 contempseritis,
3678 3328 3709 3366 a
3737 3327 3859 3367 cor-

2260 3419 2393 3474 pore
2424 3411 2477 3459 et
2508 3404 2779 3475 sanguine
2823 3402 3039 3458 Domini
3087 3402 3258 3457 nostri
3300 3403 3431 3456 Iesu
3479 3400 3700 3470 Christi,
3731 3415 3861 3457 cum

2262 3492 2512 3547 omnibus
2540 3491 2696 3547 vobis
2726 3491 2780 3545 in
2812 3492 2916 3547 hoc
2947 3490 3090 3547 facto
3123 3489 3446 3555 faventibus,
3481 3489 3601 3544 sitis
3628 3503 3859 3560 prorsus

2262 3587 2522 3645 extorres,
2553 3595 2838 3652 quousque
2852 3582 2999 3648 juxta
3020 3580 3162 3635 hanc
3187 3586 3430 3634 nostram
3450 3577 3860 3649 dispositionem

2262 3667 2529 3739 perlicere
2552 3667 2883 3738 ‘satageritis.
2916 3668 2983 3723 Et
3013 3667 3138 3739 quia
3165 3666 3271 3722 alia
3297 3665 3465 3721 multa
3495 3665 3653 3721 vobis
3682 3680 3715 3721 a
3744 3665 3866 3737 qui-

2263 3756 2493 3811 busdam
2544 3755 2871 3825 objiciuntur
2912 3771 3035 3827 qua
3076 3754 3323 3827 synodali
3369 3753 3712 3810 discussione
3741 3761 3866 3809 sunt

2265 3844 2611 3916 corrigenda,
2661 3843 3004 3899 decernimus
3046 3851 3124 3910 ut,
3175 3843 3323 3898 omni
3369 3842 3719 3898 excusatione
3768 3858 3861 3897 re-

2267 3939 2430 3998 mota,
2447 3946 2560 3985 ‘vm
2593 3932 2871 3987 Kalendas
2893 3931 3146 3987 Octobris
3167 3931 3357 3987 futura
3380 3930 3573 4002 prima
3601 3930 3854 3986 indictio-

2266 4020 2351 4074 nis
2382 4020 2607 4074 Romam
2635 4019 2706 4074 ad
2734 4020 3002 4090 synodum
3031 4035 3318 4075 occurrere
3355 4034 3466 4074 non
3495 4019 3771 4086 omittatis,
3803 4027 3862 4074 ut

2269 4116 2398 4163 tunc
2443 4115 2497 4162 et
2539 4108 2608 4162 de
2654 4107 2809 4162 vobis
2847 4107 3073 4176 objectis
3121 4108 3384 4162 rationem
3433 4107 3702 4173 reddatis,
3734 4114 3786 4163 et
3817 4107 3864 4162 si

2267 4195 2532 4250 adversus
2577 4195 2830 4250 eumdem
2878 4195 3194 4266 episcopum
3233 4211 3267 4249 a
3303 4194 3461 4250 nobis
3487 4203 3862 4251 consecratum

2267 4284 2504 4355 aliquam
2550 4283 2946 4355 querimoniam
2989 4284 3222 4351 habetis,
3267 4283 3532 4339 canonico
3560 4284 3860 4350 valeamus,

2268 4352 2529 4443 quidquid
2569 4352 2710 4425 illud
2753 4370 2933 4440 fuerit,
2983 4372 3098 4427 Deo
3137 4372 3380 4440 juvante,
3414 4371 3695 4427 libramine
3723 4371 3860 4427 diﬂi-

2266 4460 2404 4515 nire.
2438 4459 2554 4514 Hoc
2583 4458 2744 4513 etiam
2772 4459 3010 4514 scientes
3026 4459 3155 4530 quia
3175 4460 3221 4513 si
3237 4460 3303 4515 ad
3324 4460 3572 4516 eamdem
3591 4460 3863 4532 synodum

2264 4545 2488 4618 prafato
2518 4554 2763 4616 tempore
2792 4547 2980 4601 venire
3008 4546 3343 4616 distuleritis,
3363 4547 3640 4604 canonica
3665 4548 3722 4602 in
3749 4562 3854 4603 vos

2210 4685 2218 4692 .
2262 4651 2546 4690 censuram
2579 4635 2860 4690 sententia
2878 4633 3240 4705 proferemus.

2907 4749 3223 4805 CCCLVIII.

2907 4751 3179 4804 CCCLVII
3209 4792 3223 4805 .

2411 4834 2482 4873 an
2520 4832 2824 4874 ornamuu
2862 4751 3227 4875 vmurzezvselu
3266 4836 3698 4877 ARCHIEPISCOPU

2884 4892 3064 4957 (Anno
3103 4895 3252 4963 882.)

2272 4985 2398 5060 Agit
2425 4985 2491 5060 d_e
2514 4984 2769 5060 Optanda
2797 4987 3068 5060 episcopo,
3097 4988 3471 5060 ejus-litteris
3500 4988 3858 5060 respondens,

2342 5059 2405 5131 et
2428 5056 2494 5131 dc
2526 5056 2734 5111 litteris
2764 5056 2901 5131 quas
2934 5056 3137 5113 scribit
3161 5058 3411 5131 episcopo
3441 5056 3865 5115 Mauficnncnsi

2342 5129 2409 5180 ut
2442 5128 2672 5182 Romam
2689 5129 2899 5182 veniat.

2345 5221 2617 5278 Oreuuo
2649 5223 2940 5279 Viennensi
2971 5224 3401 5298 archiepiscopo.

2347 5320 2626 5390 Susceptis
2670 5328 2865 5376 vestra
2911 5321 3262 5378 fraternitatis
3307 5324 3570 5395 apicibus,
3605 5325 3748 5397 quod
3777 5342 3862 5381 es-

2276 5415 2397 5464 sent
2420 5408 2666 5479 alicujus,
2699 5417 2759 5464 ut
2785 5409 2857 5464 ita
2886 5410 3139 5478 dixerim,
3184 5412 3520 5471 rectitudinis
3566 5414 3683 5471 zelo
3711 5429 3861 5473 com-
