4086 6312
295 218 402 272 953

1575 214 1932 273 EPISTOLE
1985 216 2078 273 ET
2116 217 2467 274 DECRETA.

2281 34 2386 37 ν-
2433 28 2595 37 __——--_

3500 223 3606 278 θδι

295 340 458 411 positi
477 383 489 407 ,
517 340 648 396 satis
677 340 912 395 ubertim
942 341 1299 412 c0gnovimus
1323 359 1336 396 :
1362 341 1490 414 quia
1519 349 1642 412 post
1671 341 1902 412 plurima
1931 344 1988 402 A
2009 343 2262 398 dictionis
2308 361 2430 400 cum
2479 347 2672 402 eodem
2723 345 2980 401 Barnerio
3019 345 3316 400 venerabili
3347 345 3605 417 episcopo

297 429 352 482 in
394 429 641 484 Ecclesia
671 429 977 484 Genevensi
1011 429 1253 484 fatemini
1283 445 1380 484 vos
1411 445 1766 486 consecrasse
1798 431 1909 500 epi-

308 533 554 588 scopum,
605 526 657 572 et
705 526 764 571 ut
810 517 1029 590 quidam
1074 517 1354 588 Optandus
1411 519 1628 572 nomine
1673 518 1906 574 clericus

309 606 610 670 advenerit,
638 606 726 677 qui
756 607 810 660 in
833 606 1079 661 Ecclesia
1110 607 1417 662 Genevensi
1448 623 1549 662 nec
1580 607 1902 678 baptizatus,

310 694 619 760 clericatus,
655 694 950 759 ordinatus,
985 696 1333 760 acclamatus,
1379 696 1620 750 eruditus
1665 712 1906 767 unquam

315 783 616 848 exstiterat,
665 783 968 838 Ecclesiam
1025 784 1172 838 illam
1230 783 1508 838 invaserit.
1543 785 1909 856 Multipliciter

307 871 649 926 admiramur
678 887 774 926 cur
800 871 894 926 illa
927 873 1140 927 nescire
1169 888 1266 926 vos
1294 873 1490 937 dicitis,
1515 889 1636 944 quae
1657 881 1821 939 totus,
1852 880 1908 926 ut

311 975 514 1024 remur,
547 959 818 1015 Occidens
862 976 970 1014 non
1000 960 1236 1032 ignorat.
1271 961 1605 1016 Praecedenti
1637 960 1907 1032 siquidem

307 1041 556 1117 tempore
603 1047 762 1102 nobis
810 1046 987 1102 fuerat
1035 1047 1333 1102 nuntiatum
1385 1056 1441 1102 ut
1487 1064 1584 1103 vos
1631 1049 1684 1102 in
1717 1049 1906 1104 eadem

305 1135 555 1188 Ecclesia
586 1135 903 1206 episcopum
930 1151 1250 1191 consecrare
1282 1136 1718 1206 contempseritis
1742 1155 1756 1203 ;
1784 1137 1908 1192 ideo

308 1237 431 1286 nos,
513 1224 827 1278 necessaria
905 1232 1208 1294 temporum
1266 1224 1520 1295 qualitate
1598 1233 1904 1295 perspecta,

299 1309 514 1366 clericis
551 1311 796 1379 ejusdem
826 1312 1088 1366 Ecclesia:
1119 1313 1555 1383 suggerentibus,
1591 1313 1908 1368 auctoritate

305 1399 607 1470 apostolica
636 1399 744 1456 illic
775 1400 1089 1471 episcopum
1121 1401 1431 1471 Optandum
1462 1401 1682 1456 nomine
1712 1417 1910 1457 conse-

308 1487 603 1543 cravimus.
638 1487 755 1558 Qua
785 1504 849 1543 ex
873 1505 929 1543 re
951 1504 1059 1542 non
1080 1489 1219 1542 bene
1249 1505 1346 1544 vos
1370 1488 1565 1545 fecisse
1585 1490 1906 1560 probamus,

308 1576 403 1647 qui
432 1592 595 1646 super
613 1576 1011 1631 ordinationem
1035 1585 1275 1632 nostram
1297 1578 1482 1632 obices
1503 1593 1696 1632 manus
1716 1577 1912 1632 habui-

307 1663 426 1728 stis,
445 1674 494 1718 et
525 1664 751 1719 alterum
782 1665 1098 1734 episcopum
1128 1665 1326 1720 ibidem
1358 1665 1667 1720 ordiuastis.
1694 1667 1773 1720 De
1804 1667 1908 1722 hoc

308 1758 489 1807 autem
524 1753 670 1823 quod
691 1752 887 1817 dicitis,
912 1753 1056 1823 quod
1079 1753 1195 1823 ipse
1217 1753 1500 1824 Optandus
1517 1755 1572 1807 in
1596 1754 1908 1809 Genevensi

307 1839 558 1896 Ecclesia
585 1856 687 1895 nec
717 1840 1035 1911 baptizatus,
1059 1841 1365 1907 clericatus,
1393 1842 1696 1910 ordinatus,
1721 1843 1908 1898 accla-

306 1935 504 1993 matus,
553 1927 792 1982 eruditus
840 1943 1081 1998 unquam
1130 1928 1414 1995 exstiterit,
1449 1929 1662 1984 interim
1695 1930 1909 1984 silentio

308 2022 391 2070 est
424 2016 736 2086 tegendum,
773 2031 839 2070 eo
870 2016 1034 2087 quod,
1066 2032 1190 2071 cum
1223 2017 1482 2072 charitate
1510 2025 1690 2072 vestra
1720 2018 1910 2089 loqua-

309 2119 452 2173 mur,
483 2103 615 2157 nihil
658 2104 848 2159 horum
892 2105 1096 2159 habens
1144 2113 1324 2160 vestra
1367 2106 1623 2161 sanctitas
1653 2106 1707 2160 in
1739 2107 1920 2160 Vien-'

307 2192 467 2246 nensi
514 2192 762 2247 Ecclesia
812 2199 893 2246 est
947 2201 1286 2247 consecrata.
1336 2194 1743 2263 Verumtamen,
1825 2194 1910 2248 his

307 2280 526 2335 interim
573 2281 882 2335 necessario
924 2281 1330 2350 praetermissis,
1364 2282 1776 2337 sanctimoniam
1809 2299 1907 2338 ve-

310 2376 481 2435 stram
505 2367 619 2437 jam
649 2368 851 2422 dudum
898 2368 1088 2422 litteris
1117 2369 1319 2424 nostris
1358 2370 1665 2425 monuimus
1700 2379 1756 2424 ut
1786 2371 1910 2443 quia

307 2456 555 2528 quedam
583 2455 738 2511 vobis
768 2471 800 2510 a
831 2456 1154 2527 quibusdam
1206 2457 1552 2526 objiciuntur,
1588 2476 1709 2529 quae
1740 2477 1909 2531 syno-

308 2544 414 2598 dali
445 2544 784 2599 discussione
826 2552 951 2598 sunt
999 2545 1348 2618 corrigenda,
1382 2547 1529 2601 omni
1560 2548 1909 2602 excusatione

312 2640 541 2699 remota,
595 2649 693 2686 vm
738 2633 1010 2688 Kalendas
1057 2633 1307 2688 Octobris
1351 2634 1544 2688 futurae
1599 2635 1910 2691 indictionis

308 2720 500 2790 primae
546 2721 774 2776 Romam
823 2722 891 2776 ad
942 2723 1208 2792 synodum
1257 2739 1542 2777 occurrere
1592 2724 1905 2778 studeretis.

309 2808 670 2862 Nihilominus
727 2818 908 2863 autem
967 2810 1162 2864 iterato
1218 2811 1565 2865 decernimus
1615 2820 1671 2865 ut
1717 2813 1909 2866 eodem

315 2903 562 2966 tempore
593 2897 906 2966 apostolicae
935 2906 1138 2953 nostra:
1165 2914 1263 2953 vos
1293 2901 1633 2970 praesentetis
1661 2917 1910 2971 praesen-

311 2984 420 3049 tiae,
455 2993 510 3038 ut
539 2993 667 3040 tunc
699 2992 748 3038 et
780 2985 848 3039 de
880 2986 1036 3040 vobis
1081 2987 1305 3055 objectis
1355 2988 1616 3043 rationem
1650 2989 1906 3048 reddatis.

2006 433 2230 486 Romam
2261 434 2330 486 ad
2363 435 2627 503 synodum
2675 444 2912 488 nostram
2942 449 3221 497 occurras,
3255 443 3310 487 ut
3343 434 3604 505 quidquid

2006 519 2148 574 inter
2178 538 2274 575 vos
2332 522 2488 594 litigii
2539 531 2619 576 est
2667 531 2908 577 exortum
2952 538 3051 576 nos
3097 522 3366 593 zequitatis
3409 523 3604 594 regula

2006 609 2180 677 potiti,
2215 611 2330 664 Deo
2383 611 2645 684 'juvante,
2711 611 2982 665 discutere
3039 619 3091 665 et
3137 609 3366 665 diffinire
3425 611 3608 682 aliquo

2006 698 2170 752 modo
2201 699 2537 753 studeamus.

2676 787 2903 842 CCCLX
2928 829 2940 841 .

2070 871 2143 910 AD
2181 870 2480 912 ANsaLMuu
2521 873 3002 999 xnczqarrscogzm):
3049 871 3543 912 MEDIOLANENSEI.

2702 945 2810 983 nno
2842 934 2871 982 8
2952 970 2963 981 .

2702 945 2810 983 nno
2842 934 2963 982 882.

2009 1016 2439 1071 Mediolanensis
2471 1018 2734 1072 Ecclesia:
2760 1018 3061 1088 privilegia
3104 1016 3450 1088 conﬁrmat;
3474 1017 3606 1088 hor-

2082 1090 2242 1140 tatur
2289 1089 2444 1141 utin
2519 1086 2826 1143 Romanam
2883 1086 3190 1142 Ecclesiam
3246 1087 3322 1140 sit
3375 1086 3558 1154 ﬁdelis
3592 1105 3610 1142 :

2080 1161 2285 1230 narrat
2332 1160 2743 1230 Saracenorum
2773 1163 2829 1212 et
2877 1159 3220 1230 iniquorum,
3252 1157 3610 1230 Christiano-

2081 1243 2208 1281 rum
2241 1229 2488 1298 injurias
2507 1248 2531 1300 ;¢
2556 1233 2713 1299 rogat
2754 1232 2820 1284 ut
2859 1227 2984 1300 prov
3008 1228 3259 1283 Ecclesia
3298 1227 3369 1281 ad
3417 1228 3612 1282 Domi-

2081 1315 2221 1352 num
2247 1314 2440 1369 preces
2471 1299 2746 1368 effundat.

2083 1387 2347 1440 ANsaLMo
2417 1387 2830 1457 archiepiscOpo
2906 1393 3108 1441 sanctae
3184 1385 3612 1440 Mediolanensis

2012 1475 2293 1530 Ecclesiae.

2082 1563 2357 1633 Privilegii
2387 1579 2516 1618 sane
2546 1563 2854 1618 auctoritati
2881 1561 3146 1618 Ecclesiae
3175 1569 3391 1628 vestrm,
3415 1577 3481 1617 eo
3503 1578 3611 1634 quo

2012 1650 2321 1705 fraternitas
2344 1659 2430 1705 tua
2465 1651 2712 1722 poposcit
2745 1651 2926 1717 modo,
2955 1650 3370 1721 pernecessario
3392 1657 3614 1720 aposto-

2013 1739 2114 1793 lica
2146 1738 2261 1792 fulti
2309 1739 2700 1807 moderatione,
2737 1739 2925 1794 libenti
2955 1739 3245 1794 annuimus
3277 1738 3444 1793 animi
3473 1739 3612 1793 cha-

2009 1827 2187 1895 ritate,
2221 1827 2488 1898 simulque
2532 1835 2780 1896 optantes
2811 1835 2868 1881 ut
2899 1843 3116 1897 semper
3145 1843 3210 1882 ea
3246 1843 3367 1897 quae
3394 1827 3463 1881 ad
3491 1825 3612 1880 ani-

2010 1931 2112 1970 mae
2142 1924 2246 1970 tuae
2277 1915 2628 1970 salvationem
2675 1915 2860 1986 tuique
2904 1915 3091 1987 gregis
3139 1915 3438 1970 custodiam
3489 1921 3613 1968 sunt

2009 2019 2249 2076 congrua
2296 2012 2456 2075 atque
2507 2003 2766 2074 proficua,
2828 2003 3062 2074 Spiritus
3118 2002 3287 2057 sancti
3340 2002 3612 2057 infusione

2010 2092 2308 2162 postulare,
2353 2108 2598 2163 quzerere
2643 2100 2803 2162 atque
2845 2091 3130 2161 operari...
3163 2107 3232 2145 ne
3263 2091 3501 2145 desinas.
3539 2091 3608 2145 Ut

2011 2189 2135 2235 ante
2164 2180 2402 2234 tribunal
2431 2180 2620 2234 aiterni
2642 2179 2838 2248 judicis
2867 2179 3112 2250 dignam,
3145 2179 3319 2251 gratia
3352 2195 3464 2234 suae
3501 2177 3608 2233 mi-

2011 2269 2322 2324 sericordiae
2391 2277 2733 2339 cooperante,
2795 2268 3256 2324 ratiocinationem
3313 2267 3608 2338 positurus,

2009 2357 2259 2411 meritum
2315 2357 2574 2428 perennis
2618 2357 2740 2411 vitae
2779 2372 2900 2412 cum
2952 2355 3151 2410 sanctis
3181 2355 3434 2426 accipias.
3471 2356 3615 2409 Inter

2009 2447 2126 2500 haec
2172 2446 2513 2500 dilectionem
2562 2453 2668 2499 tua:
2701 2445 3048 2499 fraternitatis
3080 2444 3373 2508 hortamur,
3409 2450 3614 2497 sanctae

2011 2534 2202 2588 matris
2235 2542 2428 2588 vestrae
2448 2533 2706 2588 Romana
2737 2532 3021 2597 Ecclesiae,
3047 2548 3170 2603 quae
3191 2547 3293 2602 pro
3325 2531 3481 2586 vobis
3510 2545 3601 2586 om

2011 2622 2170 2676 nibus
2199 2629 2488 2693 vestraque
2520 2621 2712 2685 salute,
2746 2628 2930 2691 utpote
2969 2628 3129 2690 caput
3157 2635 3258 2690 pro
3289 2619 3402 2674 suis
3430 2635 3609 2674 mem-

2011 2710 2144 2778 bris,
2177 2710 2428 2764 laborare
2461 2725 2569 2764 non
2600 2717 2795 2774 cessat,
2830 2716 2942 2763 toto
2972 2708 3171 2762 adnixu
3200 2707 3418 2774 mentis,
3443 2707 3615 2762 omni-

2011 2814 2116 2869 que
2145 2785 2434 2874 devotione
2465 2796 2655 2852 fideles
2688 2796 2920 2852 existere
2949 2796 3278 2851 omnimodis
3309 2795 3570 2866 satagatis
3595 2813 3610 2862 ς

2013 2887 2269 2958 quoniam
2320 2886 2376 2940 in
2421 2887 2538 2956 ejus
2603 2885 2947 2950 exaltatioue,
3011 2894 3170 2956 atque
3220 2884 3608 2953 incolumitate,

2014 2975 2151 3030 sicut
2180 2975 2246 3028 ab
2279 2974 2449 3039 initio,
2483 2973 2582 3028 erit
2627 2974 2868 3029 omnium
2913 2981 3152 3028 vestrum
3182 2973 3323 3043 apud
3354 2974 3529 3027 Deum
3563 2979 3616 3026 et

313 3080 366 3127 ει
395 3072 439 3126 si
479 3073 744 3128 adversus
795 3075 1047 3128 eumdem
1095 3075 1410 3146 episcopum
1443 3093 1475 3130 ε
1505 3077 1662 3131 nobis
1713 3093 1911 3132 ροηδε-
1944 3055 1991 3117 C
2014 3079 2257 3132 prasens
2302 3062 2555 3118 saeculum
2609 3069 2759 3116 certa
2806 3061 3056 3116 salvatio.
3090 3061 3203 3114 Nos
3253 3061 3397 3114 enim
3428 3061 3482 3112 in
3512 3060 3614 3115 hac

312 3168 520 3216 cratum
577 3161 812 3232 aliquam
868 3163 1148 3233 querelam
1204 3164 1434 3225 habetis.
1496 3181 1596 3218 nos
1649 3165 1912 3220 canonico

312 3249 612 3318 valeamus,
648 3249 911 3321 quidquid
956 3251 1086 3304 illud
1116 3249 1294 3315 fuerit,
1328 3253 1441 3306 Deo
1467 3253 1709 3320 juvante,
1744 3253 1911 3306 libra-

310 3344 457 3400 mine
509 3345 757 3401 diffiuire.
817 3348 1087 3402 Caeterum
1143 3350 1439 3403 Adalberto
1479 3351 1911 3404 Mauriennensis

307 3433 570 3489 Ecclesiae
601 3434 860 3505 episcOpo
909 3437 1241 3490 auctoritatis
1272 3445 1469 3492 nostra:
1511 3438 1739 3505 litteras,
1775 3455 1912 3510 quas

310 3521 418 3576 eia
450 3522 603 3577 vobis
649 3523 766 3577 dari
814 3525 1152 3590 mandamus,
1207 3542 1336 3581 ecce
1384 3527 1801 3593 transmisimus,
1855 3537 1912 3582 ut

311 3625 436 3666 cum
455 3611 712 3666 Barnerio
733 3612 916 3666 Gratia
926 3613 1254 3683 nopolitanzn
1276 3614 1420 3668 sedis
1442 3616 1700 3686 episcopo
1718 3617 1910 3670 eodem

311 3713 411 3752 vm
444 3699 719 3754 Kalendas
766 3700 1019 3755 Octobris
1065 3703 1293 3756 Romam
1337 3712 1610 3768 occurrat,
1644 3713 1910 3775 quatenus

314 3787 384 3841 de
412 3787 478 3840 iis
510 3805 630 3858 quae
658 3789 1020 3844 irreverenter
1067 3798 1176 3844 tam
1220 3791 1504 3847 temerario
1543 3809 1680 3847 ausu
1712 3793 1794 3847 sui
1825 3810 1911 3848 or-

313 3874 455 3928 dinis
501 3875 787 3931 immemor
847 3876 1040 3944 intulit,
1088 3894 1270 3934 coram
1330 3880 1489 3934 nobis
1543 3881 1909 3951 plenissimam

314 3961 732 4020 satisfactionem
765 3965 1035 4019 exhibeat.
1062 4022 1076 4037 ,

971 4090 1252 4144 CCCLlX.

491 4190 562 4230 AD
600 4190 969 4232 ADALBERTUM
1007 4194 1316 4234 EPISCOPUM
1365 4195 1728 4235 MAURIENNE.

933 4267 1112 4336 (Anno
1141 4269 1292 4338 882.)

2011 3160 2156 3205 terra
2205 3159 2312 3205 tam
2342 3167 2685 3221 paganorum
2714 3166 2876 3221 quam
2907 3148 3319 3222 malignantium
3353 3147 3613 3203 Christia-

2010 3255 2203 3293 norum
2250 3247 2420 3292 tantas
2470 3238 2880 3308 persecutiones
2924 3237 3156 3308 patimur
3195 3244 3250 3290 ut
3298 3238 3399 3290 has
3429 3236 3612 3290 verbis

2011 3327 2277 3397 eXplicare
2328 3343 2434 3381 non
2479 3327 2773 3381 valeamus.
2820 3327 2964 3380 Inter
3010 3325 3323 3379 innumeras
3369 3325 3608 3394 rapinas,

2009 3416 2438 3486 deprazdationes
2486 3424 2538 3470 et
2586 3415 2724 3468 mala
2771 3414 3186 3486 quamplurima,
3239 3414 3310 3468 ad
3342 3429 3611 3484 augmen-

2012 3512 2120 3558 tum
2169 3504 2374 3558 doloris
2425 3504 2595 3558 nostri
2641 3504 2856 3575 quidam
2889 3503 3185 3558 sceleratus
3216 3502 3614 3573 Longobardus

2010 3593 2247 3656 nomine,
2284 3594 2448 3648 homo
2495 3592 2751 3647 Widonis
2793 3591 3147 3656 marchionis,
3197 3591 3475 3661 octoginta
3501 3599 3612 3646 tres

2009 3681 2258 3736 homines
2306 3682 2449 3752 cepit
2484 3699 2497 3735 :
2528 3681 2780 3736 manibus
2811 3680 3042 3752 singulis
3081 3679 3433 3745 detruncatis,
3467 3678 3612 3750 apud

2009 3769 2365 3824 Narniensem
2408 3768 2701 3836 civitatem,
2747 3769 2936 3839 plures
2967 3785 3032 3824 ex
3064 3768 3154 3822 tali
3183 3776 3305 3822 sunt
3345 3767 3612 3823 incisione

2012 3859 2129 3913 sine
2176 3874 2331 3913 mora
2379 3858 2664 3929 perempti.
2716 3858 2870 3923 Unde
2913 3857 3189 3913 communi
3225 3857 3294 3912 ad
3323 3856 3612 3912 Dominum

2010 3963 2175 4018 prece
2222 3948 2588 4018 supplicamus
2618 3955 2675 4001 ut
2703 3947 2794 4001 ille
2834 3947 3140 4002 Ecclesiam
3182 3962 3334 4000 suam
3367 3953 3610 4001 sanctam

2011 4037 2080 4090 de
2110 4036 2473 4106 praesentibus
2502 4035 2661 4089 malis
2701 4035 2912 4105 eripiat,
2947 4051 3048 4105 pro
3079 4051 3179 4106 qua
3210 4033 3489 4105 unigenito
3520 4033 3612 4088 Fi-

2011 4124 2083 4177 lio
2118 4140 2214 4177 suo
2242 4140 2348 4177 non
2398 4123 2658 4193 pepercit.
2693 4123 2915 4192 Nosque
2959 4122 3217 4192 pastorali
3249 4121 3613 4177 sollicitudine

2013 4211 2262 4266 baculum
2293 4212 2348 4264 in
2377 4211 2624 4266 manibus
2669 4219 2935 4278 tenentes,
2967 4210 3109 4282 lupis
3148 4210 3458 4281 rapacibus,
3493 4211 3610 4264 Do-

2012 4299 2156 4354 mino
2211 4307 2546 4372 protegente,
2608 4299 2860 4354 resistere
2917 4315 3025 4353 non
3081 4298 3410 4354 omittemus.
3472 4298 3606 4353 Data

310 4370 476 4426 Iubet
500 4373 822 4466 {tamam
851 4374 1042 4455 veniat
1072 4388 1201 4456 cum
1235 4374 1902 4466 episeopo‘Gra‘tianopo-
1931 4408 1979 4466 D
2011 4404 2197 4443 mense
2225 4370 2490 4461 Augusto,
2523 4387 2816 4444 indictione
2845 4403 2928 4442 χιι
2953 4387 3018 4460 [[,
3051 4385 3164 4460 xv],

542 4443 739 4518 litano,
772 4459 935 4514 quem
964 4443 1338 4514 ignominiosa
1368 4443 1666 4500 tractarat.

375 4549 719 4601 ADALBERTO
751 4548 1149 4603 Mauriennensi
1181 4550 1457 4620 episcopo.

385 4634 576 4688 Tristis
624 4651 724 4690 nos
780 4637 999 4690 nuntius
1056 4638 1287 4707 perculit
1343 4639 1560 4710 quando
1606 4639 1912 4694 audivimus

313 4724 461 4794 quod
492 4731 566 4792 tu,
593 4723 801 4778 ordinis
834 4725 906 4778 tui
936 4725 1244 4791 immemor,
1281 4729 1598 4782 Barnerium
1628 4729 1886 4784 Gratiano

313 4811 566 4882 politanre
609 4813 756 4866 sedis
787 4813 1124 4883 episcopum,
1159 4816 1292 4869 hora
1323 4817 1622 4870 matutinali
1652 4819 1702 4870 iu
1734 4818 1911 4872 eccle-

315 4900 397 4953 sia
428 4917 521 4954 sua
566 4901 779 4970 publice
829 4910 1078 4973 agentem
1128 4903 1384 4968 oﬂicium,
1419 4922 1542 4958 cum
1574 4905 1913 4960 multitudine

313 4988 518 5058 populi,
545 4997 596 5044 et
627 4998 834 5044 armata
856 5007 1035 5056 manu,
1056 4992 1264 5062 absque
1295 4994 1599 5047 reverentia
1626 4995 1913 5049 ecclesiam

313 5077 651 5149 ingrediens,
684 5077 830 5132 nulla
861 5079 930 5132 ab
961 5095 1025 5133 eo
1057 5079 1148 5133 tibi
1183 5081 1339 5150 culpa
1363 5081 1529 5148 illata,
1555 5082 1916 5138 irreverenter

311 5174 489 5220 tecum
533 5165 840 5232 abstuleris,
877 5175 925 5221 et
960 5167 1322 5239 ignominiose
1375 5172 1734 5238 tractaveris;
1769 5173 1914 5243 quod

313 5260 522 5306 tantum
577 5254 733 5308 nobis
785 5255 1076 5325 displicuit,
1128 5266 1382 5326 quantum
1414 5266 1465 5312 te
1495 5266 1702 5313 temere
1734 5261 1915 5333 egisse

315 5341 493 5396 modis
525 5343 778 5397 omnibus
827 5346 1265 5415 comprobemus.
1318 5347 1554 5418 Ideoque
1587 5349 1755 5402 nostri
1787 5365 1915 5420 apo-

314 5430 544 5484 stolatus
577 5431 769 5486 litteris
800 5432 894 5486 tibi
924 5434 1250 5488 mandamus
1283 5442 1357 5498 ut,
1393 5436 1539 5490 omni
1570 5438 1915 5494 excusatione

321 5527 551 5589 remota,
583 5535 681 5576 vm
729 5521 1003 5578 Kalendas
1054 5522 1306 5580 Octobris
1355 5523 1544 5581 futurae
1589 5525 1782 5600 primae
1826 5525 1911 5586 in-

2674 4494 2924 4549 CCCLXI
2941 4535 2954 4548 .

2633 4565 2812 4625 (Anno
2843 4566 2992 4636 88-2.)

2139 4653 2210 4692 AD
2251 4652 2524 4693 ROMANI!”
2563 4650 3039 4690 ARCHIEPISCOPUM
3087 4648 3482 4690 ιιΑνΕΝΝΑτΒΠ.

2016 4729 2280 4799 Prrecipil
2313 4731 2376 4781 ut
2423 4729 2698 4781 Joannem
2727 4725 3028 4799 diaconum
3063 4725 3305 4799 benigne
3334 4724 3608 4795 excipiat,

2397 4802 2452 4852 et
2483 4813 2570 4852 res
2601 4799 2653 4852 ei
2683 4798 2902 4851 ablatas
2932 4798 3223 4852 restituat.

2086 4886 2563 4942 Reverendissimo
2593 4893 2646 4940 et
2675 4884 3015 4940 sanctissimo
3065 4885 3304 4939 ROMANO
3335 4881 3612 4953 archiepi-

2017 4992 2184 5046 SCOpO
2215 4976 2532 5031 Ravennati.

2088 5065 2225 5132 Quia
2282 5081 2388 5119 non
2446 5064 2620 5119 solum
2678 5072 2925 5134 tempore
2983 5060 3342 5116 ordinationis
3400 5069 3504 5116 tua:
3559 5069 3613 5116 te

2017 5154 2228 5225 scriptis
2277 5162 2327 5208 et
2377 5153 2562 5207 verbis
2603 5153 2903 5208 secundum
2951 5167 3160 5206 morem
3209 5158 3263 5205 et
3291 5149 3612 5206 canonicam

2017 5243 2370 5307 sanctionem,
2415 5243 2510 5296 sed
2560 5242 2902 5311 postmodum
2971 5239 3271 5310 saepissime
3319 5240 3613 5293 admonere

2017 5332 2346 5396 curavimus,
2401 5339 2663 5403 quatenus
2707 5346 2828 5385 cum
2860 5327 3005 5395 filiis,
3040 5337 3094 5383 et
3121 5328 3382 5383 membris
3412 5334 3612 5381 sancta:

2015 5429 2121 5475 tua:
2166 5419 2427 5476 Ecclesiae
2470 5419 2758 5490 tranquilla
2786 5435 3002 5490 semper
3037 5426 3218 5474 mente
3245 5425 3298 5473 et
3327 5415 3492 5472 alacri
3524 5413 3613 5468 af-

2019 5509 2273 5578 fectione,
2307 5525 2405 5566 ceu
2451 5508 2681 5567 idoneus
2728 5515 2911 5586 pastor
2938 5507 3220 5575 existeres,
3254 5505 3411 5564 valde
3439 5502 3614 5562 mira-
