4086 6294
564 209 670 264 955

1830 206 2128 296 JOANNIS
2187 205 2378 260 ΡΑΡιΕ
2431 208 2553 264 VIII
2565 250 2578 264 .

3765 211 3870 266 956

561 349 687 389 mur
713 333 1055 390 dilectionem
1085 341 1248 401 tuam,
1281 333 1484 389 monita
1513 340 1702 388 nostra
1738 330 2156 397 contemnendo,
2180 330 2236 392 Α
2262 339 2470 401 partem
2501 332 2734 406 aliquam
2779 333 2861 389 ire
2904 333 3154 401 voluerit,
3191 334 3452 389 audacter
3495 334 3870 406 comprehen-

564 421 645 478 eis
687 423 1079 494 prmjudicium,
1132 423 1272 479 sicut
1311 421 1634 487 audivimus,
1681 429 1734 476 et
1789 419 2160 500 importabiles

563 510 859 582 gravitates
903 510 1105 566 inferre
1151 511 1376 566 minime
1421 526 1730 567 recusasse.
1782 509 1936 578 Unde
1963 509 2159 562 iterum

566 599 821 670 praesenti
865 599 1202 670 apostolatus
1251 598 1425 653 nostri
1455 605 1652 654 statuto
1673 598 1928 668 jubemus
1962 595 2160 650 frater-

563 687 716 741 nitati
764 695 866 742 tua:
895 696 952 742 ut
982 687 1108 744 huic
1151 687 1344 742 Joanni
1388 685 1679 742 venerabili
1727 687 1957 741 diacono
2003 699 2160 739 com-

563 776 822 831 mendato
852 783 1062 842 nostro,
1097 775 1189 848 qui
1216 776 1286 830 ad
1314 783 1554 830 nostram
1591 773 1943 845 apostolicam
1973 772 2160 827 sedem

565 862 912 937 confugiens,
946 862 1319 934 praejudicium
1349 879 1381 917 a
1411 871 1462 918 te
1491 861 1596 916 sibi
1643 861 1845 916 illatum
1879 860 2022 916 ferre
2051 875 2160 914 non

565 951 776 1018 valens,
795 959 984 1006 nostro
1013 967 1072 1006 se
1101 951 1253 1022 petiit
1286 949 1588 1021 apostolico
1615 949 1868 1020 praesidio
1889 947 2158 1018 adjuvari,

563 1047 617 1094 et
645 1039 770 1094 ideo
815 1055 917 1094 nos
947 1039 1106 1094 solita
1134 1037 1513 1094 misericordia
1552 1036 1702 1106 moti,
1736 1035 2036 1108 apostolica
2064 1035 2162 1090 tibi

565 1127 899 1200 benignitate
946 1127 1291 1193 mandamus,
1342 1133 1402 1180 ut
1430 1140 1556 1180 eum
1596 1125 1654 1179 in
1701 1123 1911 1198 gremio
1955 1130 2161 1178 sancta

567 1224 671 1271 tua;
729 1215 988 1271 Ecclesiae
1043 1215 1282 1288 benigne
1326 1213 1582 1284 recipias,
1617 1221 1670 1268 et
1698 1211 2034 1268 monasteria
2065 1227 2162 1266 seu

566 1319 656 1358 res
693 1319 826 1375 quas
855 1303 930 1356 illi
979 1302 1052 1357 tui
1097 1309 1502 1374 occupaverunt
1531 1301 1786 1366 ministri,
1819 1300 2009 1355 libenti
2039 1299 2161 1354 ani-

565 1407 656 1446 mo
684 1407 784 1463 pro
811 1407 997 1446 amore
1027 1398 1214 1446 nostro
1235 1387 1662 1461 praesentialiter
1690 1389 1906 1444 reddas.
1941 1389 2009 1443 Et
2039 1403 2162 1459 qua;

565 1481 634 1536 de
677 1479 812 1550 ipsis
859 1479 1022 1535 rebus
1050 1495 1084 1534 a
1113 1479 1216 1534 tuis
1261 1479 1439 1533 ablata
1486 1485 1629 1543 sunt,
1685 1476 1862 1532 modis
1909 1475 2163 1532 omnibus

564 1565 834 1620 restituas.
867 1565 946 1619 Ita
976 1579 1106 1620 sane
1135 1571 1196 1618 ut
1223 1564 1273 1618 ei
1303 1563 1562 1633 deinceps
1590 1563 1659 1616 ad
1687 1569 1906 1616 nostras
1935 1568 2161 1632 aposto-

564 1653 697 1708 licas
745 1668 911 1708 aures
958 1669 1070 1708 non
1115 1652 1183 1706 sit
1229 1652 1600 1708 necessarium
1628 1649 1951 1706 reclamare.
1989 1649 2161 1705 Simili

561 1741 721 1797 etiam
772 1741 938 1797 modo
994 1740 1090 1795 tibi
1144 1739 1468 1795 mandamus
1513 1746 1570 1794 ut
1606 1737 1801 1794 Joanni
1859 1737 2158 1794 venerabili

561 1829 789 1886 diacono
837 1837 891 1884 et
933 1828 1261 1886 chartulario
1307 1827 1569 1885 Ecclesiae
1617 1835 1723 1882 tuae
1772 1826 2158 1882 monasterium

562 1917 740 1974 sancti
762 1917 997 1984 Martini,
1023 1917 1170 1990 quod
1199 1933 1232 1972 a
1261 1925 1313 1971 te
1343 1916 1547 1971 dudum
1576 1915 1870 1986 promeruit
1891 1915 2154 1979 obtinere,

561 2007 630 2062 de
659 2006 916 2079 praesenti
946 2005 1179 2062 reddere
1210 2005 1434 2060 studeas
1467 2022 1480 2059 :
1507 2019 1610 2058 nos
1641 2003 1784 2058 enim
1808 2005 1912 2058 hoc
1942 2003 2156 2074 patien-

497 2165 506 2169 _
558 2102 642 2150 ter
671 2095 741 2150 ad
769 2103 824 2149 te
851 2094 1226 2167 peragendum
1259 2092 1559 2164 apostolica
1587 2091 1922 2164 benignitate
1952 2090 2156 2146 direxi-

559 2199 702 2238 mus.
737 2183 956 2248 Verum,
983 2183 1128 2254 quod
1158 2197 1269 2236 non
1315 2181 1608 2245 credimus,
1641 2179 1687 2234 si
1717 2179 1876 2234 aliter
1902 2178 2156 2234 fraterni-

560 2279 643 2326 tas
673 2279 767 2326 tua
809 2270 1110 2343 peregerit,
1143 2269 1197 2324 hi
1227 2269 1400 2324 nostri
1428 2268 1612 2341 legati,
1646 2277 1831 2323 nostra
1860 2267 2156 2338 apostolica

559 2357 676 2414 fulti
723 2358 1062 2427 auctoritate,
1109 2359 1215 2413 hoc
1259 2356 1452 2428 procul
1498 2355 1665 2412 dubio
1712 2356 1929 2426 explere
1964 2355 2155 2410 stude-

557 2447 710 2512 bunt,
757 2447 1015 2518 quoniam
1051 2446 1253 2516 justum
1297 2445 1415 2501 fore
1461 2445 1824 2510 decernimus,
1885 2459 1981 2499 eos
2032 2451 2157 2514 post

559 2535 724 2609 longa
769 2534 1034 2606 obsequia
1077 2543 1131 2590 et
1179 2534 1430 2589 diuturna
1469 2533 1706 2602 servitia,
1737 2549 1857 2605 quae
1887 2533 1941 2586 in
1973 2540 2155 2586 sancta

554 2624 864 2680 Ravennate
907 2622 1155 2678 Ecclesia
1201 2629 1554 2695 peregerunt,
1605 2637 1713 2676 non
1769 2621 1944 2676 solum
1991 2620 2156 2692 digna

555 2712 992 2766 remuneratione
1021 2727 1130 2766 non
1159 2710 1382 2781 privari,
1416 2709 1510 2764 sed
1542 2709 1722 2780 potius
1752 2707 2028 2780 acquisitis
2059 2707 2158 2763 be-

554 2798 763 2854 neficiis
815 2799 1064 2854 alacriter
1107 2798 1407 2870 gratulari;
1461 2805 1514 2852 et
1558 2796 1612 2851 in
1655 2798 1760 2852 hoc
1805 2797 1879 2852 ita
1928 2803 2156 2868 peragat

554 2886 864 2942 fraternitas
918 2894 1012 2942 tua
1054 2893 1111 2940 ut
1157 2901 1279 2958 quae
1308 2901 1342 2940 a
1369 2883 1528 2939 nobis
1584 2900 1686 2954 pro
1729 2883 1992 2940 Ecclesiae
2048 2892 2156 2939 tuae

552 2975 778 3031 utilitate
832 2974 1075 3045 petieris,
1123 2974 1344 3046 assequi
1390 2971 1718 3028 omnimodis
1753 2972 1953 3028 valeas.
2014 2973 2154 3026 Data

555 3063 745 3135 quinto
801 3063 1073 3118 Kalendas
1147 3061 1504 3133 Septembris,

554 3151 758 3224 quinta.

1200 3273 1498 3330 CCCLXII.

960 3377 1034 3417 AD
1073 3377 1294 3417 οιειιυκ
1329 3375 1730 3416 RAVENNATPM.

1167 3450 1350 3522 (Anno
1380 3447 1530 3519 882.)

555 3559 622 3617 Ut
651 3558 1040 3614 Maimbertum
1069 3557 1386 3629 quemdam,
1433 3571 1598 3627 quem
1625 3555 1771 3610 alias
1800 3555 2149 3629 angeetesia

621 3631 946 3684 Ravennate
1010 3627 1224 3700 expelli
1284 3629 1579 3700 jusserat,
1643 3627 2144 3700 comprehensum,

622 3700 802 3769 legato
829 3715 928 3754 suo
955 3703 1010 3754 et
1039 3697 1248 3754 Joanm'
1275 3697 1408 3753 duci
1451 3697 1704 3763 tradant,
1738 3701 1794 3753 et
1825 3698 1896 3753 ad
1926 3713 1984 3753 se
2013 3700 2148 3753 mit-

578 3818 584 3824 .
623 3769 860 3825 tendum
888 3772 1110 3824 curent.

617 3865 886 3922 Omnibus
915 3864 1318 3922 venerabilibus
1347 3864 1744 3928 sacerdotibus,
1780 3880 1876 3920 seu
1919 3863 2145 3920 subdia-

544 3956 794 4025 conibus,
827 3963 881 4011 et
928 3954 1180 4011 universo
1227 3953 1376 4010 clero
1418 3961 1622 4010 sanctae
1671 3953 2004 4009 Ravennatis
2035 3953 2145 4010 Ec-

543 4045 746 4104 clesiae.

612 4134 811 4191 Audita
850 4149 996 4206 saepe
1011 4131 1299 4190 aﬂlictione
1315 4139 1478 4206 atque
1505 4131 1721 4187 miseria
1752 4139 1951 4198 vestra,
1985 4147 2145 4203 quam

540 4242 643 4297 per
671 4223 1046 4278 Maimbertum
1089 4222 1487 4277 Bononiensem
1517 4221 1778 4276 clericum
1806 4219 2146 4276 incessanter

539 4313 810 4386 patimini,
837 4313 949 4382 jam
993 4311 1208 4384 pridem
1238 4319 1484 4366 nostram
1511 4309 1869 4380 apostolicam
1895 4308 2144 4362 misimus

2188 1683 2240 1742 B

1591 3059 1884 3116 indictione
1941 3060 2151 3116 decima
2173 3035 2222 3098 Ο

2260 419 2393 476 dere
2432 421 2732 487 studeatis;
2767 429 2820 476 et
2865 421 2989 478 huic
3030 422 3198 478 misso
3247 430 3430 478 nostro
3459 438 3555 478 seu
3583 430 3638 478 et
3666 423 3865 478 Joanni

2261 508 2384 563 duci
2439 507 2584 563 ﬁdeli
2628 517 2816 564 nostro
2861 511 2930 565 ad
2977 511 3306 583 exigendum
3336 511 3404 566 ab
3435 525 3520 576 eo,
3557 511 3864 566 secundum

2259 604 2502 651 nostram
2520 597 2840 666 iussionem,
2865 599 3022 652 nobis
3043 599 3112 653 ad
3133 598 3514 654 deducendum
3534 599 3857 669 contradite,

2261 685 2398 740 sicut
2428 685 2655 758 gratiam
2677 686 2776 742 Dei
2796 687 3182 758 omnipotentis
3202 695 3626 759 sanctorumque
3645 696 3865 759 aposto-

2261 773 2437 828 lorum
2467 780 2520 828 et
2549 781 2793 829 nostram
2840 774 3000 830 vultis
3042 775 3266 831 habere.
3311 776 3451 830 Nam
3481 775 3528 830 si
3559 775 3684 847 quis
3731 792 3862 831 ves-

2261 869 2405 915 trum
2422 861 2476 915 in
2494 863 2596 918 hoc
2613 878 2673 917 se
2689 878 2907 934 quoquo
2925 863 3089 918 modo
3106 863 3428 918 subtrahens
3447 879 3549 935 pro
3570 863 3863 932 cujuslibet

2261 949 2339 1004 rei
2367 949 2544 1022 gratia
2566 950 2708 1006 hanc
2745 959 2989 1006 nostram
3009 951 3312 1021 jussionem
3343 967 3444 1022 pro
3472 960 3612 1006 statu
3643 961 3695 1006 et
3723 967 3862 1022 pace

2265 1047 2468 1094 sanctae
2513 1039 2841 1094 Ravennatis
2891 1039 3150 1095 Ecclesiae
3187 1039 3453 1096 directam
3482 1048 3768 1113 gratanter
3792 1041 3864 1096 ad

2261 1125 2511 1182 effectum
2541 1127 2841 1198 perducere
2869 1128 3277 1199 contempserit,
3312 1136 3365 1183 et
3393 1145 3458 1184 ex
3490 1129 3590 1184 Dei
3620 1128 3863 1200 omnipo-

2263 1215 2442 1280 tentis,
2469 1223 2888 1288 sanctorumque
2909 1216 3271 1288 apostolorum
3294 1216 3437 1272 Petri
3453 1223 3508 1272 et
3527 1217 3700 1283 Pauli,
3717 1225 3772 1273 et
3792 1233 3857 1274 ex

2260 1311 2446 1358 nostra
2473 1303 2770 1375 apostolica
2818 1305 3140 1360 auctoritate
3168 1321 3199 1359 a
3228 1304 3353 1360 vino
3381 1313 3434 1359 et
3463 1313 3639 1374 cocto,
3691 1305 3856 1360 etiam

2261 1400 2312 1446 et
2343 1408 2377 1447 a
2403 1392 2628 1463 proprio
2670 1392 2970 1448 ministerio
3013 1409 3313 1464 suspensus
3339 1401 3554 1448 maneat
3583 1410 3759 1464 usque
3786 1393 3857 1449 ad

2261 1489 2500 1536 nostram
2534 1481 2900 1552 praesentiam.
2935 1482 3070 1537 Data
3101 1497 3136 1535 v
3168 1482 3288 1538 Kal.
3321 1481 3675 1554 Septembris,
3707 1483 3854 1537 indi-

2261 1570 2438 1626 ctione
2467 1584 2567 1624 xv.

2889 1672 3191 1728 CCCLXIII
3211 1713 3226 1726 .

2616 1774 2689 1814 AD
2725 1775 2987 1816 JOANNEM
3023 1776 3335 1829 MARTINUI,
3375 1775 3496 1816 ETC.

2873 1849 3054 1920 (Anno
3093 1852 3242 1920 882.)

2730 1938 2994 2010 Ejusdem
3033 1940 3376 2010 argumenti.

2327 2025 2582 2082 Joaxmas
2663 2026 2974 2098 episcopus,
3059 2043 3252 2082 servus
3361 2042 3641 2082 servorum
3726 2028 3850 2094 Dei,

2256 2115 2535 2182 MARTINO,
2567 2115 2793 2183 JOANNI,
2820 2131 2915 2170 seu
2937 2116 3253 2182 DEMETRIO,
3277 2123 3436 2188 atque
3465 2116 3707 2171 ΒοωΝο
3736 2115 3854 2190 glo-

2257 2202 2418 2258 riosis
2447 2203 2694 2269 ducibus,
2727 2218 2940 2260 necnon
2971 2212 3024 2258 et
3049 2203 3171 2258 aliis
3198 2203 3449 2259 fidelibus
3482 2203 3702 2259 nostris.

2329 2290 2584 2346 Omnium
2613 2300 2854 2348 vestrum
2885 2299 3074 2346 noscat
3103 2289 3336 2346 ﬁdelitas
3382 2291 3510 2364 quia
3547 2293 3850 2362 saepissime

2256 2381 2558 2436 Romanum
2589 2380 3059 2452 archiepiscopum
3089 2387 3198 2434 tam
3229 2396 3328 2450 per
3365 2381 3700 2436 venerabiles
3729 2381 3850 2452 epi-

2257 2483 2454 2539 scopos
2502 2485 2771 2540 quamque
2827 2467 2990 2523 etiam
3041 2468 3242 2522 nostris
3295 2468 3602 2539 apostolicis
3657 2469 3852 2524 litteris

2255 2557 2653 2618 admonuimus.
2685 2565 2739 2610 ut
2769 2555 3145 2610 Maimbertum
3174 2557 3566 2612 Bononiensem
3595 2556 3850 2612 clericum

2250 2645 2285 2699 'a
2314 2661 2410 2699 sua
2460 2644 2990 2715 superstitiosissima
3027 2643 3382 2700 familiaritate
3426 2654 3754 2716 separasset,
3795 2653 3849 2700 et

2255 2734 2326 2788 ad
2353 2733 2633 2804 propriam
2677 2733 3004 2798 Ecclesiam,
3040 2741 3097 2787 ut
3127 2733 3446 2788 canonicum
3477 2741 3576 2801 est,
3615 2733 3850 2789 remisis-

2255 2829 2356 2887 set,
2381 2829 2434 2876 et
2465 2821 2580 2892 ipse
2610 2820 2962 2876 Maimbertus
2979 2821 3270 2887 multoties,
3287 2829 3343 2876 ut
3364 2821 3665 2886 recederet,
3695 2837 3728 2876 a
3755 2837 3849 2877 no-

2254 2909 2339 2964 bis
2385 2917 2466 2964 est
2495 2917 2853 2979 protestatus:
2875 2909 2972 2964 sed
3015 2908 3236 2964 minime
3266 2909 3618 2980 acquiescere
3647 2919 3848 2965 nostra

2255 2997 2538 3053 voluerunt
2568 2997 2880 3068 apostolicae
2919 2998 3171 3067 jussioni.
3227 2997 3438 3054 Idcirco
3467 2997 3846 3068 praecipientes

2255 3085 2618 3156 praecipimus,
2641 3093 2694 3140 et
2717 3087 2970 3154 jubentes
3000 3101 3258 3156 expresse
3280 3085 3556 3154 jubemus.
3584 3094 3640 3140 ut
3659 3086 3847 3141 unani-

2249 3191 2368 3230 mes
2393 3175 2568 3243 juncti
2599 3174 2758 3228 simul
2805 3190 2928 3230 cum
2959 3173 3061 3228 isto
3090 3174 3234 3230 tideli
3264 3175 3432 3230 misso
3463 3182 3668 3240 nostro,
3699 3175 3846 3230 omni

2249 3262 2540 3318 occasione
2571 3263 2876 3334 postposita
2906 3269 2960 3318 et
2988 3262 3244 3318 dilatione
3271 3270 3498 3328 remota,
3532 3263 3846 3333 praedictum

2249 3351 2626 3406 Maimbertum
2685 3351 3178 3422 comprehendatis,
3243 3358 3296 3405 et
3365 3351 3418 3405 vi
3472 3359 3719 3406 coactum
3773 3351 3842 3406 ab

2249 3439 2661 3510 archiepiscopo
2693 3439 2977 3510 separetis,
3003 3446 3056 3494 et
3076 3437 3200 3495 huic
3219 3447 3405 3494 nostro
3425 3440 3594 3494 misso
3614 3438 3773 3494 simul
3791 3448 3846 3495 et

2246 3527 2440 3582 Joanni
2475 3527 2600 3582 duci
2639 3526 2708 3581 ad
2737 3527 3065 3598 exigendum
3105 3527 3403 3582 secundum
3434 3535 3672 3582 nostram
3704 3543 3840 3600 apo-

2249 3615 2495 3671 stolicam
2525 3615 2902 3670 auctoritatem
2932 3615 3266 3671 validissime
3296 3615 3649 3672 contradatis.
3682 3615 3842 3685 Quod

2249 3704 2294 3758 si
2323 3704 2377 3758 in
2407 3705 2512 3760 hoc
2541 3704 2887 3776 negligentes
2917 3721 3034 3770 vos,
3059 3720 3288 3777 quorum
3305 3704 3525 3760 nomina
3543 3706 3840 3775 suprascri-

2247 3800 2338 3864 pta
2383 3800 2524 3858 sunt,
2577 3792 2809 3858 fueritis,
2862 3801 2916 3848 et
2961 3792 3078 3863 ipse
3120 3793 3504 3865 quoquomodo
3533 3791 3782 3864 effugerit
3809 3808 3841 3848 a

2247 3880 2423 3948 vobis,
2465 3880 2655 3936 scitote
2702 3896 2801 3951 per
2845 3897 3286 3953 unumquemque
3335 3889 3575 3936 vestrum
3625 3890 3835 3938 centum

2247 3984 2440 4025 aureos
2471 3969 2672 4024 dabitis
2701 3977 2905 4025 nostrae
2932 3969 3091 4041 parti.
3126 3971 3352 4040 Insuper
3379 3985 3444 4024 ex
3476 3970 3576 4025 Dei
3604 3970 3835 4042 omnipo-

2246 4057 2409 4113 tentis
2457 4066 2882 4131 sanctorumque
2923 4058 3292 4129 apostolorum
3338 4059 3487 4114 Petri
3509 4067 3561 4114 et
3590 4059 3757 4126 Pauli,
3788 4067 3836 4114 et

2245 4155 2434 4202 nostra
2461 4147 2756 4219 apostolica
2785 4147 3105 4203 auctoritate
3125 4147 3298 4202 avino
3327 4155 3380 4203 et
3407 4155 3564 4204 cocto
3591 4147 3838 4218 suspensi

2243 4245 2456 4291 manete
2488 4253 2660 4308 usque
2691 4236 2760 4291 ad
2790 4245 3029 4292 nostram
3053 4236 3399 4308 praesentiam
3436 4255 3450 4291 :
3480 4237 3660 4292 caeteri
3682 4252 3829 4301 vero,

2249 4325 2296 4379 si
2325 4325 2430 4381 hoc
2459 4325 2602 4397 quod
2640 4325 2894 4394 jubemus
2924 4326 3143 4397 assequi
3174 4325 3463 4391 noluerint,
3497 4334 3589 4382 aut
3625 4327 3832 4381 subtra-

539 4402 697 4458 vobis
740 4400 1112 4456 auctoritatem
1143 4415 1244 4470 per
1272 4399 1534 4453 Joannem
1577 4398 1864 4487 diaconum
1893 4404 1946 4452 et
1974 4397 2140 4452 char-
2161 4387 2214 4447 D
2246 4414 2424 4469 bendo
2446 4387 2664 4486 φθεὶυό
2693 4415 2856 4470 modo
2873 4431 2933 4470 se
2953 4387 3218 4471 huc'muc
3237 4387 3574 4482 diverte'ﬁm,
3597 4423 3649 4470 et
3667 4430 3832 4487 usque

540 4489 816 4555 tularium,
849 4487 1230 4559 praecipientes
1251 4494 1306 4540 ut
1336 4501 1526 4540 omnes
1555 4501 1662 4540 uno
1691 4485 1872 4540 animo
1901 4495 2148 4541 constan-

539 4580 686 4651 tique
733 4576 1022 4633 devotione
1057 4574 1402 4645 praedictum
1465 4572 1864 4640 Maimbertum,
1914 4573 2145 4629 manife-

538 4667 837 4723 stissimum
865 4663 1196 4719 zizaniorum
1225 4661 1630 4728 seminatorem,
1665 4662 1734 4716 ab
1765 4661 2144 4734 archiepisco-

538 4772 609 4826 po
641 4763 694 4811 et
723 4771 757 4810 a
785 4761 966 4810 vestra
994 4758 1184 4808 sancta
1211 4749 1481 4816 Ecclesia,
1515 4757 1773 4822 tanquam
1804 4766 1962 4806 ovem
1992 4767 2144 4806 mor-

541 4843 743 4909 bidam,
793 4839 1177 4913 expelleretis;
1209 4838 1308 4895 sed
1355 4838 1620 4894 miramur
1646 4855 1832 4911 quare
1884 4839 2146 4895 hactenus

538 4947 571 4987 a
602 4933 757 4987 vobis
784 4932 888 4986 hoc
903 4927 1335 5002 praetermissum
1367 4929 1431 4984 sit
1455 4947 1468 4995 ;
1504 4929 1650 4984 unde
1680 4944 1825 4984 nunc
1844 4936 2026 4984 vestra
2053 4928 2147 4985 ite-

544 5035 668 5075 rum
713 5019 972 5090 petitione
1041 5017 1190 5085 moti,
1251 5024 1306 5073 et
1359 5016 1545 5073 divino
1615 5031 1800 5073 amore
1873 5017 2140 5088 succensi,

543 5123 642 5180 per
685 5109 827 5164 hanc
873 5114 1112 5162 nostram
1158 5105 1516 5178 apostolicam
1565 5101 1942 5162 auctoritatem
1987 5105 2146 5163 vobis

540 5196 792 5254 omnibus
821 5195 1167 5268 praecipimus
1195 5203 1270 5266 ut,
1302 5194 1506 5251 reiecta
1535 5193 1704 5266 priori
1730 5194 1977 5266 epistola,
2009 5204 2145 5251 una-

537 5285 754 5342 nimiter
775 5285 949 5355 juncti
978 5292 1031 5340 et
1058 5300 1183 5341 cum
1217 5283 1476 5357 praesenti
1502 5284 1670 5340 misso
1699 5292 1887 5340 nostro
1916 5283 2147 5340 ﬁdeliter

541 5373 874 5448 conglobati,
909 5373 1161 5430 eumdem
1194 5373 1572 5430 Maimbertum
1610 5373 2016 5429 adversatorem
2043 5387 2144 5430 ve-

542 5473 732 5531 strum,
765 5463 811 5522 si
841 5471 1034 5538 sponte
1081 5462 1269 5520 venire
1300 5463 1371 5524 ad
1399 5477 1502 5520 nos
1531 5462 1938 5536 contempserit,
1971 5461 2060 5518 vel
2089 5459 2144 5517 in

2244 4503 2313 4558 ad
2339 4501 2590 4558 eﬂ‘ectum
2613 4503 2689 4558 rei
2708 4519 2818 4562 non
2833 4503 3320 4574 perseveraverint,
3343 4504 3612 4574 superiori
3627 4518 3831 4560 excom-

2245 4591 2597 4647 municationi
2617 4591 2951 4661 subjaceant.
2975 4593 3107 4647 Data
3127 4607 3163 4646 v
3185 4591 3461 4648 Kalendas
3481 4591 3824 4664 Septembris,

2245 4680 2540 4737 indictione
2563 4695 2660 4736 xv.
2960 4732 2967 4743 ,

2875 4767 3170 4824 CCCLXIV
3189 4810 3202 4823 .

2732 4871 2804 4911 AD
2841 4871 3102 4912 JOANNEM
3140 4872 3344 4913 DUCBI.

2858 4946 3038 5018 (Anno
3076 4949 3225 5017 882.)

2250 5037 2317 5094 Ut
2365 5035 2754 5092 Maimbertu-m
2795 5039 3026 5107 captum
3069 5035 3141 5090 ad
3169 5051 3227 5092 se
3257 5035 3448 5102 ducat,
3482 5040 3539 5092 et
3566 5035 3821 5092 mulieres

2315 5123 2438 5179 qua:
2497 5107 2650 5179 apud
2704 5109 2890 5178 ipsum
2946 5110 3120 5179 sunt
3149 5107 3420 5179 detineat,
3480 5111 3536 5162 et
3589 5109 3822 5164 Romano

2315 5177 2735 5250 archiepisCOpo’
2759 5178 3055 5248 epistolam
3085 5177 3452 5248 deferendam
3481 5181 3659 5233 curet.

2312 5291 2520 5344 JOANNI
2547 5289 2670 5345 duci
2699 5288 2962 5346 delicioso
2991 5288 3137 5345 ﬁdeli
3165 5306 3262 5345 seu
3291 5297 3343 5345 et
3373 5289 3540 5345 misso
3569 5297 3770 5344 nostro.

2315 5377 2630 5434 Gratulatos
2657 5394 2758 5434 nos
2787 5393 2896 5434 non
2925 5377 3138 5434 modice
3167 5379 3364 5434 credas
3392 5393 3458 5434 eo
3487 5377 3634 5450 quod
3661 5375 3823 5433 ﬁdeli-

2206 5498 2214 5506 -
2244 5474 2324 5528 tas
2353 5475 2446 5524 tua
2469 5482 2605 5542 erga
2652 5476 2888 5525 sanctam
2931 5469 3228 5526 Romanam
3257 5466 3564 5524 Ecclesiam
3591 5474 3824 5523 nostrum
