4086 6308
303 252 404 304 957

304 460 563 534 vigilare;
597 467 649 516 et
677 460 800 516 ideo
833 476 932 530 per
961 461 1060 515 hos
1090 467 1308 515 nostros
1345 457 1671 530 apostolicos
1715 456 1900 526 apices

304 557 410 604 tuae
438 547 684 603 ﬁdelitati
711 549 964 616 jubemus
994 557 1051 602 ut
1081 549 1148 602 de
1178 548 1500 602 Maimberto
1531 545 1708 600 modis
1735 543 1903 599 omni-

304 638 404 691 bus
433 637 568 691 sicut
599 635 814 703 misisti,
851 636 1051 706 pariter
1081 651 1202 691 cum
1238 637 1340 690 isto
1386 635 1554 688 misso
1585 641 1770 688 nostro
1801 648 1899 686 ex-

303 725 456 797 plere
487 725 755 790 decertes,
791 733 849 778 ut
879 725 1027 780 nullo
1075 725 1238 779 modo
1287 724 1527 796 effugere
1566 721 1755 793 possit,
1803 721 1901 775 sed

305 821 612 884 separatum
643 814 712 868 ab
744 813 1154 883 archiepisc0po
1192 813 1244 867 vi
1292 820 1560 876 coactum,
1615 817 1900 880 postquam

303 903 368 956 ab
399 917 464 956 eo
495 901 677 957 omnia
707 916 804 955 sua
835 909 1146 957 constanter
1174 900 1484 972 exegeritis,
1533 901 1602 953 ad
1653 906 1898 952 nostram

303 991 650 1062 presentiam
682 991 988 1046 districtum
1018 991 1288 1046 deducere
1321 990 1587 1044 studetote
1621 1004 1632 1042 :
1666 987 1827 1041 etiam
1849 994 1901 1040 et

303 1078 426 1133 illas
456 1078 733 1147 mulieres,
769 1094 905 1150 quas
935 1094 1079 1133 nunc
1110 1077 1164 1132 in
1196 1093 1292 1132 sua
1325 1077 1608 1131 mansione
1643 1075 1899 1131 collectas

304 1166 524 1232 detinet,
557 1166 611 1220 in
640 1174 826 1221 nostro
873 1165 1110 1220 rectorio
1159 1165 1388 1220 retinere
1429 1165 1682 1233 jubemus
1729 1179 1899 1233 usque

303 1255 369 1308 ad
398 1263 640 1310 nostram
671 1254 937 1309 notitiam.
973 1254 1269 1324 Epistolam
1299 1269 1431 1308 vero
1460 1269 1621 1324 quam
1652 1253 1898 1306 Romano

303 1343 712 1413 archiepiscopo
743 1343 1024 1408 mittimus,
1060 1351 1118 1396 ut
1148 1359 1237 1397 res
1267 1350 1356 1396 aut
1399 1341 1733 1396 monasteria
1780 1354 1899 1410 qute

304 1431 370 1484 ab
401 1431 523 1497 isto,
564 1431 772 1485 Joanne
816 1431 1046 1486 diacono
1089 1430 1248 1484 fidele
1295 1430 1674 1486 commendato
1711 1436 1898 1482 nostro

303 1534 522 1590 quoquo
551 1519 713 1573 modo
743 1518 1050 1588 occupavit,
1085 1518 1384 1586 restituere,
1417 1525 1470 1572 et
1494 1517 1750 1571 investire
1773 1531 1897 1570 eum

301 1606 355 1660 in
387 1606 638 1661 omnibus
666 1607 898 1670 studeat,
935 1615 985 1661 et
1017 1623 1136 1677 quae
1167 1607 1236 1660 de
1265 1607 1426 1661 rebus
1457 1607 1571 1674 ejus
1603 1605 1684 1659 sui
1717 1603 1898 1658 famuli

303 1695 659 1764 abstulerunt,
693 1695 923 1749 reddere
952 1695 1077 1750 huic
1108 1711 1208 1765 per
1236 1695 1419 1749 omnia
1449 1693 1625 1759 faciat,
1672 1693 1774 1764 ipsi
1802 1709 1894 1746 ar-
1915 1716 1968 1775 B

305 1783 652 1853 chiepiscopo
682 1784 983 1853 deportate,
1019 1791 1070 1837 et
1099 1799 1287 1838 coram
1317 1782 1689 1838 sacerdotibus
1719 1789 1772 1837 et
1810 1781 1896 1849 ju-

303 1870 515 1926 dicibus
543 1871 718 1941 ipsam
748 1871 934 1944 legere
966 1871 1160 1937 facile;
1195 1872 1443 1926 similiter
1491 1879 1669 1926 autem
1700 1877 1752 1925 et
1779 1885 1901 1925 mo-

305 1959 603 2014 nasterium
636 1961 808 2015 sancti
839 1960 1052 2013 Martini
1079 1961 1378 2015 secundum
1406 1967 1644 2014 nostram
1688 1959 1900 2025 iussio-

303 2063 448 2112 nem,
481 2047 674 2102 Joanni
703 2047 934 2102 diacono
965 2056 1016 2102 et
1046 2048 1373 2102 chartulario
1403 2063 1504 2118 pro
1544 2055 1728 2102 nostro
1777 2048 1900 2102 red-

307 2135 399 2190 dat
429 2151 631 2190 amore.
664 2137 801 2190 Nam
833 2144 885 2191 et
914 2137 1252 2192 mansionem
1273 2153 1437 2208 quam
1460 2136 1809 2190 Maimbertus
1831 2136 1900 2190 ab

303 2224 425 2294 ipso
455 2223 684 2279 diacono
715 2239 868 2278 suam
900 2241 996 2294 per
1024 2224 1440 2279 fraudulentiam
1467 2224 1703 2289 abstulit,
1738 2223 1900 2278 simili

304 2312 466 2366 modo
493 2328 616 2366 eum
645 2327 768 2367 cum
799 2313 958 2367 Petro
988 2321 1186 2383 nepote
1217 2329 1315 2368 suo
1359 2313 1620 2368 investire
1663 2313 1895 2368 studete.

301 2401 438 2454 Data
465 2404 531 2456 ut
556 2417 744 2472 supra,
779 2400 1073 2456 indictione
1101 2416 1199 2456 xv.

951 2558 1244 2614 CCCLXV.

695 2680 767 2719 AD
799 2679 1054 2719 CAROLUM
1089 2679 1504 2719 IMPERATOREM.

919 2764 1100 2833 (Anno
1139 2763 1288 2831 882.)

305 2877 642 2933 Gratulatur
686 2877 752 2931 de
773 2880 893 2948 ejus
915 2878 1347 2944 incolumitate;
1366 2877 1574 2948 gaudet
1595 2877 1784 2948 ipsum
1809 2876 1927 2931 ad-'

379 2952 680 3003 venturum
702 2963 818 3002 esse
839 2950 1038 3002 statim
1054 2949 1115 3001 in
1132 2949 1356 3002 Italiam
1379 2967 1397 3002 :
1419 2949 1682 3002 hortatur
1699 2952 1761 3002 ut
1778 2965 1898 3001 ma-

382 3023 508 3073 ture
536 3021 798 3074 Romana:
831 3020 1094 3073 Ecclesiae
1115 3020 1335 3073 auxilio
1372 3020 1580 3085 veniat,
1605 3023 1660 3072 et
1691 3019 1896 3083 Gnido-

375 3106 508 3144 nem
526 3089 901 3160 praedatorem
933 3091 999 3144 ab
1027 3090 1290 3144 Ecclesia:
1304 3089 1511 3157 ﬁnibus
1534 3090 1890 3159 cjicijubeat.

379 3196 599 3249 Canono
628 3193 960 3263 imperatori.

378 3283 781 3354 Cognoscentes
811 3283 878 3336 de
909 3289 1090 3336 vestra
1110 3281 1496 3345 incolumitate,
1521 3282 1666 3352 quod
1697 3283 1898 3352 oppido

304 3371 638 3436 videbamus,
679 3372 792 3423 Deo
823 3371 1024 3442 gratias
1055 3371 1285 3442 egimus,
1321 3379 1372 3424 et
1401 3378 1458 3424 ut
1489 3370 1667 3442 magis
1696 3386 1760 3424 ac
1791 3387 1903 3423 ma-

261 3519 264 3522 ,
304 3459 392 3532 gis
421 3457 864 3528 prosperitatibus
896 3466 947 3512 et
977 3458 1274 3512 innumeris
1305 3459 1522 3530 gaudiis
1577 3458 1893 3526 fulciamini,

307 3547 642 3614 majestatem
697 3546 937 3600 divinam
996 3546 1328 3615 supplicibus
1387 3550 1526 3600 votis
1585 3546 1897 3600 omnimodo

305 3635 688 3707 flagitavimus,
749 3635 983 3688 scientes
1040 3642 1092 3687 et
1148 3634 1330 3687 multis
1377 3634 1760 3704 experimentis
1808 3634 1896 3686 di-

307 3730 519 3778 scentes
552 3723 696 3793 quod
728 3737 824 3776 vos
851 3721 1043 3776 eadem
1074 3721 1255 3785 vultis,
1290 3721 1482 3775 eadem
1513 3722 1712 3792 quippe
1747 3722 1897 3775 desi-

223 3831 246 3846 ο
304 3810 506 3866 deratis
541 3829 552 3864 :
590 3809 843 3881 quoniam
876 3810 920 3864 si
951 3817 1135 3864 nostra
1167 3809 1512 3864 mediocritas
1560 3810 1810 3882 viguerit,
1847 3817 1899 3864 et

302 3899 532 3954 valuerit
561 3899 672 3964 illa,
705 3914 802 3954 vos
836 3898 1065 3954 facturos
1115 3899 1437 3964 hortabitur,
1489 3898 1632 3953 unde
1675 3907 1727 3953 et
1769 3915 1900 3952 san-

303 3995 405 4041 cta
436 3988 693 4042 Romanae
725 3987 986 4042 Ecclesize
1017 3987 1200 4041 matris
1236 3995 1432 4042 vestrae
1479 3986 1722 4042 defensio
1756 4003 1898 4059 aug-

303 4075 652 4139 mentabitur,
686 4084 738 4129 et
767 4075 921 4130 vobis
952 4075 1168 4146 copiosa
1199 4091 1412 4130 merces
1435 4076 1487 4129 iu
1515 4076 1654 4130 cmlo
1684 4076 1738 4129 in
1769 4093 1900 4146 per-

308 4172 530 4235 petuum
562 4172 874 4234 reponetur.
912 4163 1071 4232 Quod
1101 4173 1279 4218 autem
1310 4163 1504 4228 dicitis,
1555 4171 1629 4230 ut,
1672 4172 1900 4234 postpo-

307 4252 425 4306 sitis
453 4252 665 4306 caeteris
696 4251 859 4319 curis,
894 4252 998 4306 iter
1027 4261 1268 4306 vestrum
1301 4252 1354 4306 in
1384 4251 1588 4306 Italiam
1626 4259 1775 4306 recto
1807 4251 1898 4304 iti-

307 4357 440 4394 nere
470 4340 777 4394 ordinatum
807 4340 1074 4404 habeatis,
1111 4349 1264 4412 grato
1305 4340 1486 4394 animo
1536 4339 1894 4409 suscepimus,

1540 243 1895 302 EPISTOLzE
1949 242 2038 297 ET
2090 245 2435 302 DECRETA.

304 389 408 444 que
457 371 812 442 apostolatum
858 379 1169 427 constanter
1219 372 1520 441 reperimus
1579 367 1894 442 [reperitur]
1925 367 1980 426 A

3490 249 3593 300 958

2638 372 2955 426 CCCLXVI.

2375 474 2448 512 AD
2477 474 2851 514 ιιυτννΑιιουὶι
2884 475 3211 514 EPISCOPUM.

2619 549 2798 618 (Anno
2831 547 2978 617 882.)

2002 633 2227 707 Gratias
2243 636 2374 707 agit
2400 636 2542 706 quod
2570 635 2790 690 dederit
2817 652 3043 707 cperam
3083 639 3148 690 ut
3191 637 3496 707 imperator
3526 634 3590 688 in

2143 706 2371 760 Italiam
2403 705 2474 760 ad
2504 708 2767 761 Ecclesia:
2793 705 3176 776 defensionem
3210 705 3446 760 veniret.

2071 792 2413 846 LIUTWARDO
2443 793 2723 864 episcOpo.

2071 879 2257 934 Studio
2287 888 2376 935 tuo
2405 881 2577 952 (quod
2609 897 2730 936 cum
2763 881 2994 951 spiritali
3042 879 3148 936 ﬁlia
3193 889 3382 935 nostra
3416 880 3594 951 impe-

2000 967 2228 1032 ratrice,
2277 969 2414 1023 sicut
2461 969 2686 1034 asseris,
2747 977 2802 1022 ut
2863 969 3096 1023 domnus
3144 969 3442 1038 imperator
3492 983 3594 1038 pro

1999 1055 2316 1110 defensione
2361 1066 2560 1112 sanctae
2607 1058 2866 1112 Romanae
2909 1056 3171 1113 Ecclesiae
3212 1057 3596 1127 ingrederetur

1999 1143 2228 1210 Italiam,
2261 1145 2516 1214 habuisti)
2548 1146 2747 1217 gratias
2779 1146 3011 1216 agimus,
3063 1153 3116 1200 et
3163 1153 3220 1199 ut
3267 1145 3412 1216 quod
3444 1145 3596 1200 deest

1999 1239 2122 1300 stet,
2155 1232 2300 1302 quod
2339 1241 2389 1287 te
2435 1232 2656 1288 minime
2703 1233 2852 1299 latet,
2902 1241 2989 1287 tua
3035 1232 3286 1287 instantia
3329 1231 3590 1303 perficiat,

1997 1319 2224 1372 multum
2254 1321 2535 1375 hortamur
2568 1339 2580 1374 :
2615 1321 2736 1392 quia
2765 1329 2973 1375 tantum
3020 1321 3178 1376 nobis
3220 1337 3445 1376 necesse
3488 1328 3590 1385 est,

1998 1417 2254 1478 quantum
2281 1409 2480 1464 docere
2509 1426 2618 1464 non
2648 1411 2919 1464 valemus.
2977 1410 3131 1465 Unde
3167 1410 3242 1463 ita.
3273 1424 3378 1480 age
3408 1418 3464 1463 ut
3495 1409 3592 1463 tibi

1996 1491 2171 1562 magis
2197 1507 2260 1546 ac
2289 1493 2466 1564 magis
2493 1493 2699 1564 gratias
2720 1492 3020 1547 referamus
3041 1500 3093 1546 et
3119 1493 3174 1546 in
3196 1492 3592 1562 temporalibus

1996 1581 2296 1634 commodis
2325 1581 2752 1636 vicissitudinem
2782 1581 3013 1636 reddere
3044 1581 3353 1636 invitemur.

2627 1697 2969 1753 CCCLXVII.

2478 1802 2551 1840 AD
2581 1802 2767 1841 OMNES
2795 1801 3110 1841 EPISCOI’OS.

2549 1875 2730 1946 (Anno
2761 1874 3051 1945 879-882.)

2001 1965 2184 2019 Monet
2199 1967 2263 2018 ut
2281 1980 2385 2018 sua
2402 1964 2674 2018 instituta
2707 1966 3015 2033 observent,
3031 1967 3294 2036 justeque
3308 1964 3591 2036 judicent.

2067 2071 2301 2122 Allocutio
2326 2072 2570 2135 pontificis
2595 2076 2645 2123 et
2669 2073 2946 2124 exhortatio
2971 2075 3034 2125 ad
3060 2086 3231 2124 omnes
3253 2072 3524 2136 episcopos.

2070 2155 2233 2219 Ecce,
2265 2154 2595 2210 sanctissimi
2625 2156 2956 2223 sacerdotes,
3007 2155 3306 2226 praemissis
3337 2153 3591 2225 precibus

2000 2242 2388 2297 fraternitatem
2421 2251 2658 2296 vestram
2687 2259 2810 2298 cum
2839 2244 2929 2314 pia
2967 2244 3342 2299 exhortatione
3387 2258 3595 2298 conve-

1999 2330 2110 2395 nio,
2147 2338 2200 2384 et
2227 2347 2328 2400 per
2355 2331 2595 2385 divinum
2626 2347 2824 2386 nomen
2872 2333 3136 2397 obtestor,
3187 2340 3245 2386 ut
3291 2347 3353 2385 ea
3403 2347 3525 2402 quae
3567 2347 3598 2384 a

1999 2418 2155 2472 nobis
2187 2419 2255 2472 de
2290 2420 2404 2473 Deo
2435 2428 2484 2473 et
2515 2419 2582 2474 de
2614 2420 2782 2473 sacris
2812 2420 3094 2474 ordinibus
3112 2420 3197 2474 vel
3215 2419 3414 2474 sanctis
3434 2418 3598 2472 mori-

1999 2506 2100 2560 bus
2129 2506 2320 2560 fuerint
2351 2507 2512 2574 dicta,
2561 2523 2685 2562 cum
2727 2505 2874 2562 omni
2918 2509 3118 2578 pietate
3164 2507 3493 2579 suscipiatis,
3545 2515 3598 2561 et

1999 2609 2122 2650 cum
2154 2611 2364 2649 summa
2394 2597 2698 2650 reverentia
2726 2595 2988 2666 perficere
3018 2596 3331 2651 intendatis.
3365 2595 3526 2664 Quod
3555 2594 3601 2648 si

2000 2681 2227 2737 forsitan
2259 2683 2449 2754 aliquis
2480 2693 2716 2737 vestrum
2765 2685 2922 2739 aliter
2969 2701 3131 2756 quam
3181 2685 3326 2739 dicta
3374 2683 3595 2749 fuerint,

1999 2767 2252 2832 senserit,
2288 2767 2404 2820 sine
2433 2767 2615 2837 aliquo
2647 2769 2905 2838 scrupulo
2927 2768 3288 2823 contentionis
3305 2768 3358 2821 in
3379 2775 3595 2825 nostro-

1999 2871 2121 2908 rum
2151 2854 2387 2908 omnium
2415 2856 2776 2926 copulatione,
2810 2872 2877 2910 ea
2906 2857 3026 2926 ipsa
3053 2857 3121 2911 de
3153 2857 3350 2928 quibus
3383 2856 3597 2926 dubita-

2000 2942 2135 2996 verit
2165 2942 2498 2997 conferenda
2527 2945 2768 3009 reducat,
2821 2945 3072 3016 qualiter,
3125 2947 3239 2999 Deo
3283 2944 3592 3011 auxiliante,

1999 3023 2300 3086 aut'doceri
2329 3033 2498 3101 possit
2530 3040 2617 3086 aut
2648 3034 2858 3087 doceat.
2895 3033 3102 3088 Deinde
3133 3032 3292 3086 simul
3323 3047 3420 3085 vos
3447 3032 3592 3086 obte-

2000 3120 2227 3174 statione
2256 3121 2479 3188 conjuro
2511 3121 2595 3174 vel
2644 3122 2874 3175 obsecro
2922 3129 2980 3174 ut
3028 3121 3210 3175 nullus
3260 3111 3596 3174 vestrumin

1991 3208 2284 3276 judicando
2314 3217 2405 3262 aut
2436 3225 2729 3278 personam
2777 3209 3026 3279 accipiat,
3077 3217 3167 3262 aut
3217 3191 3460 3279 quélibet
3508 3207 3593 3262 fa-

1998 3312 2150 3361 vore,
2182 3297 2267 3350 vel
2297 3313 2516 3352 munere
2548 3297 2812 3366 pulsatus,
2860 3313 2891 3351 a
2916 3298 3060 3366 justo
3103 3297 3307 3364 judicio
3359 3296 3597 3352 scienter

1997 3393 2270 3439 avertatur
2323 3393 2412 3438 aut
2458 3385 2740 3451 discedat;
2793 3386 2890 3440 sed
2934 3394 3041 3440 tota
3089 3386 3283 3456 pietate
3331 3401 3458 3439 eum
3502 3384 3595 3455 qui

1998 3473 2159 3527 coetui
2212 3482 2396 3527 nostro
2454 3489 2512 3527 se
2566 3474 2918 3541 judicandum
2975 3474 3232 3542 intulerit,
3279 3481 3592 3528 retractate.

1999 3563 2067 3616 Ut
2096 3577 2194 3616 nec
2223 3562 2542 3616 discordans
2573 3562 2844 3616 contentio
2874 3563 2941 3615 ad
2973 3562 3385 3617 subversionem
3427 3561 3594 3628 justi-

1999 3649 2084 3703 tize
2115 3649 2256 3702 inter
2299 3665 2398 3704 nos
2447 3650 2626 3704 locum
2673 3650 2930 3717 inveniat,
2977 3667 3078 3704 nec
3128 3651 3181 3703 in
3232 3649 3598 3721 perquirenda

1999 3737 2251 3808 aequitate
2281 3737 2435 3809 vigor
2464 3739 2632 3793 vestri
2663 3739 2868 3793 ordinis
2891 3739 2976 3793 vel
2999 3737 3304 3794 sollicitudo
3331 3744 3595 3808 tepescat.

2001 3827 2135 3880 Data
2165 3830 2229 3880 ut
2258 3843 2448 3898 supra.

2612 3915 2984 3971 CCCLXVIII.

2495 4015 2566 4056 AD
2596 4019 2852 4057 CAROLUH
2886 4018 3094 4059 REGEH.

2566 4092 2746 4159 (Anno
2776 4091 3026 4160 incerto.)

2000 4179 2288 4234 Embolu'm
2311 4183 2376 4234 ut
2402 4179 2844 4234 Carlomannum
2875 4195 3061 4250 regem
3088 4180 3149 4234 in
3185 4179 3445 4234 Ecclesiae
3487 4181 3590 4234 Ro-

2355 4267 2541 4304 mame
2570 4250 2872 4305 dilectione
2917 4251 3232 4318 conﬁrmet.
3588 4268 3610 4283 ι

2072 4339 2192 4391 lam
2234 4338 2376 4408 quod
2436 4346 2505 4404 te,
2563 4337 2884 4392 charissime
2933 4336 3028 4403 fili,
3079 4346 3242 4393 tantae
3288 4337 3594 4392 devotionis

310 4436 363 4484 et
393 4437 449 4484 ut
479 4428 684 4482 utinam
713 4445 819 4483 non
853 4428 1026 4482 solum
1056 4429 1252 4498 Papiae,
1277 4444 1460 4483 verum
1491 4428 1653 4482 etiam
1675 4428 1900 4498 pr0pius
1929 4417 1979 4476 D
2005 4432 2271 4496 tantaeque
2292 4425 2574 4480 ,fidelitatis
2602 4441 2736 4498 erga
2769 4434 2962 4481 vestrae
2991 4426 3178 4480 matris
3200 4427 3454 4481 Romanae
3484 4427 3594 4481 Ec-

307 4516 522 4582 essetis,
556 4517 853 4571 necessitas
884 4516 1116 4570 maxima
1156 4516 1420 4586 deposcit.
1471 4517 1706 4587 Ideoque
1757 4517 1900 4587 quod

309 4605 567 4675 coepistis,
603 4620 726 4659 cum
757 4604 855 4658 Dei
887 4604 1171 4673 adjutorio,
1206 4605 1464 4660 velociter
1511 4613 1689 4659 vestra
1726 4605 1901 4659 subli-

309 4694 470 4748 mitas
525 4693 786 4763 perficere
835 4693 1060 4757 studeat,
1115 4701 1168 4748 et
1225 4693 1294 4746 ad
1348 4693 1740 4759 defensionem,
1793 4693 1901 4748 imo

312 4783 657 4838 securitatem
688 4788 886 4835 sanctae
908 4781 1097 4836 matris
1121 4789 1318 4836 vestrae
1339 4783 1596 4836 Romanae
1616 4782 1898 4847 Ecclesiae,

308 4871 449 4925 sicut
492 4869 738 4934 dixistis,
789 4869 1003 4924 caeteris
1046 4870 1192 4925 curis
1240 4870 1574 4940 postpositis,
1627 4879 1805 4924 mente
1851 4879 1904 4924 et

310 4958 532 5013 brachio
559 4966 806 5028 potenter
833 4965 1102 5022 occurrat,
1137 4957 1263 5029 quia
1293 4959 1510 5028 quantis
1551 4957 1822 5031 afﬂigatur
1851 4967 1903 5012 et

309 5047 655 5102 conculcetur
708 5046 994 5119 angustiis,
1047 5047 1160 5115 jam
1215 5046 1398 5101 dicere
1453 5061 1562 5101 non
1633 5047 1897 5102 valemus.

311 5137 580 5190 Caeterum
623 5135 690 5188 de
737 5135 975 5189 Widone
1023 5134 1214 5199 Rabia,
1274 5135 1525 5189 invasore
1583 5135 1793 5190 scilicet
1851 5144 1902 5190 et

311 5223 510 5293 rapaci.
547 5231 727 5278 vestra
754 5223 924 5295 gloria
964 5223 1264 5287 subveniat,
1317 5231 1368 5278 et
1416 5239 1540 5278 eum
1587 5223 1655 5278 de
1705 5223 1902 5279 finibus

309 5307 531 5370 nostris,
578 5315 635 5360 ut
689 5307 1080 5377 aliquantulum
1136 5306 1370 5377 populus
1429 5315 1614 5362 noster
1669 5308 1903 5363 relevari

309 5395 504 5460 valeat,
538 5395 734 5463 ejicere
761 5396 936 5456 modis
965 5395 1214 5452 omnibus
1237 5395 1492 5464 jubeatis.
1518 5397 1654 5452 Data
1683 5411 1743 5452 ιιι
1774 5398 1898 5451 Idus

312 5483 657 5543 Novembris.

2003 4513 2182 4568 clesiae
2242 4513 2576 4584 pontificium
2635 4531 2756 4569 esse
2812 4515 3079 4579 videmus,
3131 4522 3387 4584 tanquam
3436 4521 3592 4569 utero

2001 4609 2187 4656 natum
2216 4611 2500 4658 monentes
2531 4619 2810 4674 rogamus,
2843 4603 3150 4674 ﬂagitantes
3179 4603 3484 4668 hortamur,
3537 4610 3595 4656 ut

2002 4707 2100 4760 pro
2129 4707 2316 4746 amore
2345 4692 2713 4762 apostolorum
2744 4692 3068 4762 principum,
3103 4691 3258 4762 quasi
3281 4698 3459 4745 vestro
3479 4705 3597 4761 pro-

2002 4780 2123 4850 prio
2179 4781 2440 4847 consulto,
2500 4797 2602 4836 nec
2650 4779 3120 4850 reprzesentaliter,
3199 4778 3594 4834 Carolomanno

2002 4868 2245 4940 glorioso
2275 4868 2393 4938 regi
2422 4869 2661 4937 mittatis,
2693 4869 2981 4923 consilium
3010 4868 3200 4922 dantes
3245 4876 3300 4922 ut
3342 4867 3592 4939 antiquos

2005 4957 2277 5011 honorans
2334 4958 2561 5024 amicos,
2618 4958 2802 5012 fruens
2853 4957 3137 5024 charitate,
3189 4957 3257 5010 ad
3305 4965 3594 5027 parentum

2004 5045 2287 5100 consilium
2317 5047 2520 5113 redeat,
2555 5055 2608 5102 et
2628 5046 2696 5100 de
2718 5046 2958 5116 epistolis
2980 5062 3112 5118 quas
3134 5045 3212 5100 illi
3232 5062 3298 5101 ex
3325 5045 3595 5101 maritimo

2003 5134 2193 5189 itinere
2224 5134 2551 5200 remisimus,
2583 5135 2932 5205 respondeat,
2966 5142 3019 5189 et
3053 5135 3352 5190 Romanam
3398 5133 3594 5190 Eccle-

2005 5224 2162 5288 siam,
2197 5240 2319 5294 quae
2346 5223 2502 5277 vobis
2531 5223 2770 5294 utrisque
2801 5223 3054 5279 omnibus
3098 5223 3266 5279 decus
3309 5223 3497 5296 regale
3545 5231 3597 5278 et

2003 5311 2280 5382 imperiale
2309 5311 2502 5378 intulit,
2536 5313 2850 5368 venerando
2878 5312 3087 5384 diligat,
3106 5313 3325 5368 mittens
3352 5327 3594 5382 praesen-

2004 5401 2203 5454 tialiter
2232 5400 2364 5471 ipsis
2394 5401 2857 5456 anathematizatis
2887 5403 3173 5459 Lamberto
3203 5409 3256 5458 et
3283 5400 3592 5458 Adalberto.

2007 5491 2137 5546 Data
2169 5493 2233 5544 ut
2254 5506 2446 5563 supra.
