4086 6306
554 249 660 304 959

1186 348 1513 404 CCCLXIX.

824 447 895 488 AD
924 450 1248 491 MICHAELEH
1277 453 1466 492 REGE)!
1493 454 1880 495 BULGABORUM.

626 522 882 577 Joamvss
910 523 1031 577 Vlll
1060 525 1109 578 Μ
1118 539 1335 580 ιοιιΑειι
1368 526 1486 597 regi
1514 528 1890 600 Bulgarorum.

629 608 684 663 Si
715 610 784 663 ab
814 610 898 665 his
928 627 1067 681 quos
1093 615 1593 669 excommunicatos
1624 616 1959 670 habebamus
1980 630 2152 670 sacra.

556 705 741 752 menta
771 715 1109 771 quaecunque
1141 701 1435 772 suscipitis,
1479 711 1691 758 constat
1742 704 1867 775 quia
1916 703 2149 758 idolola-

557 784 740 849 triam,
773 802 881 841 non
923 796 980 841 ut
1022 789 1271 845 catholici
1320 791 1532 859 essetis,
1585 792 1683 846 sed
1725 800 1781 846 ut
1820 792 2151 848 schismatici

556 871 941 941 eﬂiceremini,
990 875 1286 948 deliquisse
1330 876 1447 950 [pro
1490 879 1882 951 dereliquisse,
1935 880 2150 953 Hum]

557 960 834 1016 videmini.

1204 1080 1505 1137 CCCLXX.

664 1177 736 1217 AD
767 1178 1116 1223 LUITBBBTUH
1145 1181 1622 1224 ARCHIEPISCOPUI
1650 1159 2041 1225 “communi.

1036 1255 1251 1328 Fragm.
1281 1285 1350 1297 —
1382 1257 1505 1326 (An.
1539 1257 1673 1329 inc.)

629 1353 1013 1425 Engeltrudem
1046 1372 1271 1412 uxorem
1302 1357 1531 1413 Bosonis
1558 1358 1777 1414 noveris
1824 1374 1935 1414 non
1977 1359 2152 1414 solum

558 1443 1117 1500 excommunicatione
1148 1462 1269 1516 qua:
1299 1461 1330 1499 a
1357 1445 1595 1502 fraterna
1625 1448 1881 1503 societate
1916 1455 2150 1518 separat,

558 1529 654 1583 sed
687 1537 740 1584 et
767 1532 1130 1599 anathemate,
1181 1534 1327 1604 quod
1372 1535 1443 1589 ab
1488 1535 1610 1606 ipso
1655 1551 1883 1607 corpore
1933 1536 2148 1604 Christi,

556 1618 701 1689 quod
731 1628 815 1673 est
842 1620 1106 1688 Ecclesia,
1141 1622 1353 1689 recidit,
1387 1623 1585 1679 crebro
1603 1640 1953 1695 .percussam.

1187 1780 1512 1836 CCCLXXI.

913 1880 986 1921 AD
1018 1882 1336 1924 LUDOVICUM
1380 1884 1794 1927 IIPERATOREM.

1040 1956 1255 2028 Fragm.
1288 1988 1356 1997 —
1384 1960 1511 2030 (An.
1544 1958 1680 2030 inc.)

631 2055 816 2121 Vides,
874 2054 948 2111 ﬁli
1005 2058 1344 2123 charissime,
1394 2061 1522 2131 quia
1576 2060 1722 2132 quod
1768 2068 1956 2116 contra
2002 2060 2155 2131 leges

558 2142 839 2213 accipitur,
870 2161 971 2214 per
998 2146 1151 2218 leges
1180 2147 1407 2203 dissolvi
1436 2156 1697 2203 meretur.
1752 2149 1904 2214 Item,
1946 2148 2154 2204 facien-

560 2228 630 2283 tis
658 2231 846 2301 procul
874 2233 1039 2289 dubio
1068 2234 1284 2306 culpam
1311 2235 1488 2300 habet,
1522 2236 1614 2307 qui
1642 2236 1789 2308 quod
1820 2245 1998 2307 potest
2028 2251 2154 2291 cor-

560 2317 762 2389 rigere,
821 2321 1052 2395 negligit
1100 2324 1414 2378 emendare.
1468 2324 1735 2395 Scriptum
1783 2326 1980 2395 quippe
2025 2332 2152 2379 est:

559 2406 682 2462 Non
712 2407 887 2463 solum
919 2411 1011 2481 qui
1041 2410 1260 2477 faciunt,
1292 2411 1391 2467 sed
1445 2412 1608 2468 etiam
1655 2413 1746 2485 qui
1790 2413 2152 2478 consentiunt,

559 2496 855 2567 participes
875 2498 1204 2566 judicantur.
1237 2501 1306 2555 Et
1332 2500 1462 2555 libat
1492 2501 1724 2556 Domino
1752 2517 2030 2572 prospera,
2064 2501 2157 2572 qui

559 2583 629 2638 ab
657 2584 865 2641 afﬂictis
896 2588 1048 2657 pellit
1077 2589 1328 2644 adversa.
1378 2590 1447 2644 Et
1486 2589 1791 2662 negligere,
1824 2605 1948 2645 cum
1977 2589 2156 2660 possis

558 2671 848 2729 deturbare
877 2691 1185 2745 perversos,
1218 2677 1352 2731 nihil
1393 2678 1541 2732 aliud
1590 2686 1674 2733 est
1722 2694 1880 2750 quam
1927 2678 2152 2745 fovere;

561 2775 664 2816 nec
694 2770 843 2816 caret
870 2764 1129 2833 scrupulo
1157 2766 1528 2821 consentionis
1557 2766 1801 2833 occultze,
1854 2766 1944 2837 qui
1983 2765 2158 2820 mani-

561 2845 702 2904 festo
732 2848 956 2906 facinori
985 2851 1183 2907 desinit
1226 2853 1467 2909 obviare.
1516 2855 1583 2909 Et
1628 2854 1821 2924 probat
1866 2854 2048 2909 odisse
2097 2869 2157 2908 se

557 2935 703 3000 vitia,
755 2938 847 3009 qui
877 2943 1201 2995 condemnat
1249 2950 1539 3007 errantes;
1599 2957 1701 2997 nec
1750 2941 2011 3013 relinquit
2052 2941 2156 2996 sibi

564 3023 746 3081 locum
775 3026 1051 3093 deviandi,
1085 3029 1176 3099 qui
1230 3045 1340 3084 non
1389 3029 1698 3101 pepercerit
1744 3030 2044 3085 excedenti.

483 3180 492 3198 ἃ
561 3113 1134 3183 primusdnnocentiae
1181 3119 1386 3189 gradus
1435 3126 1518 3173 est
1563 3117 1746 3173 odisse
1789 3118 2043 3174 nefanda.
2090 3119 2159 3172 Et

560 3200 728 3257 latum
757 3204 944 3274 pandit
973 3205 1414 3277 delinquentibus
1444 3207 1667 3275 aditum,
1711 3206 1802 3278 qui
1825 3208 2006 3279 jungit
2035 3222 2158 3263 cum

561 3290 829 3360 pravitate
876 3308 1250 3361 consensum;
1302 3302 1356 3349 et
1403 3294 1535 3349 nihil
1578 3294 1799 3365 prodest
1843 3294 2001 3350 alicui
2048 3310 2159 3349 non

559 3377 736 3448 puniri
765 3380 1005 3451 proprio,
1040 3381 1132 3453 qui
1160 3382 1469 3452 puniendus
1500 3390 1581 3437 est
1609 3382 1789 3437 alieno
1823 3390 2064 3453 peccato.

1180 3513 1533 3570 CCCLXXII.

975 3615 1047 3655 AD
1076 3616 1375 3658 EPISCOPOS
1403 3616 1742 3658 BRITANNLB.

1130 3690 1311 3759 (Anno
1340 3690 1597 3761 incerto.)

568 3769 709 3838 Quid
729 3772 1009 3842 agendum
1028 3772 1094 3828 de
1115 3774 1410 3830 monachis
1431 3775 1499 3829 ab
1518 3776 1715 3830 abbate
1735 3790 1835 3830 suo
1854 3775 2154 3831 ordinatis.

632 3872 888 3928 James
919 3887 1111 3928 servus
1142 3890 1424 3929 servorum
1449 3874 1567 3944 Dei,
1590 3875 1881 3946 episcopus
1901 3876 2160 3930 Romana

561 3958 735 4025 urbis,
768 3960 823 4014 in
852 3961 1065 4017 Christo
1093 3960 1352 4018 fratribus
1381 3963 1653 4017 universis
1708 3962 1978 4034 epiSCOpis
2022 3962 2157 4018 cite-

562 4047 724 4104 rioris
752 4049 1040 4106 Britanniae
1069 4050 1296 4107 salutem
1327 4050 1381 4106 in
1411 4050 1627 4107 Christo
1675 4058 1726 4106 et
1774 4050 2154 4106 visitationem.

637 4136 781 4206 Quia
810 4138 929 4194 vice
958 4140 1016 4193 B.
1050 4139 1192 4195 Petri
1218 4140 1586 4211 apostolorum
1614 4139 1895 4211 principis,
1926 4139 2159 4195 Domino

566 4226 683 4281 Deo
710 4225 989 4297 dignante,
1021 4228 1263 4284 omnium
1293 4228 1669 4285 Ecclesiarum
1697 4243 1887 4284 curam
1916 4227 2159 4298 suscepi-

563 4329 707 4379 mus,
732 4314 1170 4381 sollicitudinem,
1195 4333 1318 4388 quae
1341 4316 1763 4386 uniuscujusque
1785 4314 1921 4371 ﬁdes
1942 4315 2159 4388 integra

561 4419 621 4458 in
650 4403 844 4457 eodem
876 4404 1107 4459 Domino
1135 4412 1465 4469 reservetur,
1490 4404 1607 4459 sine
1628 4419 1735 4475 qua
1763 4404 1942 4458 nullus
1962 4403 2013 4459 ei
2040 4403 2157 4474 pla-
2190 4395 2246 4458 D

565 4506 695 4548 cere
748 4490 978 4559 valebit,
1029 4491 1230 4563 ubique
1276 4507 1470 4546 severe
1516 4492 1812 4547 observare
1859 4492 2158 4558 debemus;

569 4581 803 4650 ideoque
833 4587 1017 4634 notum
1048 4579 1116 4633 sit
1148 4579 1304 4635 vobis
1334 4579 1589 4650 quoniam
1618 4579 1970 4635 charissimus
1999 4579 2164 4635 frater

571 4674 757 4723 noster
786 4667 1079 4734 Arduinus,
1112 4675 1311 4723 sanctae
1325 4667 1656 4722 Turonensis
1677 4667 1943 4723 Ecclesia:
1985 4668 2163 4724 archi-

569 4756 881 4827 episcopus,
911 4755 1132 4810 veniens
1178 4756 1246 4810 ad
1293 4756 1658 4827 apostolorum
1701 4756 1889 4810 limina
1933 4757 2161 4811 Romam

570 4852 799 4909 oratum,
832 4843 1192 4914 interpellavit
1222 4860 1322 4900 nos
1351 4845 1494 4916 quod
1517 4845 1640 4913 jura
1668 4844 1750 4899 sui
1787 4843 2161 4915 archiepisco-

570 4938 745 5003 patus,
781 4948 901 5003 quae
928 4932 997 4987 ab
1026 4932 1257 5004 antiquis
1286 4933 1622 5004 temporibus
1652 4949 1749 5004 per
1776 4933 1995 4989 decreta
2027 4949 2160 4989 san-

571 5028 778 5077 ctorum
808 5018 1122 5091 pontiﬁcum
1148 5030 1347 5078 sanctae
1377 5022 1633 5078 Romanae
1669 5021 1855 5076 matris
1899 5022 2162 5079 Ecclesiae

570 5108 683 5165 suis
713 5110 1211 5179 praedecessoribus
1233 5127 1493 5167 concessa
1510 5119 1562 5166 et
1583 5108 1899 5167 confirmata
1922 5110 2159 5177 fuerunt,

569 5216 603 5257 a
631 5207 810 5256 vestro
841 5200 1254 5272 archiepiscopo
1282 5208 1336 5256 et
1364 5200 1479 5255 suis
1507 5200 1887 5255 decessoribus
1916 5216 2014 5270 per
2040 5200 2160 5255 vio-

570 5288 792 5344 lentiam
814 5296 866 5344 et
885 5304 1218 5362 paganorum
1241 5290 1706 5345 Nortmannorum
1721 5288 2162 5344 contrarietatem

572 5377 783 5434 sublata
811 5377 1101 5446 videntur;
1147 5379 1291 5434 unde
1339 5377 1633 5449 apostolica
1661 5377 1977 5433 auctoritate
2007 5377 2163 5433 vobis

573 5466 759 5531 sciatis
787 5466 1131 5526 interdictum
1160 5483 1229 5523 ne
1258 5467 1401 5523 illius
1432 5467 1545 5527 ullo
1574 5467 1736 5526 modo
1768 5465 1873 5537 juri
1901 5465 2164 5525 resistatis

1855 252 2150 335 JOANNIS
2204 252 2399 307 PAPzE
2436 255 2582 309 vm.

2178 350 2233 410 Α
2252 350 2531 422 deinceps,
2564 352 2633 406 de
2662 351 2914 407 omnibus
2944 366 3064 423 qua:
3093 351 3383 422 praadictus
3406 349 3846 421 archiepiscopus

3742 255 3844 307 960

2252 437 2534 497 confirmat
2590 440 3082 510 archiepiscOpatui
3143 440 3227 493 sui
3288 439 3556 509 pertinere
3623 438 3840 501 debere,

2251 542 2534 599 quousque
2563 527 2653 583 ille
2683 536 2863 583 vester
2892 528 3353 598 archiepiscopus,
3407 536 3493 581 aut
3536 526 3732 597 aliquis
3779 542 3843 580 ex

2251 614 2408 668 vobis
2438 632 2558 670 cum
2589 616 2829 670 Arduino
2860 616 3295 687 archiepiscopo,
3320 615 3433 670 sive
3454 631 3576 670 cum
3605 630 3704 669 suo
3735 613 3847 668 suf-

2252 700 2534 775 fraganeo,
2569 704 2655 759 vel
2683 704 2788 760 alio
2819 704 2964 759 fideli
2993 704 3161 758 misso
3208 704 3277 758 ad
3316 711 3556 758 nostram
3600 710 3843 758 sanctam

2251 800 2475 846 matrem
2506 793 2808 848 Ecclesiam
2840 793 3038 859 veniat,
3072 800 3128 845 ut
3157 792 3232 845 ibi
3270 792 3621 864 praecognitis
3669 791 3844 845 causis

2250 878 2393 934 inter
2438 897 2536 935 vos
2584 890 2639 936 et
2684 882 2854 944 illum,
2908 881 3051 952 quod
3106 896 3320 951 aequum
3368 880 3844 950 comprobahimus

2249 967 2543 1023 diﬂiniatur
2594 970 2665 1024 ad
2711 969 2922 1023 laudem
2969 969 3067 1023 Dei
3116 977 3169 1023 et
3216 968 3435 1023 Domini
3490 968 3662 1023 nostri
3714 968 3844 1022 Iesu

2252 1056 2468 1110 Christi.
2502 1056 2660 1125 Quod
2691 1057 2736 1110 si
2767 1057 2926 1111 aliter
2955 1073 3112 1129 quam
3138 1056 3393 1124 jubemus
3424 1063 3616 1111 contra
3646 1055 3843 1110 volun-

2253 1151 2411 1199 tatem
2430 1146 2547 1215 ejus
2570 1145 2824 1212 feceritis,
2845 1145 3193 1218 cognoscatis
3215 1144 3576 1215 vosmetipsos
3599 1144 3699 1198 Dei
3720 1144 3841 1197 etB.

2250 1232 2393 1286 Petri
2422 1233 2685 1304 principis
2713 1234 3104 1304 apostolorum,
3156 1248 3255 1303 per
3296 1240 3499 1287 nostrae
3527 1230 3845 1287 humilitatis

2252 1321 2582 1391 mandatum,
2640 1322 2960 1377 auctoritate
3025 1321 3523 1377 excommunicatos
3581 1320 3649 1374 ab
3698 1319 3844 1375 omni

2254 1410 2627 1465 ecclesiastico
2656 1409 2854 1465 oﬁicio.

2325 1497 2481 1567 Quod
2512 1499 2558 1553 si
2589 1514 2717 1554 vere
2757 1498 2999 1553 debitam
3047 1497 3409 1553 reverentiam
3455 1496 3599 1552 circa
3643 1495 3844 1567 praedi-

2253 1595 2399 1641 ctum
2455 1586 2674 1642 fratrem
2727 1595 2971 1641 nostrum
3017 1587 3311 1641 observare
3367 1585 3521 1641 vobis
3562 1583 3842 1656 placuerit,

2184 1676 2553 1758 Bsecundum
2621 1675 2841 1744 justitiae
2916 1676 3194 1730 decretum
3254 1690 3287 1728 a
3344 1681 3532 1728 sancta
3604 1674 3846 1728 Romana

2254 1763 2501 1819 Ecclesia
2547 1771 2817 1829 statutum,
2873 1762 3243 1834 permaneatis
3298 1777 3424 1817 cum
3469 1761 3567 1816 Dei
3615 1760 3844 1816 benedi-

2252 1852 2432 1907 ctione
2487 1851 2541 1906 in
2598 1852 2802 1907 unitate
2848 1859 3050 1907 nostra)
3104 1849 3388 1906 catholica:
3429 1848 3842 1905 communionis.

2254 1940 2461 1995 Interea
2490 1939 2661 1995 sciant
2690 1938 2842 2011 regni
2872 1939 3040 1994 vestri
3089 1938 3359 2007 homines,
3404 1938 3636 1993 maxime
3684 1936 3845 1992 nobi-

2253 2027 2441 2095 liores,
2473 2028 2789 2082 nominatim
2821 2027 3204 2099 Berengarius,
3238 2034 3293 2082 et
3327 2025 3469 2080 filius
3500 2041 3632 2079 suus
3665 2025 3847 2089 Cona—

2254 2132 2374 2181 nus,
2408 2125 2460 2171 et
2490 2116 2626 2171 Hoel
2656 2133 2779 2171 cum
2810 2114 2970 2171 fratre
2998 2130 3098 2169 suo
3145 2115 3416 2181 Guerech,
3467 2129 3590 2168 cum
3637 2112 3847 2168 caeteris

2255 2204 2571 2273 majoribus,
2603 2212 2661 2258 ut
2690 2204 2735 2258 si
2765 2211 2958 2260 contra
2988 2203 3252 2272 justitiam
3299 2202 3679 2258 inobedientes
3725 2199 3846 2255 fue-

2254 2293 2362 2347 rint
2389 2292 2516 2347 huic
2545 2301 2747 2347 nostrae
2769 2291 3023 2361 jussioni,
3068 2299 3121 2345 et
3164 2289 3418 2346 contrarii
3467 2306 3566 2345 seu
3614 2287 3847 2344 rebelles

2255 2380 2558 2435 exstiterint
2585 2380 2849 2450 praedicto
2871 2378 3025 2434 fratri
3039 2387 3224 2434 nostro
3244 2377 3547 2434 Turonensi
3566 2377 3846 2447 episcopo,

2256 2468 2362 2522 sint
2390 2475 2442 2523 et
2490 2468 2593 2538 ipsi
2641 2467 3092 2523 excommunicati
3139 2474 3192 2521 et
3238 2474 3421 2521 nostra
3469 2464 3846 2521 benedictione

2254 2555 2553 2627 apostolica
2581 2555 2795 2626 privati.

2860 2698 3235 2753 CCCLXXIII.

2788 2800 2875 2840 AD
2920 2800 3311 2849 QUEMDAH.

2325 2890 2809 2947 Administratores
2865 2890 3186 2946 secularium
3241 2890 3581 2964 dignitatum,
3629 2889 3720 2963 qui
3771 2890 3846 2945 ad

2256 2980 2633 3046 ecclesiarum,
2688 2996 2750 3035 ac
2800 2979 3086 3049 viduarum
3133 2978 3415 3034 tuitionem
3464 2978 3849 3049 rapaciumque

2184 3030 2694 3124 Crei'raenationem
2745 3075 2868 3122 sunt
2912 3046 3209 3132 constituti,
3241 3066 3493 3137 quotiens
3528 3030 3619 3121 rab
3673 3030 3849 3121 accie-

2257 3156 2486 3212 siasticis
2515 3156 2647 3212 viris
2685 3156 2937 3212 conventi
2980 3154 3197 3225 fuerint,
3247 3170 3436 3210 eorum
3485 3152 3852 3225 querimonias

2256 3244 2512 3299 attentius
2541 3245 2801 3311 audiant;
2842 3252 2895 3299 et
2923 3244 3068 3315 quod
3110 3259 3338 3298 necesse
3374 3242 3484 3297 illis
3524 3242 3683 3297 fuerit
3726 3240 3851 3321 dili-

2256 3340 2449 3405 genter
2476 3340 2530 3387 et
2557 3333 2664 3388 cito
2705 3330 3019 3403 perficiant;
3064 3331 3210 3401 quod
3254 3331 3301 3384 si
3343 3328 3682 3402 neglexerint
3723 3328 3851 3383 vin—

2255 3420 2443 3476 dicare
2496 3421 2584 3477 vel
2639 3421 2918 3493 corrigere
2971 3427 3096 3490 post
3144 3419 3354 3473 tertiam
3422 3416 3842 3473 admonitionem

2257 3508 2539 3579 priventur
2568 3524 2601 3563 a
2629 3508 3031 3564 communione.

2864 3680 3237 3736 CCCLXXIV.

2743 3782 2816 3823 AD
2856 3783 3025 3824 Αιιυκ
3056 3784 3338 3825 INCEBTUI
3346 3809 3359 3822 .

2332 3875 2620 3944 Prmsides,
2670 3891 2793 3932 cum
2822 3875 2890 3931 ad
2932 3875 3302 3946 prmsidiatum
3349 3874 3584 3945 promoti
3631 3872 3844 3939 fuerint,

2257 3966 2465 4022 litteras
2520 3964 2788 4035 accipiant
2828 3964 3247 4031 ecclesiasticas,
3294 3960 3846 4025 communicatorias;

2258 4055 2329 4110 ita
2373 4062 2555 4109 tamen
2611 4061 2675 4113 ut.
2723 4053 2776 4107 in
2835 4053 3248 4125 quibuscunque
3302 4051 3437 4106 locis
3481 4049 3846 4121 prasidiatum

2258 4142 2550 4217 gesserint,
2583 4142 2655 4196 ab
2697 4141 2970 4212 episcopis
3017 4140 3262 4210 ejusdem
3304 4139 3413 4194 loci
3458 4153 3593 4194 cura
3630 4138 3700 4192 de
3743 4136 3848 4191 illis

2258 4239 2473 4305 agatur,
2520 4238 2577 4285 ut
2624 4230 2670 4284 si
2719 4228 2985 4300 coeperint
3021 4236 3209 4283 contra
3238 4227 3513 4298 publicam
3541 4240 3705 4299 agere
3730 4224 3847 4279 dis-

2260 4319 2537 4392 ciplinam,
2570 4333 2603 4373 a
2631 4317 3013 4373 communione
3043 4315 3325 4372 secludunt
3352 4314 3555 4370 divina.

2263 4586 2538 4642 Allocutio
2566 4584 2851 4657 pontiﬁci:
2880 4582 3270 4657 coepiscopo:
3306 4582 3407 4637 sub
3447 4581 3623 4649 ﬁnem
3656 4581 3849 4653 synodi

2884 4654 3232 4708 Tricassinw.

2334 4762 2444 4816 Vos
2474 4759 2778 4816 confratres
2808 4767 2862 4813 et
2891 4758 3247 4829 coepiscOpos
3269 4772 3421 4812 meos
3442 4756 3567 4812 volo
3594 4756 3852 4811 unanimi-

2263 4858 2343 4904 ter
2372 4864 2585 4904 mecum
2612 4849 2666 4901 in
2699 4846 3019 4902 defensione
3047 4854 3248 4901 sancta
3282 4847 3538 4901 Romanis
3564 4844 3844 4912 Ecclesiae,

2262 4953 2426 5009 quam
2454 4944 2667 4992 constat
2694 4951 2817 4991 esse
2846 4942 3009 5006 caput
3038 4934 3280 4989 omnium
3309 4933 3700 4999 Ecclesiarum,
3721 4948 3849 4988 con-

2261 5027 2466 5091 venire,
2499 5025 2693 5089 donec,
2730 5026 2846 5079 Deo
2875 5022 3184 5087 auxiliante,
3216 5022 3272 5076 in
3301 5022 3487 5076 sedem
3536 5021 3675 5076 beati
3714 5020 3847 5075 Petri

2261 5114 2632 5184 apostolorum
2688 5111 2951 5184 principis
3014 5118 3370 5176 revertamur,
3434 5124 3558 5165 cum
3612 5108 3847 5163 omnium

2265 5202 2539 5257 hominum
2569 5210 2872 5256 vestrorum
2901 5207 3103 5253 armata
3134 5198 3329 5254 bellico
3358 5205 3614 5268 apparatu
3640 5211 3799 5250 manu
3832 5213 3844 5248 :

2263 5299 2314 5345 et
2344 5291 2413 5345 de
2442 5291 2565 5358 hoc,
2594 5305 2705 5344 non
2731 5286 3052 5351 differendo,
3085 5287 3185 5341 sed
3215 5287 3316 5340 sub
3335 5284 3482 5340 omni
3503 5284 3777 5340 celeritate
3797 5292 3846 5338 et

2262 5378 2585 5435 certitudine
2616 5376 2943 5453 sponsionis,
2976 5375 3064 5431 hic
3091 5374 3241 5441 mihi,
3274 5388 3481 5445 quaso,
3513 5372 3720 5448 absque
3743 5371 3847 5427 ulla

2263 5467 2517 5527 dilatione
2547 5466 2803 5524 continuo
2833 5466 2955 5524 date
2985 5478 3330 5537 responsum.
