4086 6334
292 281 373 334 961
1482 280 1838 339 EPISTOLE
1893 283 1983 339 ET
2028 283 2376 341 DECRETA.

881 402 1234 459 CCCLXXVI
1247 445 1259 458 .

536 491 674 546 Item
691 493 960 548 allocutio
989 493 1274 564 pontiﬁcis
1304 494 1376 548 ad
1405 511 1606 566 regem.

351 597 474 660 Vos,
507 597 826 652 charissima
857 597 931 652 fili
963 599 1485 672 Ludovicegioriose
1508 617 1621 665 rex,
1646 616 1864 671 precor,

287 683 332 736 in
377 683 766 752 defensionem,
825 686 1222 756 liberationem,
1273 696 1433 758 atque
1489 689 1868 744 exaltationem

289 780 475 826 sach
505 773 764 828 Romanae
780 775 1062 840 Ecclesiae,
1097 775 1236 830 sicut
1257 776 1677 846 predecessores
1698 777 1867 831 vestri

289 858 536 926 fecerunt,
567 869 619 915 et
648 861 804 915 vobis
832 863 934 916 sub
956 863 1302 918 attestatione
1352 863 1535 919 facere
1567 865 1865 920 mandave-

288 956 416 1016 runt,
449 948 566 1002 sine
595 951 1080 1018 procrastinatione
1141 959 1195 1006 et
1224 951 1332 1005 ulla
1361 951 1620 1007 dilatione
1637 969 1866 1008 succur-

285 1034 376 1089 rite
408 1053 423 1100 ;
457 1035 579 1106 quia
609 1036 839 1091 ministri
879 1038 976 1092 Dei
1009 1040 1158 1104 estis,
1201 1039 1443 1094 vindices
1490 1040 1546 1093 in
1588 1041 1667 1094 ira
1695 1041 1749 1093 in
1781 1041 1866 1094 his

285 1122 366 1193 qui
393 1123 534 1177 male
565 1133 753 1195 agunt,
775 1133 948 1180 etnon
983 1127 1100 1181 sine
1131 1143 1300 1182 causa
1327 1128 1570 1200 gladium
1599 1128 1822 1198 portatis
1849 1146 1860 1182 :

285 1226 344 1264 ne
371 1209 528 1279 forte,
565 1213 708 1282 quod
737 1213 894 1276 absit,
945 1214 1033 1267 illa
1066 1230 1162 1269 vos
1219 1223 1309 1269 aut
1353 1232 1581 1287 regnum
1625 1224 1864 1271 vestrum

284 1297 431 1368 culpa
460 1307 732 1370 contegat,
758 1301 902 1371 quod
920 1303 1188 1372 quosdam
1219 1311 1432 1357 veteres
1455 1320 1612 1373 reges
1633 1303 1865 1358 inimicis

283 1394 330 1440 et
353 1385 671 1456 Iinfidelibus
710 1388 809 1442 Dei
841 1389 1114 1458 quondam
1145 1399 1434 1460 parcentes
1484 1391 1865 1445 damnabiliter

281 1473 499 1528 strinxit.
543 1475 636 1528 Vel
679 1475 724 1528 si
786 1475 932 1529 aliud
979 1476 1176 1546 placet,
1228 1479 1644 1548 praesentialiter
1673 1478 1727 1532 in
1759 1479 1864 1533 isto

278 1560 391 1616 loco
428 1562 570 1627 date,
604 1579 703 1632 per
733 1563 906 1618 Deum
937 1573 988 1618 et
1043 1581 1142 1634 per
1187 1565 1406 1620 beatum
1466 1567 1703 1632 Petrum,
1765 1583 1863 1621 vos

276 1649 509 1717 conjuro,
548 1649 664 1705 sine
697 1667 850 1705 mora
868 1667 1218 1721 responsum.

857 1764 1256 1820 CCCLXXVII.

283 1854 316 1904 Α
327 1850 812 1937 ll'qcu'tio'loan'nis.
825 1869 989 1937 papa;
1015 1854 1108 1937 aut
1121 1856 1319 1937 Patres
1331 1855 1537 1936 synodi
1561 1857 1865 1911 Tricassini

345 1921 410 1996 ΙΙ,
448 1922 512 1975 de
545 1921 840 1976 Lantbcrlz'
857 1921 914 1996 et
943 1923 1232 1996 Adalberti
1262 1921 1612 1996 aliorumque
1659 1942 1862 1996 sequa-

333 1991 483 2044 cium
516 1993 1130 2048 excommunicatione.
1255 2025 1258 2028 ‹

342 2077 674 2144 Charissimi,
700 2079 986 2134 condolete
1016 2081 1146 2133 mihi
1178 2088 1228 2135 et
1260 2081 1376 2136 sedi
1414 2082 1728 2152 apostolicae
1744 2099 1862 2153 quae

277 2173 435 2234 caput
492 2172 544 2218 et
574 2166 834 2237 magistra
891 2175 973 2220 est
1033 2168 1274 2221 omnium
1318 2169 1682 2224 Ecclesiarum
1739 2170 1858 2238 Dei,

277 2268 390 2322 qua:
421 2260 474 2306 et
521 2269 618 2307 vos
651 2254 911 2323 religioso
952 2263 1107 2309 utero
1137 2255 1344 2328 genuit,
1384 2273 1546 2328 reges
1597 2265 1759 2312 terra
1809 2265 1862 2312 et

272 2354 458 2394 omnes
486 2341 690 2410 populi,
722 2341 993 2412 principes
1025 2351 1076 2396 et
1097 2359 1286 2397 omnes
1323 2344 1535 2411 judices
1567 2352 1740 2410 terrae,
1775 2360 1861 2398 sa-

271 2427 456 2498 crique
485 2427 782 2483 confratres
813 2437 866 2484 et
896 2431 1314 2485 consacerdotes
1346 2431 1465 2500 Dei,
1517 2432 1860 2487 venerabiles

271 2515 637 2570 Ecclesiarum
667 2517 866 2571 Christi
895 2518 1184 2586 antistites,
1218 2526 1268 2572 et
1289 2519 1450 2573 totius
1481 2520 1682 2574 sacrati
1711 2519 1859 2575 ordi-

271 2602 354 2657 nis
384 2603 505 2671 viri,
539 2612 591 2657 et
645 2621 858 2659 mecum
917 2613 1089 2659 tantas
1121 2605 1344 2674 injurias
1393 2606 1654 2662 Ecclesiae
1683 2607 1859 2663 sancti

268 2689 408 2745 Petri
437 2691 808 2761 apostolorum
839 2693 1122 2763 principis,
1146 2693 1464 2766 caelestique
1497 2695 1654 2765 regni
1684 2695 1857 2750 clavi-

268 2777 404 2850 geri,
439 2778 526 2834 cui
554 2778 760 2851 ligandi
779 2789 831 2834 et
855 2780 1103 2835 solvendi
1126 2781 1250 2834 data
1279 2790 1360 2836 est
1390 2798 1418 2834 a
1441 2783 1558 2837 Deo
1591 2790 1854 2852 potestas,

263 2865 420 2920 simul
449 2866 641 2921 ﬂentes
664 2867 949 2938 requirite,
987 2875 1274 2939 tantasque
1331 2869 1640 2924 invasiones
1696 2878 1856 2940 atque

265 2954 617 3009 contumelias
648 2956 845 3010 civitati
875 2957 1134 3012 Romanae
1163 2956 1342 3011 illatas
1373 2973 1495 3012 cum
1516 2957 1723 3030 ingenti
1752 2959 1855 3012 do-

261 3039 381 3096 lore
409 3041 614 3114 lugete,
648 3050 699 3097 et
728 3059 964 3110 mecum,
1007 3043 1098 3115 qui
1131 3060 1322 3098 curam
1351 3052 1404 3099 et
1435 3044 1853 3100 sollicitudinem

3460 295 3566 350 962

1897 416 1951 474 Α
1986 407 2039 460 in
2072 416 2317 464 sanctam
2349 417 2574 465 matrem
2617 419 2856 467 nostram
2897 428 2959 469 ac
2988 415 3305 487 magistram
3326 415 3568 471 omnium

1973 496 2342 551 Ecclesiarum
2415 499 2823 569 commiserunt,
2872 503 3250 572 compatimur,
3286 512 3339 558 et
3389 505 3565 567 dolori

1970 593 2153 639 vestro
2176 586 2474 641 couﬂentes
2504 589 2878 655 condolexnus,
2900 599 3061 661 atque
3071 591 3337 660 judicium
3372 602 3561 649 vestra:

1969 673 2323 739 auctoritatis,
2358 676 2503 746 quod
2523 676 2806 746 privilegio
2837 678 2980 731 beati
3013 679 3152 733 Petri
3181 687 3233 734 et
3261 680 3407 735 sedis
3424 697 3564 752 apo-

1969 761 2172 816 stolicae
2192 761 2246 814 in
2276 778 2371 816 eos
2401 771 2454 817 et
2483 765 2779 834 complices
2810 781 3020 831 eorum,
3048 767 3199 835 juxta
3242 784 3427 823 sacros
3473 785 3566 825 ca-

1967 865 2139 904 nones
2152 849 2354 919 Spiritu
2375 851 2474 905 Dei
2502 853 2770 917 conditos,
2805 862 2858 907 et
2872 854 3031 908 totius
3049 855 3236 909 mundi
3257 858 3562 912 reverentia

1967 947 2337 1006 consecratos,
2372 947 2423 993 et
2457 940 2756 996 secundum
2813 942 3059 1010 ejusdem
3109 945 3366 999 Romanae
3415 945 3562 1000 sedis

1965 1024 2280 1095 pontiﬁcum
2327 1027 2680 1082 decessorum
2727 1037 3035 1085 vestrorum
3079 1030 3300 1087 decreta
3348 1033 3566 1102 pretuli-

1967 1113 2083 1180 stis,
2117 1123 2261 1180 voto,
2303 1130 2436 1170 voce
2459 1123 2510 1169 et
2539 1116 2887 1172 unanimitate
2916 1127 3120 1183 nostra,
3155 1128 3314 1190 atque
3369 1129 3564 1177 aucto-

1966 1201 2122 1255 ritate
2179 1203 2352 1257 sancti
2409 1203 2659 1273 Spiritus,
2721 1205 2871 1274 cujus
2936 1207 3110 1278 gratia
3158 1207 3210 1260 in
3266 1207 3564 1279 episcopali

1965 1288 2157 1342 ordine
2198 1305 2386 1344 sumus
2416 1292 2740 1357 consecrati,
2798 1293 2982 1364 gladio
3029 1295 3268 1364 spiritus,
3304 1297 3450 1367 quod
3481 1303 3565 1351 est

1965 1376 2195 1430 verbum
2227 1377 2347 1442 Dei,
2381 1394 2477 1432 eos
2508 1379 2876 1434 interimentes
2905 1383 3308 1452 persequimur.
3344 1383 3565 1440 Scilicet

1965 1463 2109 1534 quod
2141 1465 2650 1520 excommunicastis
2695 1469 3247 1525 excommmunicatos
3289 1478 3560 1539 tenemus,

1963 1567 2098 1621 quos
2126 1551 2194 1604 ab
2224 1552 2471 1607 Ecclesia
2520 1555 2794 1623 abjecistis
2839 1557 3122 1625 abjcimus,
3157 1573 3294 1630 quos
3327 1561 3557 1614 anathe-

1963 1638 2256 1692 matizastis
2285 1641 2763 1698 anathematizatos
2795 1660 2917 1698 esse
2955 1645 3281 1712 judicamus,
3338 1654 3391 1700 et
3421 1662 3560 1718 quos

1893 1762 1946 1820 B
1964 1725 2290 1796 regulariter
2321 1727 2713 1785 satisfacientes
2774 1739 2952 1785 vestra
2981 1732 3274 1787 auctoritas
3322 1741 3374 1787 et
3402 1749 3562 1804 apos-

1853 1812 2068 1888 ,"lica
2098 1813 2258 1868 sedes
2314 1816 2597 1886 receperit,
2661 1818 3006 1888 recipiemus.
3051 1821 3159 1875 Sed
3198 1828 3254 1874 ut
3307 1821 3361 1874 in
3409 1837 3562 1877 sacra

1964 1899 2190 1954 historia
2221 1901 2287 1955 de
2316 1901 2478 1974 plaga
2507 1904 2825 1976 Egyptiaca
2853 1906 3019 1976 digne
3049 1923 3082 1960 a
3113 1909 3227 1962 Deo
3248 1907 3393 1962 illata
3421 1907 3559 1980 legi-

1962 2002 2085 2040 mus
2113 1989 2310 2056 (Exod.
2344 1992 2469 2058 xu),
2503 1991 2628 2062 quia
2675 2008 2784 2046 non
2822 2001 2936 2047 erat
2965 1993 3161 2048 domus
3191 1993 3246 2048 in
3304 2010 3413 2065 qua
3451 2009 3559 2050 non

1955 2083 2161 2142 jaceret
2193 2083 2456 2143 mortuus,
2491 2085 2544 2131 et
2573 2095 2680 2134 non
2739 2089 2846 2133 erat
2888 2081 2980 2150 qui
3035 2081 3200 2134 alium
3239 2082 3558 2138 consolare-

1963 2169 2068 2229 tur,
2092 2162 2347 2232 quoniam
2376 2163 2430 2217 in
2451 2166 2615 2220 domo
2641 2182 2739 2220 sua
2769 2168 3138 2238 unusquisque
3169 2169 3317 2240 quod
3346 2169 3558 2241 lugeret

1959 2249 2215 2316 habebat,
2240 2267 2340 2305 nos
2361 2268 2578 2323 quoque
2608 2253 2661 2306 in
2692 2255 2892 2309 nostris
2923 2255 3185 2324 Ecclesiis
3207 2255 3446 2327 lugenda
3466 2255 3556 2311 lu-

1961 2352 2174 2408 gemus.
2197 2339 2265 2392 Et
2285 2339 2407 2395 ideo
2423 2349 2600 2394 vestra
2622 2343 2938 2396 auctoritate
2959 2343 3114 2397 nobis
3127 2343 3402 2398 subveniri
3433 2359 3555 2399 cum

1959 2424 2107 2478 omni
2158 2427 2355 2480 mentis
2413 2427 2707 2483 humilitate
2787 2429 3155 2500 deposcimus,
3217 2439 3466 2500 petentes
3496 2439 3555 2486 ut

1958 2512 2320 2584 promulgetis
2367 2515 2659 2584 capitulum
2698 2525 2893 2572 vestrae
2941 2518 3291 2584 auctoritatis,
3326 2519 3556 2591 qualiter

1958 2613 2058 2653 nos
2089 2616 2223 2672 erga
2253 2602 2619 2657 Ecclesiarum
2667 2613 2974 2659 nostrarum
3012 2621 3338 2676 pervasores
3384 2623 3551 2678 agere

1957 2687 2273 2760 debeamus,
2307 2699 2381 2756 ut,
2429 2707 2663 2746 censura
2701 2694 3014 2763 apostolicae
3044 2695 3190 2749 sedis
3219 2695 3428 2761 muniti,
3462 2712 3556 2752 ro-

1957 2773 2228 2832 bustiores
2258 2786 2310 2833 et
2367 2780 2731 2850 promptiores
2760 2781 3039 2851 deinceps,
3103 2782 3334 2837 Domino
3391 2799 3554 2854 opem

1955 2861 2184 2931 ferente,
2217 2874 2406 2921 contra
2439 2883 2734 2937 perversos
2765 2868 3257 2925 ecclesiasticarum
3287 2886 3468 2926 rerum
3490 2886 3556 2927 ac

1956 2949 2269 3007 facultatum
2314 2963 2557 3024 raptores
2611 2971 2676 3010 ac
2711 2965 3014 3012 vastatores
3075 2958 3326 3029 sacrique
3381 2959 3549 3014 mini-

1957 3039 2103 3093 sterii
2133 3041 2462 3112 episcopalis
2493 3051 2894 3114 contemptores
2943 3059 3043 3098 nos
3088 3061 3550 3118 successoresque

264 3129 504 3183 omnium
529 3138 770 3185 vestrum
790 3131 986 3198 habeo,
1011 3139 1065 3186 ει
1085 3132 1384 3187 secundum
1402 3133 1846 3199 Dominivocem,
1883 3104 1930 3166 (ἶ
1953 3127 2126 3180 nostri
2181 3129 2472 3198 persistere
2513 3131 2767 3185 concordi
2815 3132 3083 3186 sententia
3118 3132 3397 3188 valeamus
3435 3150 3450 3188 :
3490 3142 3550 3189 ut

262 3217 472 3288 quoties
519 3233 683 3273 causa
729 3219 993 3291 exegerit,
1057 3235 1352 3274 conversus
1383 3236 1480 3274 vos
1523 3221 1578 3274 in
1608 3221 1860 3274 omnibus

263 3304 423 3360 bonis
449 3305 625 3361 debeo
647 3305 973 3362 confirmare
1001 3323 1014 3360 :
1038 3322 1100 3361 ac
1122 3307 1443 3362 necessariae
1474 3307 1860 3363 consolationis

261 3408 426 3464 opem
454 3393 726 3463 conferre,
763 3393 999 3450 viriliter
1030 3402 1170 3449 state
1224 3403 1532 3466 quaerentes
1589 3395 1748 3449 simul
1807 3403 1860 3450 et

253 3480 560 3549 judicantes
618 3489 780 3537 tantae
839 3491 1148 3553 patratores
1226 3483 1544 3554 iniquitatis,
1589 3491 1858 3555 tantaeque

259 3568 583 3624 temeritatis
612 3577 1056 3640 praesumptores,
1089 3578 1148 3624 ut
1175 3570 1344 3642 digna
1397 3570 1600 3625 ultione
1648 3579 1858 3641 tempo-

258 3657 450 3712 raliter
475 3657 666 3727 puniti,
710 3658 900 3728 spiritu
932 3659 1067 3713 salvi
1098 3659 1205 3712 sint
1232 3659 1286 3712 in
1321 3658 1410 3713 die
1441 3659 1657 3715 Domini
1689 3659 1858 3714 nostri

258 3746 394 3799 Jesu
425 3745 644 3812 Christi,
678 3746 931 3817 quoniam
960 3761 1055 3801 eos
1081 3746 1370 3817 praedictos
1427 3747 1775 3802 Lantbertum
1806 3755 1859 3801 et

257 3833 616 3887 Adalbertum
666 3850 1039 3905 sequacesque
1095 3850 1300 3899 eorum,
1332 3851 1430 3906 pro
1469 3835 1666 3906 quibus
1696 3835 1856 3889 tantis

259 3920 562 3975 sceleribus
605 3922 881 3992 tantisque
927 3921 1182 3993 perjuriis
1211 3921 1519 3992 patefactis,
1550 3923 1605 3978 in
1629 3923 1858 3978 ecclesia

254 4007 318 4062 B.
369 4007 516 4062 Petri
546 4009 797 4079 apostoli,
831 4025 936 4063 una
966 4025 1088 4065 cum
1118 4010 1462 4081 coepiscopis
1489 4018 1542 4065 et
1571 4011 1856 4066 confratri-

253 4096 363 4150 bus
393 4096 588 4150 nostris
623 4096 841 4165 Italicis,
891 4098 1514 4163 excommunicavimus;
1549 4107 1602 4152 et
1649 4099 1772 4169 quia
1800 4099 1856 4152 in

251 4185 1193 4255 hisperseveraverunt,Christianae
1224 4187 1622 4242 communionis
1652 4187 1852 4240 immu-

249 4289 359 4327 nes
390 4289 510 4328 esse
533 4273 895 4329 decrevimus.
927 4274 1193 4344 Quodque
1220 4275 1498 4329 decretum
1520 4274 1573 4327 in
1595 4274 1853 4344 praedicta

250 4360 404 4415 beati
461 4361 603 4415 Petri
657 4361 890 4416 ecclesia
941 4362 1220 4432 scripturn,
1266 4369 1324 4414 ut
1376 4361 1747 4432 ingredientes
1800 4369 1854 4416 et

1953 3213 2102 3282 juxta
2131 3217 2342 3288 egregii
2370 3217 2742 3287 prazdicatoris
2772 3233 2982 3285 vocem,
3015 3227 3067 3274 et
3097 3228 3291 3275 vestrae
3319 3221 3550 3276 auctori-

1960 3302 2084 3356 tatis
2121 3305 2633 3375 promulgationem,
2678 3306 2860 3360 traditi
2917 3307 3133 3362 Satanaa
3170 3308 3360 3379 spiritu
3416 3308 3550 3366 salvi

1961 3388 2092 3446 fiant
2118 3392 2174 3446 in
2203 3392 2291 3448 die
2318 3393 2534 3449 Domini
2554 3393 2725 3449 nostri
2743 3395 2872 3450 Iesu
2893 3394 3114 3450 Christi.

2561 3549 2942 3606 CCCLXXIX.

1957 3646 2486 3703 Excommunicatio
2502 3646 2765 3702 adversus
2787 3663 3108 3706 pervasores
3151 3663 3346 3704 rerum
3364 3649 3546 3706 eccle-

2205 3718 2570 3773 siastican
2612 3719 2676 3772 in
2698 3718 2893 3772 eadem
2921 3718 3129 3789 synodo
3152 3719 3290 3774 lata.

2027 3833 2108 3889 De
2149 3835 2529 3905 pervasoribus
2559 3834 2758 3906 quippe
2810 3851 2992 3890 rerum
3024 3835 3539 3905 ecclesiasticarum,

1959 3937 2095 3992 quos
2127 3923 2268 3978 sacri
2306 3937 2563 3988 canones,
2611 3923 2814 3993 Spiritu
2862 3923 2961 3978 Dei
3002 3924 3225 3990 conditi,
3278 3934 3330 3980 et
3384 3925 3546 3980 totius

1955 4011 2143 4064 mundi
2172 4012 2473 4066 reverentia
2519 4012 2840 4075 consecrati,
2893 4020 2946 4065 et
2975 4013 3190 4067 decreta
3229 4011 3545 4082 pontiﬁcum

1957 4098 2102 4152 sedis
2123 4099 2454 4167 apostolicae,
2488 4098 2590 4151 sub
2613 4100 2950 4153 anathemate
2979 4115 3154 4170 usque
3197 4099 3264 4152 ad
3321 4101 3543 4172 regula-

1955 4201 2070 4240 rem
2100 4186 2516 4240 satisfactionem
2563 4201 2685 4241 esse
2732 4186 2934 4240 debere
2980 4186 3395 4253 constituerunt,
3447 4188 3545 4244 sed

1954 4283 2008 4328 et
2059 4274 2127 4328 de
2191 4273 2516 4344 raptoribus,
2604 4289 2742 4344 quos
2814 4273 3124 4343 Apostolus,
3212 4275 3422 4330 Christo
3487 4276 3544 4331 in

1955 4379 2015 4417 se
2050 4362 2324 4433 loquente,
2373 4378 2607 4434 regnum
2665 4363 2763 4416 Dei
2810 4378 2917 4416 non
2978 4362 3264 4432 possidere
3319 4371 3547 4418 testatur

247 4455 516 4504 exeuntes
547 4448 728 4520 legant
772 4457 822 4503 et
865 4449 1103 4517 doleant,
1140 4465 1342 4520 eosque
1371 4451 1849 4504 anathematizatos
1877 4452 2007 4522 D(I
2061 4454 2181 4507 Cor.
2233 4453 2332 4520 v1),
2393 4458 2446 4505 et
2497 4466 2618 4505 cum
2675 4450 2986 4519 hujusmodi
3062 4451 3209 4505 omni
3279 4451 3546 4507 veraciter

247 4544 497 4602 teneant,
555 4537 856 4607 posuimus.
908 4539 975 4591 Et
1017 4554 1114 4593 vos
1176 4537 1372 4592 fratres
1411 4537 1736 4603 charissimi,
1796 4545 1854 4592 ut

246 4624 620 4690 decrevimus,
653 4633 851 4679 nostrae
895 4625 1291 4679 communionis
1337 4625 1543 4680 alienos
1573 4633 1769 4693 tenete,
1801 4632 1854 4680 et

243 4713 736 4768 anathematizatos
782 4713 1022 4768 fautores
1073 4730 1260 4769 eorum
1324 4729 1536 4769 mecum
1595 4713 1853 4769 facientes

245 4799 608 4856 consternite.

844 4899 1268 4954 CCCLXXVIII.

677 4988 976 5060 Responsio
1028 4989 1432 5059 episcoporum.

325 5083 559 5140 Domine
587 5085 927 5140 sanctissime
975 5092 1028 5138 et
1059 5083 1506 5139 reverendissime
1536 5084 1697 5138 Pater
1744 5085 1849 5137 Pa-

239 5180 420 5238 trum,
451 5174 706 5237 Joannes,
742 5173 1023 5228 catholicae
1051 5181 1213 5242 atque
1245 5171 1558 5241 apostolicae
1590 5171 1852 5227 Ecclesia:

238 5260 512 5316 videlicet
543 5263 802 5316 Romanae
829 5261 1020 5331 primae
1052 5260 1198 5315 sedis
1228 5275 1387 5329 papa,
1420 5275 1521 5313 nos
1566 5259 1750 5314 famuli
1789 5277 1850 5316 ac

239 5349 520 5422 discipuli.
556 5357 752 5404 vestrae
799 5349 1159 5412 auctoritatis,
1196 5347 1496 5402 Galliarum
1517 5355 1570 5402 et
1597 5348 1849 5420 Belgica-

239 5453 374 5491 rum
405 5437 666 5507 episcopi,
687 5438 770 5491 his
801 5454 919 5508 quae
949 5453 1110 5506 super
1129 5437 1352 5490 vulnera
1369 5436 1620 5490 dolorum
1642 5451 1848 5491 vestro-

235 5541 377 5580 rum
428 5525 655 5598 maligni
699 5525 946 5580 homines
977 5541 1042 5581 ac
1071 5524 1300 5579 ministri
1327 5523 1529 5580 diaboli
1561 5524 1844 5594 addentes,

1954 4539 2256 4594 Christiano
2286 4555 2387 4594 nec
2416 4539 2596 4594 cibum
2641 4555 2854 4595 sumere
2885 4539 3149 4609 praecipit,
3192 4539 3432 4610 quandiu
3489 4539 3545 4594 in

1953 4628 2074 4699 ipso
2131 4628 2355 4683 crimine
2407 4635 2730 4698 permanent
2782 4628 2832 4695 (ι
2852 4628 2971 4682 Cor.
3007 4630 3084 4697 ν),
3133 4643 3231 4696 per
3286 4627 3542 4682 virtutem

1954 4716 2152 4771 Christi
2185 4725 2237 4770 et
2282 4716 2486 4784 judicio
2531 4715 2758 4785 Spiritus
2789 4715 2961 4769 sancti
3015 4713 3359 4770 decernimus
3413 4723 3470 4768 ut
3499 4715 3547 4770 si

1952 4812 2075 4860 ante
2128 4804 2399 4874 proximas
2456 4803 2731 4858 Kalendas
2769 4801 3094 4856 Novembris
3156 4802 3378 4856 easdem
3453 4819 3545 4858 res

1953 4909 2086 4964 quas
2126 4893 2324 4963 quique
2389 4899 2741 4961 usurpatores
2793 4890 2989 4958 injuste
3036 4897 3409 4960 pervaseruut,
3452 4907 3542 4947 ec-

1951 4980 2132 5036 clesiis
2162 4980 2274 5034 suis
2298 4979 2622 5050 regulariter
2642 4977 3036 5034 satisfacientes
3057 4993 3167 5033 non
3184 4979 3540 5048 restituerint,

1952 5084 1985 5122 a
2012 5068 2389 5124 communione
2420 5066 2663 5137 corporis
2700 5074 2753 5120 et
2799 5065 3082 5136 sanguinis
3120 5066 3321 5121 Christi
3368 5083 3542 5140 usque

1951 5158 2020 5211 ad
2052 5158 2441 5211 restitutionem
2492 5171 2672 5210 rerum
2715 5153 3208 5209 ecclesiasticarum
3239 5163 3293 5209 et
3323 5155 3542 5211 satisfa-

1950 5247 2203 5308 ctionem,
2228 5245 2388 5298 alieni
2417 5244 2735 5308 habeantur,
2779 5251 2832 5297 et
2861 5243 3034 5297 sacris
3079 5242 3409 5314 episcopalis
3439 5244 3542 5298 mi-

1948 5333 2155 5388 nisterii
2183 5331 2757 5388 excommunicationis
2778 5331 3161 5387 ecclesiasticas
3189 5339 3529 5402 contempto-

1948 5439 2052 5488 res,
2089 5421 2386 5476 secundum
2418 5419 2786 5490 evangelicam
2817 5427 2868 5473 et
2916 5419 3272 5492 apostolicam
3311 5417 3542 5474 auctori-

1949 5527 2113 5574 tatem
2139 5517 2362 5589 (Matth.
2395 5516 2580 5589 xvm),
2613 5515 2682 5570 ab
2711 5515 2984 5588 episcopis
3037 5533 3269 5588 quorum
3315 5516 3538 5572 interest
