4086 6308
540 298 645 352 963

1382 294 1680 352 JOANNIS
1734 293 1930 349 PAPE
1978 292 2100 349 VIII
2151 291 2506 349 EPISTOLE
2543 294 2634 349 ET
2686 294 3039 351 DECRETA.

3736 297 3846 351 96‘

538 418 874 486 commoniti,
927 419 974 474 si
1031 408 1360 493 regulariter
1403 418 1797 476 satisfacientes
1835 434 1946 474 non
1991 417 2134 473 resi-
2164 418 2217 478 A
2241 418 2387 473 mino
2417 418 2656 486 Patrum,
2712 426 2998 491 spretoque
3051 418 3260 475 sancitu
3303 418 3579 476 canonica
3620 420 3849 476 auctori-

541 507 773 578 puerint,
839 508 1198 564 anathematis
1254 508 1472 564 vinculo
1530 507 1771 563 innodati
1827 523 2001 577 usque
2075 506 2145 560 ad

543 595 969 652 satisfactionem
998 605 1369 668 permaneant.
1400 597 1469 651 Et
1497 596 1543 650 si
1585 596 1641 650 in
1687 596 1803 666 ipsa
1850 594 2145 665 pertinacia

539 693 925 755 permanentes
970 686 1225 752 obierint,
1285 701 1447 742 nemo
1490 699 1717 755 corpora
1760 683 1975 738 illorum
2019 697 2145 738 cum

539 772 754 844 hymnis
813 781 866 829 et
895 773 1121 845 psalmis
1175 773 1420 845 sepeliet,
1479 789 1581 828 nec
1609 770 1872 827 memoria
1926 770 2145 825 illorum

543 861 615 916 ad
661 877 877 917 sacrum
927 862 1101 917 altare
1158 862 1301 917 inter
1342 860 1533 916 fideles
1575 867 1822 931 mortuos
1852 859 2141 925 habeatur,

545 949 776 1005 docente
806 950 1056 1022 apostolo
1102 957 1154 1005 et
1185 948 1517 1022 evangelista
1547 949 1755 1004 Joanne
1786 965 1799 1001 :
1834 949 1931 1004 Est
1950 962 2144 1020 pecca-

545 1043 669 1094 tum
714 1039 785 1094 ad
828 1043 1070 1095 mortem
1101 1058 1118 1093 :
1145 1055 1247 1110 pro
1288 1038 1389 1094 illo
1436 1054 1552 1093 non
1583 1037 1704 1093 dico
1733 1041 1799 1091 ut
1846 1037 1967 1109 quis
1989 1038 2144 1107 roget

545 1128 592 1197 (1
620 1128 781 1183 Joan.
806 1127 885 1197 v).
913 1127 1205 1182 Peccatum
1235 1125 1379 1181 enim
1407 1126 1474 1179 ad
1507 1133 1736 1180 mortem
1767 1131 1849 1179 est
1877 1138 2142 1194 perseve-

546 1215 717 1270 rantia
763 1215 1072 1286 invpeccato
1103 1231 1277 1286 usque
1308 1215 1379 1269 ad
1418 1221 1671 1269 mortem.
1703 1213 1772 1269 Et
1810 1212 1954 1268 sacri
1994 1211 2142 1266 anti-

545 1319 776 1375 quorum
817 1303 1032 1357 Patrum
1086 1318 1326 1357 canones
1383 1303 1451 1356 de
1497 1302 1587 1356 his
1631 1300 1723 1372 qui
1767 1300 1873 1355 sibi
1912 1307 2142 1354 mortem

545 1391 848 1448 voluntarie
898 1390 1154 1457 inferunt,
1196 1398 1250 1455 et
1295 1389 1388 1462 qui
1417 1405 1515 1461 pro
1546 1389 1659 1444 suis
1703 1388 2005 1445 sceleribus
2034 1405 2141 1458 pu-

546 1479 787 1548 niuntur,
834 1487 1024 1534 sancto
1066 1478 1365 1549 inspirante
1408 1477 1629 1548 Spiritu,
1681 1477 2054 1543 decreverunt,
2086 1482 2146 1530 ut

545 1582 669 1623 cum
698 1567 915 1637 hymnis
936 1574 987 1621 et
1017 1566 1243 1637 psalmis
1271 1582 1462 1622 eorum
1500 1572 1726 1636 corp‘bra
1746 1580 1856 1619 non
1885 1563 2141 1619 deferan-

545 1663 629 1710 tur
647 1654 714 1708 ad
748 1655 1100 1725 sepulturam.
1152 1654 1397 1723 Quorum
1442 1653 1663 1709 decreta
1706 1659 2016 1724 sequentes,
2077 1666 2143 1706 ea

2245 506 2390 573 tatis,
2459 506 2527 562 de
2570 507 2766 563 minori
2822 508 2892 563 ad
2937 509 3196 577 majorem
3254 508 3487 563 ambitus
3531 523 3702 564 causa
3747 509 3846 563 de-

2244 595 2480 668 migrant
2529 596 2892 667 episcOpalem
2947 597 3282 653 cathedram.
3343 595 3550 666 Quibus
3607 611 3847 653 canones

2244 684 2478 755 Spiritus
2540 684 2713 741 sancti
2777 685 2948 756 gratia
3012 685 3355 742 concorditer
3437 685 3840 742 contradicunt.

2242 772 2357 828 Nos
2432 787 2650 844 quoque
2716 788 2927 843 eorum,
2979 790 3118 846 quos
3185 782 3514 830 veneranter
3568 773 3845 828 imitamur

2241 868 2402 933 atque
2426 861 2859 932 complectimur,
2911 878 3253 934 quorumque
3301 863 3518 918 statutis
3564 861 3845 918 consenti-

2241 965 2381 1006 mus.
2415 948 2895 1022 Ecclesiarumque
2937 951 3390 1023 gubernationem
3420 958 3692 1018 tenemus,
3727 949 3845 1005 fulti

2242 1038 2438 1093 virtute
2494 1030 2884 1106 interdicimus,
2937 1048 2990 1094 et
3058 1039 3114 1094 in
3168 1039 3423 1095 haerendo
3479 1038 3841 1109 prohibimus,

2242 1142 2311 1181 ne
2368 1126 2656 1198 quisquam
2702 1128 3089 1183 catholicorum
3153 1128 3333 1184 taliter
3393 1127 3586 1183 audeat
3641 1126 3844 1182 amodo

2242 1223 2294 1269 et
2326 1215 2587 1285 deinceps
2635 1231 2827 1288 agere,
2871 1223 2924 1272 et
2969 1216 3034 1282 si,
3076 1224 3134 1270 ut
3173 1232 3281 1271 non
3322 1224 3589 1286 optamus,
3651 1215 3845 1271 hacte-

2241 1319 2344 1357 nus
2374 1302 2666 1375 quidquam
2697 1303 2879 1359 taliter
2928 1312 3107 1360 actum
3141 1312 3243 1371 est,
3295 1303 3464 1375 digna
3502 1303 3843 1374 paenitudine

2242 1391 2613 1448 ecclesiastica
2668 1393 2986 1465 corrigatur.
3053 1392 3299 1463 Denique
3373 1393 3477 1446 hac
3521 1392 3843 1447 auctoritate

2242 1480 2535 1551 apostolica
2556 1480 2754 1536 virtute
2775 1481 2874 1535 Dei
2892 1481 3059 1536 nostri
3089 1481 3477 1536 intercedimus
3511 1487 3567 1534 ut
3594 1479 3841 1549 episcopi

2243 1568 2314 1622 ad
2370 1568 2655 1638 pristinam
2716 1574 2901 1624 sedem
2960 1568 3077 1624 sine
3133 1584 3282 1624 mora
3335 1568 3580 1633 redeant,
3633 1568 3762 1639 quia
3793 1567 3840 1621 si

2241 1655 2597 1723 tardaverint,
2671 1656 2928 1712 continuo
3020 1657 3167 1712 omni
3249 1656 3570 1712 sacerdotali
3626 1656 3837 1710 honore

547 1760 669 1815 qua:
724 1742 1090 1814 praemisimus
1146 1743 1215 1797 de
1269 1742 1654 1813 pervasoribus
1727 1749 1779 1795 et
1836 1739 2142 1811 raptoribus
2169 1743 2645 1831 Bspoliabuntur;
2695 1753 2749 1800 et
2806 1744 2932 1800 laici
2980 1745 3209 1800 redeant
3279 1745 3348 1799 ad
3405 1743 3638 1815 primum
3698 1759 3841 1799 con-

544 1847 725 1886 rerum
756 1839 808 1886 et
835 1830 1148 1887 facultatem
1204 1829 1715 1897 ecclesiasticarum,
1773 1828 1820 1882 si
1856 1844 1966 1883 non
1995 1827 2137 1882 resi-
2170 1827 2214 1831 ”
2235 1831 2448 1903 jugium

543 1918 780 1990 puerint,
825 1919 1031 1988 judicio
1079 1918 1309 1989 Spiritus
1358 1917 1528 1973 sancti
1583 1916 1949 1982 decernimus,
2001 1915 2140 1971 sicut

546 2008 737 2063 beatus
764 2006 1007 2062 decrevit
1039 2007 1364 2078 Gregorius,
1407 2005 1598 2062 dicens
1655 2005 1779 2076 quia
1816 2005 1952 2059 tales
1981 2002 2138 2058 Chri-

549 2095 710 2150 stiani
740 2111 852 2150 non
897 2102 1040 2164 sunt,
1074 2111 1323 2166 quosque
1358 2102 1411 2148 et
1476 2109 1599 2166 ego,
1653 2101 1705 2147 et
1734 2108 1924 2148 omnes
1954 2092 2144 2146 catho-

546 2182 638 2239 lici
667 2181 930 2259 episcopi,
965 2182 1075 2238 imo
1105 2190 1158 2238 et
1188 2182 1515 2237 universalis
1545 2181 1794 2238 Ecclesia
1826 2181 2140 2236 anathema-

550 2272 698 2326 tizat.

1164 2400 1520 2458 CCCLXXX.

545 2493 783 2549 Joannis
819 2507 981 2564 papa:
1022 2491 1236 2564 iterata
1291 2488 1806 2564 excommunicatio
1874 2488 2141 2564 adversus

617 2559 944 2619 Formosum
1008 2563 1349 2633 episcopum,
1386 2562 1710 2633 Gregorium
1750 2559 2140 2614 nomenclato-

616 2650 760 2701 rem,
795 2636 852 2688 et
883 2630 1174 2696 Geor-dium
1191 2630 1538 2702 magistrum
1555 2630 1832 2685 militum.

612 2732 947 2789 Auctoritate
989 2731 1291 2803 apostolica
1336 2746 1530 2801 parem
1579 2729 1904 2785 sententiam
1948 2729 2142 2784 iterato

544 2820 810 2876 damusin
856 2820 1196 2885 Formosum,
1239 2818 1523 2889 nuperime
1541 2818 1897 2873 Portuensem
1925 2816 2143 2888 episco-

544 2924 694 2980 pum,
728 2916 781 2963 et
824 2906 1151 2979 Gregorium
1200 2906 1520 2978 magistrum
1549 2905 1797 2972 militum,
1831 2907 2143 2960 anathema-

549 2996 620 3051 tis
651 3003 703 3052 et
746 3003 1022 3067 perpetua:
1078 2994 1446 3065 obligationis.
1477 2994 1544 3049 Et
1575 2994 1701 3064 quia
1731 3009 1839 3049 non
1890 2992 2146 3048 desinunt

548 3084 851 3158 inquietare
905 3100 1061 3139 aures
1118 3098 1308 3156 regum
1384 3098 1447 3139 ac
1502 3082 1832 3153 principum,
1881 3089 1935 3136 et
1987 3081 2142 3135 malis
2164 3117 2212 3181 α

545 3174 838 3245 prioribus,
866 3173 1040 3243 juncti
1073 3188 1196 3229 cum
1238 3170 1586 3243 praedonibus
1631 3178 1683 3226 et
1730 3169 2145 3225 subversoribus

547 3262 923 3328 ecclesiarum,
954 3277 1093 3317 nova
1121 3269 1173 3315 et
1202 3260 1445 3317 recentia
1492 3259 1638 3314 mala
1675 3258 1877 3313 addere
1906 3257 2144 3329 quotidie

542 3350 781 3419 student,
831 3348 1193 3406 insolabiliter
1243 3347 1461 3404 vinculo
1489 3354 1751 3418 perpetuo
1781 3354 1835 3401 et
1862 3346 2142 3416 irrecupe-

542 3438 727 3494 randaa
747 3437 883 3509 spei,
908 3437 1083 3493 sancti
1101 3436 1336 3507 Spiritus
1363 3435 1463 3491 Dei
1493 3434 1667 3491 nostri
1691 3434 1888 3491 virtute
1916 3434 2145 3488 damna-

538 3544 680 3594 mus,
741 3542 1065 3597 omnemque
1111 3524 1219 3579 illis
1260 3524 1629 3596 suspicionem
1687 3522 1997 3579 obtinendae
2060 3521 2144 3576 in-

539 3615 835 3688 dulgentiae
864 3613 1277 3669 irreserabiliter
1315 3612 1675 3681 excludimus,
1726 3619 1779 3667 et
1828 3626 2019 3666 omnes
2049 3609 2142 3681 qui

540 3704 650 3757 illis
681 3701 1206 3758 oommunicaverint
1252 3700 1651 3770 adjutoriumve
1696 3698 2048 3770 praebuerint,
2071 3697 2141 3753 de

545 3806 866 3863 quocunque
896 3790 1109 3860 ordine,
1135 3789 1248 3845 sive
1279 3788 1573 3860 episcopali
1594 3794 1687 3843 aut
1716 3787 1918 3856 laicali,
1941 3795 2140 3858 poten-

542 3886 646 3947 tes,
680 3878 988 3935 mediocres
1024 3894 1090 3934 ac
1134 3893 1422 3948 pauperes,
1455 3876 1511 3931 in
1541 3892 1729 3932 eorum
1758 3875 1984 3947 prolatis
2018 3890 2163 3930 ma--

538 3967 920 4025 ledictionibus
992 3966 1353 4031 involvantur,
1418 3980 1647 4037 quorum
1723 3962 2001 4020 consortio
2064 3962 2141 4018 uti

538 4072 650 4113 non
707 4063 970 4124 metuant,
1031 4063 1085 4111 et
1138 4055 1244 4111 nisi
1299 4053 1649 4126 resipuerint,
1700 4053 1809 4107 sint
1852 4051 2139 4107 anathema

536 4145 873 4201 maranatha.

1146 4258 1487 4314 CCCXXXI.

545 4352 841 4407 Statutum
870 4347 1109 4404 Joannis
1137 4363 1309 4418 papae
1329 4347 1595 4401 adversus
1618 4347 1788 4401 laico:
1808 4343 2140 4418 qui,_viven-

550 4470 553 4471 ν
614 4421 762 4476 tibus
789 4419 1084 4481 uxoribus,
1111 4415 1256 4471 alia:
1275 4416 1516 4482 ducunt,
1549 4420 1607 4471 et
1636 4415 1835 4471 contra
1854 4415 2136 4486 episcopos

611 4492 710 4563 qui
737 4490 804 4545 de
836 4490 1060 4563 minore
1090 4487 1160 4563 ad
1200 4488 1475 4558 majorem
1523 4486 1833 4542 Ecclesium
1883 4484 2135 4540 ambitus

612 4559 787 4618 causa
814 4559 1157 4628 demigrant.

606 4667 753 4722 Inter
799 4662 1064 4720 nonnulla
1107 4661 1494 4718 necessitatum
1524 4678 1555 4718 a
1586 4670 1775 4718 sancta
1803 4661 2015 4733 synodo
2043 4676 2135 4715 re-

536 4755 822 4810 clamatum
879 4759 962 4808 est
1040 4751 1185 4822 quod
1256 4750 1517 4807 laicorum
1589 4750 1810 4822 quidam
1830 4791 1844 4820 ,
1932 4747 2136 4803 sortitis

532 4842 708 4913 primo
752 4841 1004 4915 legaliter
1075 4839 1362 4912 conjugiis,
1412 4839 1713 4911 postposito
1762 4837 1862 4893 Dei
1918 4835 2133 4902 timore,

536 4930 761 4985 secundi
792 4929 880 4985 vel
923 4927 1086 4997 tertii,
1133 4928 1311 4985 adhuc
1370 4944 1537 4983 uxore
1598 4927 1836 4993 vivente,
1897 4925 2139 4997 conjugii

539 5017 790 5089 copulam
831 5017 1173 5074 contrahant.
1208 5018 1288 5073 De
1332 5017 1528 5089 quibus
1564 5015 1708 5072 Otilo
1736 5014 1959 5088 quidam
1995 5014 2137 5068 intra

535 5106 850 5178 parochiam
882 5106 1145 5180 Rostagni
1198 5104 1536 5161 Arelatensis
1572 5102 1834 5175 episcOpi,
1868 5110 1921 5159 et
1972 5101 2139 5158 ΕοοΙ-

540 5194 645 5251 dus
671 5194 816 5251 intra
858 5194 1129 5251 Ottramni
1171 5194 1495 5251 Viennensis
1540 5191 1954 5264 archiepiscopi,
2005 5189 2138 5245 talia

538 5282 739 5341 fecisse
790 5283 1082 5340 multorum
1158 5282 1305 5339 fama
1350 5281 1603 5339 refertur.
1654 5281 1740 5336 Ad
1784 5286 2138 5352 augmentum

538 5387 756 5446 quoque
796 5388 985 5429 earum
1026 5371 1541 5446 transgressionem,
1571 5368 1718 5442 quod
1764 5367 2018 5425 ﬂebiliter
2048 5365 2135 5421 di-

533 5460 727 5532 cimus,
787 5460 1028 5517 additum
1086 5468 1171 5516 est
1245 5451 1394 5533 quod
1470 5457 1856 5531 episcoporum
1915 5455 2137 5529 quidam

532 5549 675 5606 intra
724 5556 933 5621 septem
982 5548 1290 5621 provincias
1357 5546 1677 5615 Galliarum,
1741 5545 1951 5603 calcato
2015 5551 2136 5599 ter-

2507 1848 2519 1887 :
2573 1833 2658 1887 sin
2704 1840 2905 1900 autem,
2970 1833 3186 1890 vinculo
3255 1831 3617 1888 anathematis
3670 1831 3836 1887 inno-

2239 1920 2452 1975 dentur.

2833 2026 3241 2082 CCCLXXXII.

2383 2128 2455 2168 AD
2486 2129 2703 2170 CLERUH
2724 2128 2793 2169 ΕΤ
2822 2130 3080 2170 POPULUM
3108 2129 3683 2171 AUGUSTODUNENSEN.

2905 2202 3033 2273 (An.
3059 2202 3189 2273 inc).

2242 2291 2611 2364 Privilegium
2657 2291 2913 2364 concedit
2955 2308 3137 2364 unum
3167 2307 3242 2364 ea:
3273 2291 3413 2358 suis,
3454 2308 3632 2364 quem,
3654 2292 3844 2347 clerus

2314 2366 2370 2434 et
2394 2362 2635 2433 populus
2652 2362 3110 2434 proclamaverit,
3141 2362 3249 2434 sibi
3295 2362 3679 2434 prmpbnendi,
3721 2378 3842 2416 non

2314 2432 2574 2487 obstante
2604 2432 2894 2490 contrario
2923 2448 3118 2504 regum
3136 2433 3221 2488 vel
3240 2432 3571 2505 principum
3597 2433 3840 2489 delectu.

2313 2545 2568 2600 JOANNES
2590 2545 2900 2616 episcopus,
2935 2563 3126 2601 servus
3149 2561 3432 2601 servorum
3444 2545 3564 2612 Dei,
3585 2546 3840 2602 omnibus

2243 2633 2368 2688 ﬁliis
2399 2641 2603 2689 sanctae
2631 2633 2904 2689 Eduensis
2933 2633 3193 2690 Ecclesiae
3223 2641 3276 2689 et
3297 2649 3399 2705 per
3429 2648 3527 2689 vos
3555 2650 3844 2692 successo-

2243 2721 2395 2776 ribus
2412 2720 2606 2777 vestris
2626 2721 2680 2775 in
2710 2729 3051 2792 perpetuum.

2315 2809 2568 2865 Auditum
2587 2817 2669 2864 est
2698 2809 2900 2864 nostris
2930 2808 3246 2880 apostolicis
3274 2809 3501 2865 auribus
3542 2817 3595 2866 et
3642 2811 3840 2867 crebro

2244 2898 2541 2953 intimatum
2599 2897 2918 2969 frequenter
2970 2898 3233 2954 Ecclesiis
3290 2897 3591 2954 Galliarum
3650 2908 3840 2955 contra

2245 2988 2464 3042 decreta
2491 3001 2757 3042 canonum
2787 2986 2843 3040 in
2872 2986 3135 3042 electione
3192 3001 3415 3042 suorum
3457 2987 3837 3058 episcoporum

2243 3074 2562 3131 violentiam
2583 3074 2804 3129 inferre.
2838 3072 2999 3143 Quod
3028 3090 3149 3141 nos,
3183 3075 3268 3130 cui
3297 3075 3669 3131 Ecclesiarum
3713 3091 3835 3131 om-

2244 3162 2390 3218 nium
2423 3178 2552 3219 cura
2590 3163 2885 3218 commissa
2914 3171 2997 3217 est
3024 3163 3269 3234 quamvis
3296 3162 3557 3235 indignis,
3591 3163 3836 3219 viscera-

2244 3251 2369 3306 ]iter
2397 3250 2773 3318 condolentes,
2807 3250 2875 3305 ab
2904 3250 3174 3306 universis
3202 3250 3466 3306 Ecclesiis
3494 3251 3635 3307 hanc
3656 3251 3837 3306 inser-

2242 3347 2354 3394 tam
2370 3338 2679 3395 violentiam
2708 3338 3027 3394 auctoritate
3048 3338 3151 3394 Dei
3181 3346 3234 3394 et
3263 3339 3404 3394 beati
3425 3339 3571 3394 Petri
3588 3339 3837 3395 recidere

2245 3428 2545 3498 cupientes,
2576 3426 2851 3497 praecipue
2876 3426 3050 3493 vobis,
3071 3434 3271 3483 sanctae
3309 3427 3568 3498 videlicet
3591 3427 3839 3483 Eduensi

2243 3515 2524 3583 Ecclesiae,
2558 3515 2715 3584 hujus
2767 3515 2940 3570 nostri
2969 3514 3172 3571 decreti
3200 3514 3547 3586 privilegium
3596 3514 3837 3571 scribere

2245 3603 2592 3669 sancivimus,
2619 3619 2779 3674 reges
2812 3604 3147 3659 Francorum
3174 3603 3410 3674 primum
3456 3602 3839 3658 observatores

2243 3700 2462 3748 orantes
2487 3709 2502 3757 ;
2534 3691 2590 3745 in
2605 3704 2711 3762 quo
2728 3690 3071 3747 decernimus
3101 3699 3152 3746 et
3182 3691 3508 3762 regulariter
3524 3691 3837 3747 ordinamus

2243 3788 2299 3835 ut
2319 3780 2577 3850 deinceps
2606 3795 2769 3834 nemo
2816 3796 3006 3850 regum
3048 3779 3136 3834 vel
3180 3778 3483 3850 principum
3543 3779 3631 3835 vel
3662 3778 3842 3850 aliqua

2242 3884 2480 3939 persona
2500 3866 2655 3923 vobis
2697 3882 3063 3938 superponere
3091 3865 3177 3921 vel
3206 3866 3462 3922 ordinare
3489 3874 3583 3921 aut
3609 3882 3829 3922 succes-

2244 3955 2464 4012 soribus
2491 3955 2688 4011 vestris
2717 3954 3133 4026 praesumatnisi
3153 3970 3221 4009 ex
3234 3953 3357 4009 filiis
3373 3954 3545 4025 ipsius
3574 3954 3834 4011 Ecclesiae

2244 4044 2544 4100 secundum
2578 4043 2779 4114 scripta
2811 4058 3099 4112 canonum,
3133 4059 3292 4114 quem
3313 4042 3491 4097 clerus
3521 4042 3748 4115 elegerit
3778 4049 3830 4096 et

2239 4132 2472 4204 populus
2499 4131 2934 4202 proclamaverit,
2967 4131 3012 4185 si
3042 4131 3097 4185 in
3141 4146 3205 4186 ea
3250 4130 3448 4203 dignus
3474 4130 3705 4201 reperiri
3731 4145 3833 4201 po-

2243 4221 2420 4276 tuerit.
2454 4220 2610 4289 Quod
2642 4220 2689 4275 si
2718 4219 2773 4275 in
2805 4234 2890 4287 ea,
2915 4218 3063 4290 quod
3091 4218 3229 4274 forte
3256 4219 3503 4275 accidere
3522 4234 3632 4273 non
3663 4218 3833 4274 credi-

2239 4325 2382 4376 mus,
2415 4308 2665 4365 inventus
2719 4323 2827 4363 non
2873 4307 3050 4375 fuerit,
3098 4306 3338 4361 unanimi
3384 4322 3571 4362 eorum
3607 4307 3833 4363 consilio

2241 4405 2352 4453 tam
2371 4397 2503 4453 cieri
2534 4411 2697 4468 quam
2726 4396 2912 4468 populi
2943 4396 3011 4452 de
3046 4395 3166 4451 aliis
3195 4395 3551 4468 dignissimus
3580 4403 3831 4467 expecta-

2240 4492 2344 4540 tur.
2369 4486 2731 4555 Vestrumque
2761 4484 2995 4557 denique
3012 4485 3295 4553 honorem,
3330 4499 3493 4554 quem
3523 4483 3592 4539 de
3622 4483 3830 4538 seniore

2241 4573 2420 4645 adepti
2462 4572 2689 4639 fueritis,
2739 4572 2809 4628 de
2853 4573 3050 4629 vestris
3095 4571 3347 4627 domibus
3408 4578 3462 4626 et
3517 4571 3586 4626 de
3643 4571 3831 4627 vestris
3932 4642 3947 4653 .

2240 4661 2486 4718 canoniis
2528 4670 2578 4717 et
2635 4661 2704 4717 de
2732 4661 3006 4717 communi
3051 4676 3216 4716 causa
3254 4659 3476 4715 fratrum
3508 4668 3561 4716 et
3589 4660 3657 4715 de
3690 4657 3833 4714 omni

2239 4749 2570 4822 proprietate
2600 4757 2786 4805 vestra
2813 4750 2869 4804 in
2892 4748 3201 4805 haeredibus
3229 4748 3487 4821 legitimis
3532 4748 3828 4803 statuendis

2240 4847 2295 4895 et
2324 4838 2592 4912 eligendis
2621 4854 2688 4894 ex
2717 4839 2838 4908 ipsa
2867 4838 3030 4893 domo
3059 4846 3245 4892 nostra
3274 4836 3575 4908 apostolica
3594 4835 3824 4893 auctori-

2238 4935 2348 4984 tate
2394 4927 2671 4984 licentiam
2710 4926 2867 4983 vobis
2899 4926 3250 4982 concedimus
3297 4925 3583 4981 ordinandi
3626 4925 3826 4996 absque

2238 5016 2468 5086 alicujus
2526 5014 2900 5071 controversia
2956 5014 3346 5085 impedimenti.
3399 5013 3456 5069 Si
3511 5013 3633 5085 quis
3677 5028 3821 5076 vero,

2237 5121 2470 5177 magnus
2527 5103 2615 5159 vel
2677 5119 2902 5175 parvus,
2964 5110 3153 5158 contra
3199 5103 3305 5159 hoc
3346 5109 3591 5158 nostrum
3643 5101 3825 5157 decre-

2236 5209 2353 5260 tum
2410 5199 2465 5248 et
2535 5191 2910 5249 concessivam
2955 5190 3302 5264 largitionem
3366 5190 3423 5246 in
3468 5190 3651 5262 aliquo
3717 5204 3825 5244 sur-

2238 5292 2373 5350 gere
2415 5284 2768 5348 nostramque
2806 5274 3161 5347 apostolicam
3206 5273 3579 5331 auctoritatem
3626 5272 3826 5329 violare

2238 5364 2327 5420 vel
2372 5363 2651 5421 inﬁrmare
2701 5363 3129 5436 praesumpserit,
3178 5362 3315 5420 sciat
3364 5378 3425 5418 se
3471 5360 3820 5417 anathematis

2238 5452 2454 5508 vinculo
2483 5460 2683 5509 sanctas
2714 5452 2988 5508 Trinitatis
3023 5451 3368 5508 invocatione
3415 5458 3467 5507 et
3493 5449 3633 5505 beati
3682 5446 3821 5503 Petri

2240 5540 2473 5612 apostoli
2501 5548 2768 5612 potestate
2811 5555 2878 5597 ac
2926 5548 3116 5597 nostra
3144 5539 3465 5597 auctoritate
3500 5536 3820 5596 eternaliter
