  <div class='ocr_page' id='page_1' title='image "/cluster/home/n/w/nwhite01/storage/ocr_20150623/126/umn.31951002477419r/548.png"; bbox 0 0 4086 6308; ppageno 0'>
   <div class='ocr_carea' id='block_1_1' title="bbox 268 324 369 377">
    <p class='ocr_par' dir='ltr' id='par_1_1' title="bbox 268 324 369 377">
     <span class='ocr_line' id='line_1_1' title="bbox 268 324 369 377; baseline 0 -1"><span class='ocrx_word' id='word_1_1' title='bbox 268 324 369 377; x_wconf 81' lang='grc'><strong>965</strong></span> 
     </span>
    </p>
   </div>
   <div class='ocr_carea' id='block_1_2' title="bbox 1160 307 2705 370">
    <p class='ocr_par' dir='ltr' id='par_1_2' title="bbox 1160 307 2705 370">
     <span class='ocr_line' id='line_1_2' title="bbox 1160 307 2705 370; baseline -0.003 0"><span class='ocrx_word' id='word_1_2' title='bbox 1160 312 1474 370; x_wconf 83' lang='lat' dir='ltr'><strong>MARINUS</strong></span> <span class='ocrx_word' id='word_1_3' title='bbox 1523 310 1702 366; x_wconf 85' lang='lat' dir='ltr'><strong>PAPA</strong></span> <span class='ocrx_word' id='word_1_4' title='bbox 1755 311 1797 364; x_wconf 93' lang='grc' dir='ltr'><strong>Ι.</strong></span> <span class='ocrx_word' id='word_1_5' title='bbox 1851 339 1918 349; x_wconf 90' lang='grc'><strong>-</strong></span> <span class='ocrx_word' id='word_1_6' title='bbox 1975 307 2260 364; x_wconf 88' lang='grc' dir='ltr'><strong>ΝΟΤΙΤΙΑ</strong></span> <span class='ocrx_word' id='word_1_7' title='bbox 2309 309 2705 367; x_wconf 85' lang='lat' dir='ltr'><strong>HISTORICA.</strong></span> 
     </span>
    </p>
   </div>
   <div class='ocr_carea' id='block_1_3' title="bbox 3463 313 3568 366">
    <p class='ocr_par' dir='ltr' id='par_1_3' title="bbox 3463 313 3568 366">
     <span class='ocr_line' id='line_1_3' title="bbox 3463 313 3568 366; baseline -0.019 0"><span class='ocrx_word' id='word_1_8' title='bbox 3463 313 3568 366; x_wconf 82' lang='lat'><strong>966</strong></span> 
     </span>
    </p>
   </div>
   <div class='ocr_carea' id='block_1_4' title="bbox 258 422 3564 509">
    <p class='ocr_par' dir='ltr' id='par_1_4' title="bbox 258 422 3564 509">
     <span class='ocr_line' id='line_1_4' title="bbox 258 422 3564 509; baseline -0.003 -10"><span class='ocrx_word' id='word_1_9' title='bbox 258 459 377 500; x_wconf 91' lang='lat' dir='ltr'><strong>cum</strong></span> <span class='ocrx_word' id='word_1_10' title='bbox 407 443 640 500; x_wconf 90' lang='lat' dir='ltr'><strong>inimicis</strong></span> <span class='ocrx_word' id='word_1_11' title='bbox 670 443 769 497; x_wconf 89' lang='lat' dir='ltr'><strong>Dei</strong></span> <span class='ocrx_word' id='word_1_12' title='bbox 800 450 852 496; x_wconf 88' lang='lat' dir='ltr'><strong>et</strong></span> <span class='ocrx_word' id='word_1_13' title='bbox 881 441 998 509; x_wconf 88' lang='lat' dir='ltr'><strong>ejus</strong></span> <span class='ocrx_word' id='word_1_14' title='bbox 1028 422 1520 496; x_wconf 85' lang='lat' dir='ltr'><strong>contradictoribus</strong></span> <span class='ocrx_word' id='word_1_15' title='bbox 1569 450 1742 505; x_wconf 92' lang='lat' dir='ltr'><strong>usque</strong></span> <span class='ocrx_word' id='word_1_16' title='bbox 1781 434 1854 489; x_wconf 88' lang='lat' dir='ltr'><strong>ad</strong></span> <span class='ocrx_word' id='word_1_17' title='bbox 1882 434 2080 494; x_wconf 81' lang='lat' dir='ltr'><strong>Arum</strong></span> <span class='ocrx_word' id='word_1_18' title='bbox 2122 434 2238 486; x_wconf 92' lang='lat' dir='ltr'><strong>Deo</strong></span> <span class='ocrx_word' id='word_1_19' title='bbox 2285 442 2692 505; x_wconf 78' lang='lat' dir='ltr'><strong>consequantur</strong></span> <span class='ocrx_word' id='word_1_20' title='bbox 2740 441 2792 488; x_wconf 87' lang='lat' dir='ltr'><strong>et</strong></span> <span class='ocrx_word' id='word_1_21' title='bbox 2838 434 3004 489; x_wconf 89' lang='lat' dir='ltr'><strong>vitam</strong></span> <span class='ocrx_word' id='word_1_22' title='bbox 3049 442 3310 489; x_wconf 67' lang='lat' dir='ltr'><strong>mternam</strong></span> <span class='ocrx_word' id='word_1_23' title='bbox 3358 434 3564 490; x_wconf 90' lang='lat' dir='ltr'><strong>habere</strong></span> 
     </span>
    </p>
   </div>
   <div class='ocr_carea' id='block_1_5' title="bbox 260 524 1852 603">
    <p class='ocr_par' dir='ltr' id='par_1_5' title="bbox 260 524 1852 603">
     <span class='ocr_line' id='line_1_5' title="bbox 260 524 1852 603; baseline -0.006 -17"><span class='ocrx_word' id='word_1_24' title='bbox 260 533 684 588; x_wconf 80' lang='lat' dir='ltr'><strong>satisfactionem</strong></span> <span class='ocrx_word' id='word_1_25' title='bbox 713 530 1059 603; x_wconf 85' lang='lat' dir='ltr'><strong>proﬂigatum</strong></span> <span class='ocrx_word' id='word_1_26' title='bbox 1091 544 1156 584; x_wconf 92' lang='lat' dir='ltr'><strong>ac</strong></span> <span class='ocrx_word' id='word_1_27' title='bbox 1187 528 1242 581; x_wconf 92' lang='lat' dir='ltr'><strong>in</strong></span> <span class='ocrx_word' id='word_1_28' title='bbox 1269 534 1592 597; x_wconf 89' lang='lat' dir='ltr'><strong>perpetuum</strong></span> <span class='ocrx_word' id='word_1_29' title='bbox 1622 524 1852 578; x_wconf 89' lang='lat' dir='ltr'><strong>damna-</strong></span> 
     </span>
    </p>
   </div>
   <div class='ocr_carea' id='block_1_6' title="bbox 257 612 1855 685">
    <p class='ocr_par' dir='ltr' id='par_1_6' title="bbox 257 612 1855 685">
     <span class='ocr_line' id='line_1_6' title="bbox 257 612 1855 685; baseline -0.007 -11"><span class='ocrx_word' id='word_1_30' title='bbox 257 629 384 676; x_wconf 90' lang='lat' dir='ltr'><strong>tum.</strong></span> <span class='ocrx_word' id='word_1_31' title='bbox 419 622 843 676; x_wconf 87' lang='lat' dir='ltr'><strong>Conservatores</strong></span> <span class='ocrx_word' id='word_1_32' title='bbox 887 625 1063 672; x_wconf 91' lang='lat' dir='ltr'><strong>autem</strong></span> <span class='ocrx_word' id='word_1_33' title='bbox 1104 617 1262 685; x_wconf 89' lang='lat' dir='ltr'><strong>hujus</strong></span> <span class='ocrx_word' id='word_1_34' title='bbox 1311 615 1481 669; x_wconf 83' lang='lat' dir='ltr'><strong>nostri</strong></span> <span class='ocrx_word' id='word_1_35' title='bbox 1513 612 1720 668; x_wconf 82' lang='lat' dir='ltr'><strong>decreti</strong></span> <span class='ocrx_word' id='word_1_36' title='bbox 1749 627 1855 681; x_wconf 84' lang='lat' dir='ltr'><strong>pax</strong></span> 
     </span>
    </p>
   </div>
   <div class='ocr_carea' id='block_1_7' title="bbox 259 700 1856 782">
    <p class='ocr_par' dir='ltr' id='par_1_7' title="bbox 259 700 1856 782">
     <span class='ocr_line' id='line_1_7' title="bbox 259 700 1856 782; baseline -0.008 -17"><span class='ocrx_word' id='word_1_37' title='bbox 259 718 308 766; x_wconf 90' lang='lat' dir='ltr'><strong>et</strong></span> <span class='ocrx_word' id='word_1_38' title='bbox 339 709 595 782; x_wconf 83' lang='lat' dir='ltr'><strong>gaudium</strong></span> <span class='ocrx_word' id='word_1_39' title='bbox 626 717 678 764; x_wconf 91' lang='lat' dir='ltr'><strong>et</strong></span> <span class='ocrx_word' id='word_1_40' title='bbox 706 706 1014 763; x_wconf 87' lang='lat' dir='ltr'><strong>benedictio</strong></span> <span class='ocrx_word' id='word_1_41' title='bbox 1045 721 1078 761; x_wconf 89' lang='lat' dir='ltr'><strong>a</strong></span> <span class='ocrx_word' id='word_1_42' title='bbox 1103 705 1360 777; x_wconf 89' lang='lat' dir='ltr'><strong>largitore</strong></span> <span class='ocrx_word' id='word_1_43' title='bbox 1389 701 1630 758; x_wconf 90' lang='lat' dir='ltr'><strong>omnium</strong></span> <span class='ocrx_word' id='word_1_44' title='bbox 1679 700 1856 754; x_wconf 90' lang='lat' dir='ltr'><strong>bono-</strong></span> 
     </span>
    </p>
   </div>
   <div class='ocr_carea' id='block_1_8' title="bbox 259 875 1957 900">
    <p class='ocr_par' dir='ltr' id='par_1_8' title="bbox 259 875 1957 900">
     <span class='ocr_line' id='line_1_8' title="bbox 259 875 1957 900; baseline -0.003 0"><span class='ocrx_word' id='word_1_45' title='bbox 259 875 1957 900; x_wconf 52' lang='grc' dir='ltr'><em>Μ</em></span> 
     </span>
    </p>
   </div>
   <div class='ocr_carea' id='block_1_9' title="bbox 1953 522 3562 592">
    <p class='ocr_par' dir='ltr' id='par_1_9' title="bbox 1953 522 3562 592">
     <span class='ocr_line' id='line_1_9' title="bbox 1953 522 3562 592; baseline 0.001 -17"><span class='ocrx_word' id='word_1_46' title='bbox 1953 530 2278 576; x_wconf 89' lang='lat' dir='ltr'><strong>mereantur.</strong></span> <span class='ocrx_word' id='word_1_47' title='bbox 2316 522 2587 592; x_wconf 81' lang='lat' dir='ltr'><strong>Scriptum</strong></span> <span class='ocrx_word' id='word_1_48' title='bbox 2618 539 2716 592; x_wconf 92' lang='lat' dir='ltr'><strong>per</strong></span> <span class='ocrx_word' id='word_1_49' title='bbox 2745 539 2934 576; x_wconf 91' lang='lat' dir='ltr'><strong>manus</strong></span> <span class='ocrx_word' id='word_1_50' title='bbox 2973 523 3244 577; x_wconf 91' lang='lat' dir='ltr'><strong>Theodori</strong></span> <span class='ocrx_word' id='word_1_51' title='bbox 3294 522 3562 578; x_wconf 88' lang='lat' dir='ltr'><strong>scriniarii</strong></span> 
     </span>
    </p>
   </div>
   <div class='ocr_carea' id='block_1_10' title="bbox 1957 610 3560 666">
    <p class='ocr_par' dir='ltr' id='par_1_10' title="bbox 1957 610 3560 666">
     <span class='ocr_line' id='line_1_10' title="bbox 1957 610 3560 666; baseline 0.002 -3"><span class='ocrx_word' id='word_1_52' title='bbox 1957 618 2156 664; x_wconf 65' lang='lat' dir='ltr'><strong>sanctae</strong></span> <span class='ocrx_word' id='word_1_53' title='bbox 2204 611 2461 664; x_wconf 70' lang='lat' dir='ltr'><strong>Romanae</strong></span> <span class='ocrx_word' id='word_1_54' title='bbox 2507 610 2770 666; x_wconf 65' lang='lat' dir='ltr'><strong>Ecclesiae</strong></span> <span class='ocrx_word' id='word_1_55' title='bbox 2802 610 2857 663; x_wconf 91' lang='lat' dir='ltr'><strong>in</strong></span> <span class='ocrx_word' id='word_1_56' title='bbox 2886 627 3075 665; x_wconf 90' lang='lat' dir='ltr'><strong>mense</strong></span> <span class='ocrx_word' id='word_1_57' title='bbox 3106 611 3284 666; x_wconf 83' lang='lat' dir='ltr'><strong>Martii</strong></span> <span class='ocrx_word' id='word_1_58' title='bbox 3327 618 3380 666; x_wconf 89' lang='lat' dir='ltr'><strong>et</strong></span> <span class='ocrx_word' id='word_1_59' title='bbox 3423 611 3560 666; x_wconf 87' lang='lat' dir='ltr'><strong>indi-</strong></span> 
     </span>
    </p>
   </div>
   <div class='ocr_carea' id='block_1_11' title="bbox 1958 698 3150 754">
    <p class='ocr_par' dir='ltr' id='par_1_11' title="bbox 1958 698 3150 754">
     <span class='ocr_line' id='line_1_11' title="bbox 1958 698 3150 754; baseline 0.001 -1"><span class='ocrx_word' id='word_1_60' title='bbox 1958 698 2134 753; x_wconf 89' lang='lat' dir='ltr'><strong>ctione</strong></span> <span class='ocrx_word' id='word_1_61' title='bbox 2166 707 2339 753; x_wconf 84' lang='lat' dir='ltr'><strong>sexta.</strong></span> <span class='ocrx_word' id='word_1_62' title='bbox 2375 700 2598 754; x_wconf 86' lang='lat' dir='ltr'><strong>Datum.</strong></span> <span class='ocrx_word' id='word_1_63' title='bbox 2623 741 2634 753; x_wconf 94' lang='lat'><strong>.</strong></span> <span class='ocrx_word' id='word_1_64' title='bbox 2659 741 2670 753; x_wconf 96' lang='lat'><strong>.</strong></span> <span class='ocrx_word' id='word_1_65' title='bbox 2693 740 2706 753; x_wconf 93' lang='lat'><strong>.</strong></span> <span class='ocrx_word' id='word_1_66' title='bbox 2730 740 2742 753; x_wconf 93' lang='lat'><strong>.</strong></span> <span class='ocrx_word' id='word_1_67' title='bbox 2782 699 2923 754; x_wconf 91' lang='lat' dir='ltr'><strong>Bene</strong></span> <span class='ocrx_word' id='word_1_68' title='bbox 2957 699 3150 754; x_wconf 79' lang='lat' dir='ltr'><strong>valete.</strong></span> 
     </span>
    </p>
   </div>
   <div class='ocr_carea' id='block_1_12' title="bbox 1497 1003 2331 1046">
    <p class='ocr_par' dir='ltr' id='par_1_12' title="bbox 1497 1003 2331 1046">
     <span class='ocr_line' id='line_1_12' title="bbox 1497 1003 2331 1046; baseline -0.006 1"><span class='ocrx_word' id='word_1_69' title='bbox 1497 1005 1652 1046; x_wconf 77' lang='lat' dir='ltr'><strong>ANNO</strong></span> <span class='ocrx_word' id='word_1_70' title='bbox 1701 1003 1903 1046; x_wconf 78' lang='lat' dir='ltr'><strong>DOMINI</strong></span> <span class='ocrx_word' id='word_1_71' title='bbox 1947 1003 2331 1044; x_wconf 80' lang='lat' dir='ltr'><strong>DCCCLXXXIV.</strong></span> 
     </span>
    </p>
   </div>
   <div class='ocr_carea' id='block_1_13' title="bbox 770 1165 3052 1375">
    <p class='ocr_par' dir='ltr' id='par_1_13' title="bbox 770 1165 3052 1375">
     <span class='ocr_line' id='line_1_13' title="bbox 770 1165 3052 1375; baseline -0.002 -6"><span class='ocrx_word' id='word_1_72' title='bbox 770 1165 1967 1375; x_wconf 79' lang='lat' dir='ltr'><strong>MARINUS</strong></span> <span class='ocrx_word' id='word_1_73' title='bbox 2107 1169 2816 1366; x_wconf 78' lang='lat' dir='ltr'><strong>PAPA</strong></span> <span class='ocrx_word' id='word_1_74' title='bbox 2960 1169 3052 1365; x_wconf 91' lang='grc' dir='ltr'>Ι</span> 
     </span>
    </p>
   </div>
   <div class='ocr_carea' id='block_1_14' title="bbox 1377 1409 2431 1556">
    <p class='ocr_par' dir='ltr' id='par_1_14' title="bbox 1377 1409 2431 1556">
     <span class='ocr_line' id='line_1_14' title="bbox 1377 1409 2431 1556; baseline 0.004 -4"><span class='ocrx_word' id='word_1_75' title='bbox 1377 1467 1776 1552; x_wconf 84' lang='lat' dir='ltr'><strong>NOTITIA</strong></span> <span class='ocrx_word' id='word_1_76' title='bbox 1846 1409 2431 1556; x_wconf 80' lang='lat' dir='ltr'><strong>HISTORICA.</strong></span> 
     </span>
    </p>
   </div>
   <div class='ocr_carea' id='block_1_15' title="bbox 1144 1627 2604 1732">
    <p class='ocr_par' dir='ltr' id='par_1_15' title="bbox 1144 1627 2604 1732">
     <span class='ocr_line' id='line_1_15' title="bbox 1144 1627 2604 1732; baseline 0.002 -21"><span class='ocrx_word' id='word_1_77' title='bbox 1144 1627 1147 1630; x_wconf 21' lang='grc' dir='ltr'><strong>Ι</strong></span> <span class='ocrx_word' id='word_1_78' title='bbox 1208 1657 1388 1728; x_wconf 81' lang='lat' dir='ltr'><strong>(Apud</strong></span> <span class='ocrx_word' id='word_1_79' title='bbox 1426 1658 1622 1728; x_wconf 87' lang='lat' dir='ltr'><strong>Mansi,</strong></span> <span class='ocrx_word' id='word_1_80' title='bbox 1661 1660 1960 1715; x_wconf 85' lang='lat' dir='ltr'><strong>Sacrorum</strong></span> <span class='ocrx_word' id='word_1_81' title='bbox 2000 1662 2204 1717; x_wconf 85' lang='lat' dir='ltr'><strong>Concil.</strong></span> <span class='ocrx_word' id='word_1_82' title='bbox 2238 1661 2404 1732; x_wconf 87' lang='lat' dir='ltr'><strong>ampl.</strong></span> <span class='ocrx_word' id='word_1_83' title='bbox 2441 1661 2604 1731; x_wconf 95' lang='lat' dir='ltr'><strong>Coll.)</strong></span> 
     </span>
    </p>
   </div>
   <div class='ocr_carea' id='block_1_16' title="bbox 329 1887 3562 1970">
    <p class='ocr_par' dir='ltr' id='par_1_16' title="bbox 329 1887 3562 1970">
     <span class='ocr_line' id='line_1_16' title="bbox 329 1887 3562 1970; baseline 0 -28"><span class='ocrx_word' id='word_1_84' title='bbox 329 1889 566 1970; x_wconf 70' lang='lat' dir='ltr'><strong>Marinus</strong></span> <span class='ocrx_word' id='word_1_85' title='bbox 586 1888 1110 1970; x_wconf 46' lang='lat' dir='ltr'><strong>&#39;Gallesionoppi&#39;do‘</strong></span> <span class='ocrx_word' id='word_1_86' title='bbox 1147 1889 1428 1970; x_wconf 71' lang='lat' dir='ltr'><strong>oriundus,</strong></span> <span class='ocrx_word' id='word_1_87' title='bbox 1463 1899 1588 1970; x_wconf 73' lang='lat' dir='ltr'><strong>post</strong></span> <span class='ocrx_word' id='word_1_88' title='bbox 1619 1890 1857 1970; x_wconf 78' lang='lat' dir='ltr'><strong>triduum</strong></span> <span class='ocrx_word' id='word_1_89' title='bbox 1888 1899 1939 1956; x_wconf 83' lang='grc' dir='ltr'>Β</span> <span class='ocrx_word' id='word_1_90' title='bbox 1961 1899 2205 1970; x_wconf 78' lang='lat' dir='ltr'><strong>tuensem</strong></span> <span class='ocrx_word' id='word_1_91' title='bbox 2236 1905 2459 1970; x_wconf 65' lang='lat' dir='ltr'><strong>munere</strong></span> <span class='ocrx_word' id='word_1_92' title='bbox 2488 1888 2822 1970; x_wconf 76' lang='lat' dir='ltr'><strong>apostolatus</strong></span> <span class='ocrx_word' id='word_1_93' title='bbox 2843 1887 2988 1957; x_wconf 88' lang='lat' dir='ltr'><strong>apud</strong></span> <span class='ocrx_word' id='word_1_94' title='bbox 3015 1887 3276 1970; x_wconf 77' lang='lat' dir='ltr'><strong>Bulgaros</strong></span> <span class='ocrx_word' id='word_1_95' title='bbox 3296 1887 3562 1970; x_wconf 63' lang='lat' dir='ltr'><strong>praeclare</strong></span> 
     </span>
    </p>
   </div>
   <div class='ocr_carea' id='block_1_17' title="bbox 265 1959 1858 2014">
    <p class='ocr_par' dir='ltr' id='par_1_17' title="bbox 265 1959 1858 2014">
     <span class='ocr_line' id='line_1_17' title="bbox 265 1959 1858 2014; baseline 0.001 -1"><span class='ocrx_word' id='word_1_96' title='bbox 265 1960 330 2013; x_wconf 91' lang='lat' dir='ltr'><strong>ab</strong></span> <span class='ocrx_word' id='word_1_97' title='bbox 377 1960 522 2014; x_wconf 92' lang='lat' dir='ltr'><strong>obitu</strong></span> <span class='ocrx_word' id='word_1_98' title='bbox 577 1959 797 2013; x_wconf 86' lang='lat' dir='ltr'><strong>Joannis</strong></span> <span class='ocrx_word' id='word_1_99' title='bbox 849 1960 966 2013; x_wconf 88' lang='lat' dir='ltr'><strong>VIII</strong></span> <span class='ocrx_word' id='word_1_100' title='bbox 1013 1959 1205 2013; x_wconf 90' lang='lat' dir='ltr'><strong>Kalen.</strong></span> <span class='ocrx_word' id='word_1_101' title='bbox 1259 1959 1568 2014; x_wconf 84' lang='lat' dir='ltr'><strong>Februariis</strong></span> <span class='ocrx_word' id='word_1_102' title='bbox 1617 1961 1858 2014; x_wconf 87' lang='lat' dir='ltr'><strong>unanimi</strong></span> 
     </span>
    </p>
   </div>
   <div class='ocr_carea' id='block_1_18' title="bbox 258 2029 1870 2100">
    <p class='ocr_par' dir='ltr' id='par_1_18' title="bbox 258 2029 1870 2100">
     <span class='ocr_line' id='line_1_18' title="bbox 258 2029 1870 2100; baseline 0 -15"><span class='ocrx_word' id='word_1_103' title='bbox 258 2046 525 2085; x_wconf 90' lang='lat' dir='ltr'><strong>consensu</strong></span> <span class='ocrx_word' id='word_1_104' title='bbox 585 2030 747 2084; x_wconf 91' lang='lat' dir='ltr'><strong>totius</strong></span> <span class='ocrx_word' id='word_1_105' title='bbox 778 2029 930 2100; x_wconf 86' lang='lat' dir='ltr'><strong>cleri,</strong></span> <span class='ocrx_word' id='word_1_106' title='bbox 964 2045 1071 2082; x_wconf 89' lang='lat' dir='ltr'><strong>non</strong></span> <span class='ocrx_word' id='word_1_107' title='bbox 1102 2046 1166 2083; x_wconf 85' lang='lat' dir='ltr'><strong>ex</strong></span> <span class='ocrx_word' id='word_1_108' title='bbox 1196 2030 1424 2085; x_wconf 90' lang='lat' dir='ltr'><strong>diacono</strong></span> <span class='ocrx_word' id='word_1_109' title='bbox 1472 2032 1568 2084; x_wconf 87' lang='lat' dir='ltr'><strong>sed</strong></span> <span class='ocrx_word' id='word_1_110' title='bbox 1613 2031 1870 2100; x_wconf 90' lang='lat' dir='ltr'><strong>episcopo</strong></span> 
     </span>
    </p>
   </div>
   <div class='ocr_carea' id='block_1_19' title="bbox 267 2099 1868 2170">
    <p class='ocr_par' dir='ltr' id='par_1_19' title="bbox 267 2099 1868 2170">
     <span class='ocr_line' id='line_1_19' title="bbox 267 2099 1868 2170; baseline 0.001 -17"><span class='ocrx_word' id='word_1_111' title='bbox 267 2101 467 2154; x_wconf 90' lang='lat' dir='ltr'><strong>electus</strong></span> <span class='ocrx_word' id='word_1_112' title='bbox 515 2107 595 2152; x_wconf 91' lang='lat' dir='ltr'><strong>est</strong></span> <span class='ocrx_word' id='word_1_113' title='bbox 642 2099 916 2170; x_wconf 86' lang='lat' dir='ltr'><strong>pontifex,</strong></span> <span class='ocrx_word' id='word_1_114' title='bbox 967 2116 1110 2154; x_wconf 91' lang='lat' dir='ltr'><strong>anno</strong></span> <span class='ocrx_word' id='word_1_115' title='bbox 1162 2101 1378 2154; x_wconf 91' lang='lat' dir='ltr'><strong>Domini</strong></span> <span class='ocrx_word' id='word_1_116' title='bbox 1426 2105 1567 2166; x_wconf 78' lang='lat'><strong>882,</strong></span> <span class='ocrx_word' id='word_1_117' title='bbox 1623 2099 1868 2170; x_wconf 86' lang='lat' dir='ltr'><strong>tempore</strong></span> 
     </span>
    </p>
   </div>
   <div class='ocr_carea' id='block_1_20' title="bbox 265 2169 1867 2239">
    <p class='ocr_par' dir='ltr' id='par_1_20' title="bbox 265 2169 1867 2239">
     <span class='ocr_line' id='line_1_20' title="bbox 265 2169 1867 2239; baseline 0 -14"><span class='ocrx_word' id='word_1_118' title='bbox 265 2170 441 2225; x_wconf 86' lang='lat' dir='ltr'><strong>Caroli</strong></span> <span class='ocrx_word' id='word_1_119' title='bbox 477 2171 542 2222; x_wconf 92' lang='lat' dir='ltr'><strong>[II</strong></span> <span class='ocrx_word' id='word_1_120' title='bbox 570 2178 622 2223; x_wconf 91' lang='lat' dir='ltr'><strong>et</strong></span> <span class='ocrx_word' id='word_1_121' title='bbox 652 2169 832 2224; x_wconf 83' lang='lat' dir='ltr'><strong>Basilii</strong></span> <span class='ocrx_word' id='word_1_122' title='bbox 864 2171 1224 2239; x_wconf 85' lang='lat' dir='ltr'><strong>imperatoris.</strong></span> <span class='ocrx_word' id='word_1_123' title='bbox 1269 2171 1418 2225; x_wconf 89' lang='lat' dir='ltr'><strong>Sedit</strong></span> <span class='ocrx_word' id='word_1_124' title='bbox 1465 2187 1664 2224; x_wconf 89' lang='lat' dir='ltr'><strong>annum</strong></span> <span class='ocrx_word' id='word_1_125' title='bbox 1696 2169 1867 2225; x_wconf 81' lang='lat' dir='ltr'><strong>unum</strong></span> 
     </span>
    </p>
   </div>
   <div class='ocr_carea' id='block_1_21' title="bbox 270 2239 1870 2311">
    <p class='ocr_par' dir='ltr' id='par_1_21' title="bbox 270 2239 1870 2311">
     <span class='ocr_line' id='line_1_21' title="bbox 270 2239 1870 2311; baseline 0.003 -18"><span class='ocrx_word' id='word_1_126' title='bbox 270 2249 320 2294; x_wconf 91' lang='lat' dir='ltr'><strong>et</strong></span> <span class='ocrx_word' id='word_1_127' title='bbox 349 2239 465 2293; x_wconf 91' lang='lat' dir='ltr'><strong>dies</strong></span> <span class='ocrx_word' id='word_1_128' title='bbox 495 2240 705 2311; x_wconf 86' lang='lat' dir='ltr'><strong>viginti.</strong></span> <span class='ocrx_word' id='word_1_129' title='bbox 740 2239 836 2311; x_wconf 87' lang='lat' dir='ltr'><strong>Hic</strong></span> <span class='ocrx_word' id='word_1_130' title='bbox 877 2241 1004 2294; x_wconf 91' lang='lat' dir='ltr'><strong>dum</strong></span> <span class='ocrx_word' id='word_1_131' title='bbox 1054 2250 1255 2294; x_wconf 68' lang='lat' dir='ltr'><strong>sancta)</strong></span> <span class='ocrx_word' id='word_1_132' title='bbox 1304 2241 1563 2295; x_wconf 65' lang='lat' dir='ltr'><strong>Romanae</strong></span> <span class='ocrx_word' id='word_1_133' title='bbox 1612 2242 1870 2297; x_wconf 69' lang='lat' dir='ltr'><strong>Ecclesiae</strong></span> 
     </span>
    </p>
   </div>
   <div class='ocr_carea' id='block_1_22' title="bbox 271 2310 1870 2378">
    <p class='ocr_par' dir='ltr' id='par_1_22' title="bbox 271 2310 1870 2378">
     <span class='ocr_line' id='line_1_22' title="bbox 271 2310 1870 2378; baseline 0.002 -15"><span class='ocrx_word' id='word_1_134' title='bbox 271 2310 530 2364; x_wconf 88' lang='lat' dir='ltr'><strong>diaconus</strong></span> <span class='ocrx_word' id='word_1_135' title='bbox 561 2310 864 2364; x_wconf 33' lang='lat' dir='ltr'><strong>’cardinalis</strong></span> <span class='ocrx_word' id='word_1_136' title='bbox 913 2319 1077 2378; x_wconf 87' lang='lat' dir='ltr'><strong>esset,</strong></span> <span class='ocrx_word' id='word_1_137' title='bbox 1134 2310 1332 2364; x_wconf 91' lang='lat' dir='ltr'><strong>missus</strong></span> <span class='ocrx_word' id='word_1_138' title='bbox 1377 2320 1456 2365; x_wconf 89' lang='lat' dir='ltr'><strong>est</strong></span> <span class='ocrx_word' id='word_1_139' title='bbox 1488 2328 1610 2366; x_wconf 91' lang='lat' dir='ltr'><strong>cum</strong></span> <span class='ocrx_word' id='word_1_140' title='bbox 1659 2313 1870 2366; x_wconf 89' lang='lat' dir='ltr'><strong>Donato</strong></span> 
     </span>
    </p>
   </div>
   <div class='ocr_carea' id='block_1_23' title="bbox 272 2381 1871 2450">
    <p class='ocr_par' dir='ltr' id='par_1_23' title="bbox 272 2381 1871 2450">
     <span class='ocr_line' id='line_1_23' title="bbox 272 2381 1871 2450; baseline 0.001 -17"><span class='ocrx_word' id='word_1_141' title='bbox 272 2388 434 2450; x_wconf 89' lang='lat' dir='ltr'><strong>atque</strong></span> <span class='ocrx_word' id='word_1_142' title='bbox 463 2381 642 2433; x_wconf 90' lang='lat' dir='ltr'><strong>Leone</strong></span> <span class='ocrx_word' id='word_1_143' title='bbox 670 2381 1192 2449; x_wconf 87' lang='lat' dir='ltr'><strong>ConstantinOpolim</strong></span> <span class='ocrx_word' id='word_1_144' title='bbox 1223 2382 1290 2434; x_wconf 92' lang='lat' dir='ltr'><strong>ad</strong></span> <span class='ocrx_word' id='word_1_145' title='bbox 1323 2381 1699 2435; x_wconf 89' lang='lat' dir='ltr'><strong>insinuandam</strong></span> <span class='ocrx_word' id='word_1_146' title='bbox 1733 2383 1871 2436; x_wconf 88' lang='lat' dir='ltr'><strong>Pho-</strong></span> 
     </span>
    </p>
   </div>
   <div class='ocr_carea' id='block_1_24' title="bbox 271 2451 1870 2522">
    <p class='ocr_par' dir='ltr' id='par_1_24' title="bbox 271 2451 1870 2522">
     <span class='ocr_line' id='line_1_24' title="bbox 271 2451 1870 2522; baseline 0.002 -19"><span class='ocrx_word' id='word_1_147' title='bbox 271 2451 346 2504; x_wconf 90' lang='lat' dir='ltr'><strong>tio</strong></span> <span class='ocrx_word' id='word_1_148' title='bbox 391 2451 750 2522; x_wconf 86' lang='lat' dir='ltr'><strong>anathematis</strong></span> <span class='ocrx_word' id='word_1_149' title='bbox 793 2452 1159 2522; x_wconf 79' lang='lat' dir='ltr'><strong>sententiam,</strong></span> <span class='ocrx_word' id='word_1_150' title='bbox 1215 2467 1320 2522; x_wconf 89' lang='lat' dir='ltr'><strong>qua</strong></span> <span class='ocrx_word' id='word_1_151' title='bbox 1368 2467 1400 2506; x_wconf 87' lang='lat' dir='ltr'><strong>a</strong></span> <span class='ocrx_word' id='word_1_152' title='bbox 1446 2452 1671 2506; x_wconf 83' lang='lat' dir='ltr'><strong>Nicolao</strong></span> <span class='ocrx_word' id='word_1_153' title='bbox 1727 2467 1870 2522; x_wconf 89' lang='lat' dir='ltr'><strong>papa</strong></span> 
     </span>
    </p>
   </div>
   <div class='ocr_carea' id='block_1_25' title="bbox 266 2520 1868 2592">
    <p class='ocr_par' dir='ltr' id='par_1_25' title="bbox 266 2520 1868 2592">
     <span class='ocr_line' id='line_1_25' title="bbox 266 2520 1868 2592; baseline 0.001 -17"><span class='ocrx_word' id='word_1_154' title='bbox 266 2521 726 2592; x_wconf 64' lang='lat' dir='ltr'><strong>perculsuserat.</strong></span> <span class='ocrx_word' id='word_1_155' title='bbox 779 2520 913 2575; x_wconf 90' lang='lat' dir='ltr'><strong>Cum</strong></span> <span class='ocrx_word' id='word_1_156' title='bbox 963 2523 1174 2575; x_wconf 89' lang='lat' dir='ltr'><strong>Donato</strong></span> <span class='ocrx_word' id='word_1_157' title='bbox 1205 2520 1256 2575; x_wconf 80' lang='lat' dir='ltr'><strong>et</strong></span> <span class='ocrx_word' id='word_1_158' title='bbox 1297 2523 1569 2591; x_wconf 88' lang='lat' dir='ltr'><strong>Stephano</strong></span> <span class='ocrx_word' id='word_1_159' title='bbox 1621 2520 1868 2592; x_wconf 72' lang='lat' dir='ltr'><strong>tempore</strong></span> 
     </span>
    </p>
   </div>
   <div class='ocr_carea' id='block_1_26' title="bbox 267 2590 1868 2663">
    <p class='ocr_par' dir='ltr' id='par_1_26' title="bbox 267 2590 1868 2663">
     <span class='ocr_line' id='line_1_26' title="bbox 267 2590 1868 2663; baseline 0.002 -19"><span class='ocrx_word' id='word_1_160' title='bbox 267 2590 490 2644; x_wconf 88' lang='lat' dir='ltr'><strong>Adriani</strong></span> <span class='ocrx_word' id='word_1_161' title='bbox 547 2591 604 2663; x_wconf 16' lang='lat' dir='ltr'><strong>III</strong></span> <span class='ocrx_word' id='word_1_162' title='bbox 649 2591 841 2663; x_wconf 85' lang='lat' dir='ltr'><strong>iterato</strong></span> <span class='ocrx_word' id='word_1_163' title='bbox 901 2607 1129 2663; x_wconf 88' lang='lat' dir='ltr'><strong>munere</strong></span> <span class='ocrx_word' id='word_1_164' title='bbox 1191 2590 1478 2663; x_wconf 81' lang='lat' dir='ltr'><strong>legationis</strong></span> <span class='ocrx_word' id='word_1_165' title='bbox 1545 2590 1868 2662; x_wconf 65' lang='lat' dir='ltr'><strong>apostolicae</strong></span> 
     </span>
    </p>
   </div>
   <div class='ocr_carea' id='block_1_27' title="bbox 272 2661 1867 2732">
    <p class='ocr_par' dir='ltr' id='par_1_27' title="bbox 272 2661 1867 2732">
     <span class='ocr_line' id='line_1_27' title="bbox 272 2661 1867 2732; baseline 0.002 -18"><span class='ocrx_word' id='word_1_166' title='bbox 272 2670 515 2732; x_wconf 85' lang='lat' dir='ltr'><strong>sanctus,</strong></span> <span class='ocrx_word' id='word_1_167' title='bbox 552 2661 1033 2732; x_wconf 70' lang='lat' dir='ltr'><strong>Constantinopoli</strong></span> <span class='ocrx_word' id='word_1_168' title='bbox 1082 2661 1327 2715; x_wconf 86' lang='lat' dir='ltr'><strong>Photium</strong></span> <span class='ocrx_word' id='word_1_169' title='bbox 1375 2661 1652 2732; x_wconf 84' lang='lat' dir='ltr'><strong>deposuit,</strong></span> <span class='ocrx_word' id='word_1_170' title='bbox 1704 2665 1867 2732; x_wconf 86' lang='lat' dir='ltr'><strong>lgna-</strong></span> 
     </span>
    </p>
   </div>
   <div class='ocr_carea' id='block_1_28' title="bbox 269 2731 1869 2804">
    <p class='ocr_par' dir='ltr' id='par_1_28' title="bbox 269 2731 1869 2804">
     <span class='ocr_line' id='line_1_28' title="bbox 269 2731 1869 2804; baseline 0.002 -20"><span class='ocrx_word' id='word_1_171' title='bbox 269 2731 401 2785; x_wconf 90' lang='lat' dir='ltr'><strong>tium</strong></span> <span class='ocrx_word' id='word_1_172' title='bbox 433 2731 682 2798; x_wconf 89' lang='lat' dir='ltr'><strong>restituit,</strong></span> <span class='ocrx_word' id='word_1_173' title='bbox 702 2739 868 2804; x_wconf 80' lang='lat' dir='ltr'><strong>atque</strong></span> <span class='ocrx_word' id='word_1_174' title='bbox 891 2741 1249 2804; x_wconf 70' lang='lat' dir='ltr'><strong>sacrosanctae</strong></span> <span class='ocrx_word' id='word_1_175' title='bbox 1278 2731 1628 2804; x_wconf 28' lang='lat' dir='ltr'><strong>(ecum’enicaa</strong></span> <span class='ocrx_word' id='word_1_176' title='bbox 1659 2731 1869 2804; x_wconf 85' lang='lat' dir='ltr'><strong>synodo</strong></span> 
     </span>
    </p>
   </div>
   <div class='ocr_carea' id='block_1_29' title="bbox 270 2801 1870 2873">
    <p class='ocr_par' dir='ltr' id='par_1_29' title="bbox 270 2801 1870 2873">
     <span class='ocr_line' id='line_1_29' title="bbox 270 2801 1870 2873; baseline 0 -17"><span class='ocrx_word' id='word_1_177' title='bbox 270 2809 474 2873; x_wconf 65' lang='lat' dir='ltr'><strong>octavae</strong></span> <span class='ocrx_word' id='word_1_178' title='bbox 503 2801 1030 2873; x_wconf 28' lang='lat' dir='ltr'><strong>praisedit.tBulgari</strong></span> <span class='ocrx_word' id='word_1_179' title='bbox 1081 2819 1206 2856; x_wconf 92' lang='lat' dir='ltr'><strong>eum</strong></span> <span class='ocrx_word' id='word_1_180' title='bbox 1255 2803 1355 2855; x_wconf 90' lang='lat' dir='ltr'><strong>sibi</strong></span> <span class='ocrx_word' id='word_1_181' title='bbox 1405 2801 1720 2873; x_wconf 86' lang='lat' dir='ltr'><strong>episcopum</strong></span> <span class='ocrx_word' id='word_1_182' title='bbox 1752 2803 1870 2857; x_wconf 91' lang='lat' dir='ltr'><strong>dari</strong></span> 
     </span>
    </p>
   </div>
   <div class='ocr_carea' id='block_1_30' title="bbox 270 2871 1864 2944">
    <p class='ocr_par' dir='ltr' id='par_1_30' title="bbox 270 2871 1864 2944">
     <span class='ocr_line' id='line_1_30' title="bbox 270 2871 1864 2944; baseline 0.001 -19"><span class='ocrx_word' id='word_1_183' title='bbox 270 2871 412 2944; x_wconf 82' lang='lat' dir='ltr'><strong>apud</strong></span> <span class='ocrx_word' id='word_1_184' title='bbox 443 2871 741 2944; x_wconf 69' lang='lat' dir='ltr'><strong>Adi-ianum</strong></span> <span class='ocrx_word' id='word_1_185' title='bbox 771 2872 818 2924; x_wconf 92' lang='lat' dir='ltr'><strong>II</strong></span> <span class='ocrx_word' id='word_1_186' title='bbox 848 2871 1156 2944; x_wconf 81' lang='lat' dir='ltr'><strong>institerunt</strong></span> <span class='ocrx_word' id='word_1_187' title='bbox 1178 2891 1206 2944; x_wconf 17' lang='lat' dir='ltr'><strong>;t</strong></span> <span class='ocrx_word' id='word_1_188' title='bbox 1225 2874 1322 2926; x_wconf 91' lang='lat' dir='ltr'><strong>sed</strong></span> <span class='ocrx_word' id='word_1_189' title='bbox 1352 2871 1459 2928; x_wconf 80' lang='lat' dir='ltr'><strong>non</strong></span> <span class='ocrx_word' id='word_1_190' title='bbox 1490 2871 1864 2944; x_wconf 75' lang='lat' dir='ltr'><strong>impetrarunt.</strong></span> 
     </span>
    </p>
   </div>
   <div class='ocr_carea' id='block_1_31' title="bbox 269 2942 1868 3016">
    <p class='ocr_par' dir='ltr' id='par_1_31' title="bbox 269 2942 1868 3016">
     <span class='ocr_line' id='line_1_31' title="bbox 269 2942 1868 3016; baseline 0.002 -22"><span class='ocrx_word' id='word_1_191' title='bbox 269 2942 492 3016; x_wconf 87' lang='lat' dir='ltr'><strong>Creatus</strong></span> <span class='ocrx_word' id='word_1_192' title='bbox 523 2958 561 3016; x_wconf 89' lang='lat' dir='ltr'><strong>a_</strong></span> <span class='ocrx_word' id='word_1_193' title='bbox 582 2942 786 3016; x_wconf 79' lang='lat' dir='ltr'><strong>Joanne</strong></span> <span class='ocrx_word' id='word_1_194' title='bbox 824 2943 1100 3016; x_wconf 77' lang='lat' dir='ltr'><strong>pontifice</strong></span> <span class='ocrx_word' id='word_1_195' title='bbox 1126 2943 1434 3016; x_wconf 89' lang='lat' dir='ltr'><strong>episcopus,</strong></span> <span class='ocrx_word' id='word_1_196' title='bbox 1466 2942 1680 2999; x_wconf 79' lang='lat' dir='ltr'><strong>tertiam</strong></span> <span class='ocrx_word' id='word_1_197' title='bbox 1710 2946 1868 3016; x_wconf 87' lang='lat' dir='ltr'><strong>lega-</strong></span> 
     </span>
    </p>
   </div>
   <div class='ocr_carea' id='block_1_32' title="bbox 269 3013 1868 3084">
    <p class='ocr_par' dir='ltr' id='par_1_32' title="bbox 269 3013 1868 3084">
     <span class='ocr_line' id='line_1_32' title="bbox 269 3013 1868 3084; baseline 0.002 -18"><span class='ocrx_word' id='word_1_198' title='bbox 269 3013 475 3084; x_wconf 81' lang='lat' dir='ltr'><strong>tionem</strong></span> <span class='ocrx_word' id='word_1_199' title='bbox 512 3013 984 3084; x_wconf 17' lang='lat' dir='ltr'><strong>obtiturus,ttertio</strong></span> <span class='ocrx_word' id='word_1_200' title='bbox 1033 3013 1232 3066; x_wconf 90' lang='lat' dir='ltr'><strong>missus</strong></span> <span class='ocrx_word' id='word_1_201' title='bbox 1282 3022 1362 3068; x_wconf 91' lang='lat' dir='ltr'><strong>est</strong></span> <span class='ocrx_word' id='word_1_202' title='bbox 1411 3013 1868 3084; x_wconf 78' lang='lat' dir='ltr'><strong>Constantinopo-</strong></span> 
     </span>
    </p>
   </div>
   <div class='ocr_carea' id='block_1_33' title="bbox 265 3081 1866 3154">
    <p class='ocr_par' dir='ltr' id='par_1_33' title="bbox 265 3081 1866 3154">
     <span class='ocr_line' id='line_1_33' title="bbox 265 3081 1866 3154; baseline 0.001 -19"><span class='ocrx_word' id='word_1_203' title='bbox 265 3081 481 3154; x_wconf 80' lang='lat' dir='ltr'><strong>Iim,_ad</strong></span> <span class='ocrx_word' id='word_1_204' title='bbox 515 3083 724 3136; x_wconf 89' lang='lat' dir='ltr'><strong>ruinam</strong></span> <span class='ocrx_word' id='word_1_205' title='bbox 756 3083 904 3136; x_wconf 90' lang='lat' dir='ltr'><strong>illam</strong></span> <span class='ocrx_word' id='word_1_206' title='bbox 936 3084 1313 3152; x_wconf 88' lang='lat' dir='ltr'><strong>reparandam,</strong></span> <span class='ocrx_word' id='word_1_207' title='bbox 1348 3102 1467 3154; x_wconf 74' lang='lat' dir='ltr'><strong>quae</strong></span> <span class='ocrx_word' id='word_1_208' title='bbox 1497 3102 1596 3154; x_wconf 90' lang='lat' dir='ltr'><strong>per</strong></span> <span class='ocrx_word' id='word_1_209' title='bbox 1627 3081 1866 3151; x_wconf 77' lang='lat' dir='ltr'><strong>Potrum,</strong></span> 
     </span>
    </p>
   </div>
   <div class='ocr_carea' id='block_1_34' title="bbox 271 3152 1870 3224">
    <p class='ocr_par' dir='ltr' id='par_1_34' title="bbox 271 3152 1870 3224">
     <span class='ocr_line' id='line_1_34' title="bbox 271 3152 1870 3224; baseline 0.003 -18"><span class='ocrx_word' id='word_1_210' title='bbox 271 3152 492 3224; x_wconf 89' lang='lat' dir='ltr'><strong>Paulum</strong></span> <span class='ocrx_word' id='word_1_211' title='bbox 535 3161 586 3224; x_wconf 92' lang='lat' dir='ltr'><strong>et</strong></span> <span class='ocrx_word' id='word_1_212' title='bbox 625 3153 931 3224; x_wconf 83' lang='lat' dir='ltr'><strong>Eugenium</strong></span> <span class='ocrx_word' id='word_1_213' title='bbox 981 3163 1087 3207; x_wconf 91' lang='lat' dir='ltr'><strong>tres</strong></span> <span class='ocrx_word' id='word_1_214' title='bbox 1135 3155 1280 3208; x_wconf 87' lang='lat' dir='ltr'><strong>sedis</strong></span> <span class='ocrx_word' id='word_1_215' title='bbox 1332 3152 1646 3224; x_wconf 67' lang='lat' dir='ltr'><strong>apostolicae</strong></span> <span class='ocrx_word' id='word_1_216' title='bbox 1693 3156 1870 3210; x_wconf 89' lang='lat' dir='ltr'><strong>isthuc</strong></span> 
     </span>
    </p>
   </div>
   <div class='ocr_carea' id='block_1_35' title="bbox 1971 1959 3560 2030">
    <p class='ocr_par' dir='ltr' id='par_1_35' title="bbox 1971 1959 3560 2030">
     <span class='ocr_line' id='line_1_35' title="bbox 1971 1959 3560 2030; baseline -0.003 -16"><span class='ocrx_word' id='word_1_217' title='bbox 1971 1961 2230 2027; x_wconf 85' lang='lat' dir='ltr'><strong>functum,</strong></span> <span class='ocrx_word' id='word_1_218' title='bbox 2265 1976 2328 2015; x_wconf 91' lang='lat' dir='ltr'><strong>ac</strong></span> <span class='ocrx_word' id='word_1_219' title='bbox 2360 1961 2584 2014; x_wconf 88' lang='lat' dir='ltr'><strong>aliarum</strong></span> <span class='ocrx_word' id='word_1_220' title='bbox 2614 1959 2945 2030; x_wconf 80' lang='lat' dir='ltr'><strong>legationum</strong></span> <span class='ocrx_word' id='word_1_221' title='bbox 2983 1959 3189 2012; x_wconf 89' lang='lat' dir='ltr'><strong>meritis</strong></span> <span class='ocrx_word' id='word_1_222' title='bbox 3227 1967 3560 2030; x_wconf 82' lang='lat' dir='ltr'><strong>exornatum,</strong></span> 
     </span>
    </p>
   </div>
   <div class='ocr_carea' id='block_1_36' title="bbox 1972 2029 3567 2102">
    <p class='ocr_par' dir='ltr' id='par_1_36' title="bbox 1972 2029 3567 2102">
     <span class='ocr_line' id='line_1_36' title="bbox 1972 2029 3567 2102; baseline -0.001 -18"><span class='ocrx_word' id='word_1_223' title='bbox 1972 2048 2130 2102; x_wconf 90' lang='lat' dir='ltr'><strong>quem</strong></span> <span class='ocrx_word' id='word_1_224' title='bbox 2161 2033 2398 2085; x_wconf 88' lang='lat' dir='ltr'><strong>Joannes</strong></span> <span class='ocrx_word' id='word_1_225' title='bbox 2445 2029 2758 2099; x_wconf 86' lang='lat' dir='ltr'><strong>episcopatu</strong></span> <span class='ocrx_word' id='word_1_226' title='bbox 2807 2030 3149 2102; x_wconf 81' lang='lat' dir='ltr'><strong>deposuerat,</strong></span> <span class='ocrx_word' id='word_1_227' title='bbox 3185 2036 3236 2082; x_wconf 88' lang='lat' dir='ltr'><strong>et</strong></span> <span class='ocrx_word' id='word_1_228' title='bbox 3260 2029 3567 2102; x_wconf 84' lang='lat' dir='ltr'><strong>juramento</strong></span> 
     </span>
    </p>
   </div>
   <div class='ocr_carea' id='block_1_37' title="bbox 1971 2098 3569 2170">
    <p class='ocr_par' dir='ltr' id='par_1_37' title="bbox 1971 2098 3569 2170">
     <span class='ocr_line' id='line_1_37' title="bbox 1971 2098 3569 2170; baseline -0.003 -15"><span class='ocrx_word' id='word_1_229' title='bbox 1971 2098 2364 2168; x_wconf 83' lang='lat' dir='ltr'><strong>obstrinxerat,</strong></span> <span class='ocrx_word' id='word_1_230' title='bbox 2417 2098 2491 2154; x_wconf 15' lang='lat' dir='ltr'><strong>se,</strong></span> <span class='ocrx_word' id='word_1_231' title='bbox 2523 2098 2796 2170; x_wconf 79' lang='lat' dir='ltr'><strong>nunquam</strong></span> <span class='ocrx_word' id='word_1_232' title='bbox 2844 2099 2914 2170; x_wconf 90' lang='lat' dir='ltr'><strong>ad</strong></span> <span class='ocrx_word' id='word_1_233' title='bbox 2963 2099 3151 2153; x_wconf 90' lang='lat' dir='ltr'><strong>sedem</strong></span> <span class='ocrx_word' id='word_1_234' title='bbox 3199 2098 3569 2170; x_wconf 84' lang='lat' dir='ltr'><strong>episcopalem</strong></span> 
     </span>
    </p>
   </div>
   <div class='ocr_carea' id='block_1_38' title="bbox 1973 2168 3568 2235">
    <p class='ocr_par' dir='ltr' id='par_1_38' title="bbox 1973 2168 3568 2235">
     <span class='ocr_line' id='line_1_38' title="bbox 1973 2168 3568 2235; baseline -0.003 -9"><span class='ocrx_word' id='word_1_235' title='bbox 1973 2172 2305 2235; x_wconf 84' lang='lat' dir='ltr'><strong>rediturum;</strong></span> <span class='ocrx_word' id='word_1_236' title='bbox 2341 2171 2436 2224; x_wconf 91' lang='lat' dir='ltr'><strong>sed</strong></span> <span class='ocrx_word' id='word_1_237' title='bbox 2466 2170 2606 2226; x_wconf 89' lang='lat' dir='ltr'><strong>laica</strong></span> <span class='ocrx_word' id='word_1_238' title='bbox 2647 2168 3026 2225; x_wconf 82' lang='lat' dir='ltr'><strong>communione</strong></span> <span class='ocrx_word' id='word_1_239' title='bbox 3065 2176 3378 2222; x_wconf 89' lang='lat' dir='ltr'><strong>contentum</strong></span> <span class='ocrx_word' id='word_1_240' title='bbox 3409 2168 3568 2222; x_wconf 92' lang='lat' dir='ltr'><strong>dein-</strong></span> 
     </span>
    </p>
   </div>
   <div class='ocr_carea' id='block_1_39' title="bbox 1972 2240 3567 2312">
    <p class='ocr_par' dir='ltr' id='par_1_39' title="bbox 1972 2240 3567 2312">
     <span class='ocr_line' id='line_1_39' title="bbox 1972 2240 3567 2312; baseline -0.001 -16"><span class='ocrx_word' id='word_1_241' title='bbox 1972 2258 2103 2311; x_wconf 89' lang='lat' dir='ltr'><strong>ceps</strong></span> <span class='ocrx_word' id='word_1_242' title='bbox 2135 2241 2548 2312; x_wconf 89' lang='lat' dir='ltr'><strong>quieturum,in</strong></span> <span class='ocrx_word' id='word_1_243' title='bbox 2581 2241 2772 2294; x_wconf 87' lang='lat' dir='ltr'><strong>urbem</strong></span> <span class='ocrx_word' id='word_1_244' title='bbox 2797 2249 2876 2312; x_wconf 17' lang='lat' dir='ltr'><strong>tet</strong></span> <span class='ocrx_word' id='word_1_245' title='bbox 2917 2240 3290 2309; x_wconf 88' lang='lat' dir='ltr'><strong>episcopatum</strong></span> <span class='ocrx_word' id='word_1_246' title='bbox 3339 2254 3567 2312; x_wconf 80' lang='lat' dir='ltr'><strong>revoca—</strong></span> 
     </span>
    </p>
   </div>
   <div class='ocr_carea' id='block_1_40' title="bbox 1971 2308 3563 2383">
    <p class='ocr_par' dir='ltr' id='par_1_40' title="bbox 1971 2308 3563 2383">
     <span class='ocr_line' id='line_1_40' title="bbox 1971 2308 3563 2383; baseline -0.001 -19"><span class='ocrx_word' id='word_1_247' title='bbox 1971 2308 2064 2383; x_wconf 76' lang='lat' dir='ltr'><strong>vit,</strong></span> <span class='ocrx_word' id='word_1_248' title='bbox 2117 2308 2276 2383; x_wconf 77' lang='lat' dir='ltr'><strong>atque</strong></span> <span class='ocrx_word' id='word_1_249' title='bbox 2326 2311 2576 2383; x_wconf 79' lang='lat' dir='ltr'><strong>eumdem</strong></span> <span class='ocrx_word' id='word_1_250' title='bbox 2623 2311 2677 2363; x_wconf 87' lang='lat' dir='ltr'><strong>in</strong></span> <span class='ocrx_word' id='word_1_251' title='bbox 2723 2308 3012 2383; x_wconf 78' lang='lat' dir='ltr'><strong>pristinum</strong></span> <span class='ocrx_word' id='word_1_252' title='bbox 3060 2317 3253 2362; x_wconf 89' lang='lat' dir='ltr'><strong>statum</strong></span> <span class='ocrx_word' id='word_1_253' title='bbox 3316 2308 3563 2383; x_wconf 79' lang='lat' dir='ltr'><strong>restituit.</strong></span> 
     </span>
    </p>
   </div>
   <div class='ocr_carea' id='block_1_41' title="bbox 1973 2379 3567 2450">
    <p class='ocr_par' dir='ltr' id='par_1_41' title="bbox 1973 2379 3567 2450">
     <span class='ocr_line' id='line_1_41' title="bbox 1973 2379 3567 2450; baseline -0.002 -15"><span class='ocrx_word' id='word_1_254' title='bbox 1973 2382 2090 2448; x_wconf 87' lang='lat' dir='ltr'><strong>Qua</strong></span> <span class='ocrx_word' id='word_1_255' title='bbox 2133 2379 2205 2437; x_wconf 79' lang='lat' dir='ltr'><strong>de</strong></span> <span class='ocrx_word' id='word_1_256' title='bbox 2245 2397 2412 2436; x_wconf 89' lang='lat' dir='ltr'><strong>causa</strong></span> <span class='ocrx_word' id='word_1_257' title='bbox 2444 2397 2476 2435; x_wconf 90' lang='lat' dir='ltr'><strong>a</strong></span> <span class='ocrx_word' id='word_1_258' title='bbox 2504 2379 3058 2450; x_wconf 28' lang='lat' dir='ltr'><strong>Joanne’depositus,</strong></span> <span class='ocrx_word' id='word_1_259' title='bbox 3107 2395 3282 2449; x_wconf 89' lang='lat' dir='ltr'><strong>quove</strong></span> <span class='ocrx_word' id='word_1_260' title='bbox 3325 2379 3490 2450; x_wconf 88' lang='lat' dir='ltr'><strong>modo</strong></span> <span class='ocrx_word' id='word_1_261' title='bbox 3533 2394 3567 2432; x_wconf 85' lang='lat' dir='ltr'><strong>a</strong></span> 
     </span>
    </p>
   </div>
   <div class='ocr_carea' id='block_1_42' title="bbox 1970 2448 3567 2519">
    <p class='ocr_par' dir='ltr' id='par_1_42' title="bbox 1970 2448 3567 2519">
     <span class='ocr_line' id='line_1_42' title="bbox 1970 2448 3567 2519; baseline -0.002 -14"><span class='ocrx_word' id='word_1_262' title='bbox 1970 2453 2180 2506; x_wconf 90' lang='lat' dir='ltr'><strong>Marino</strong></span> <span class='ocrx_word' id='word_1_263' title='bbox 2229 2453 2507 2506; x_wconf 87' lang='lat' dir='ltr'><strong>restitutus</strong></span> <span class='ocrx_word' id='word_1_264' title='bbox 2555 2451 2731 2517; x_wconf 81' lang='lat' dir='ltr'><strong>fuerit,</strong></span> <span class='ocrx_word' id='word_1_265' title='bbox 2783 2448 2894 2504; x_wconf 83' lang='lat' dir='ltr'><strong>non</strong></span> <span class='ocrx_word' id='word_1_266' title='bbox 2937 2448 3197 2504; x_wconf 77' lang='lat' dir='ltr'><strong>constat:</strong></span> <span class='ocrx_word' id='word_1_267' title='bbox 3233 2449 3403 2519; x_wconf 90' lang='lat' dir='ltr'><strong>potuit</strong></span> <span class='ocrx_word' id='word_1_268' title='bbox 3450 2448 3567 2502; x_wconf 90' lang='lat' dir='ltr'><strong>sine</strong></span> 
     </span>
    </p>
   </div>
   <div class='ocr_carea' id='block_1_43' title="bbox 1971 2519 3562 2590">
    <p class='ocr_par' dir='ltr' id='par_1_43' title="bbox 1971 2519 3562 2590">
     <span class='ocr_line' id='line_1_43' title="bbox 1971 2519 3562 2590; baseline -0.003 -14"><span class='ocrx_word' id='word_1_269' title='bbox 1971 2523 2136 2576; x_wconf 89' lang='lat' dir='ltr'><strong>dubio</strong></span> <span class='ocrx_word' id='word_1_270' title='bbox 2180 2539 2304 2576; x_wconf 86' lang='lat' dir='ltr'><strong>eum</strong></span> <span class='ocrx_word' id='word_1_271' title='bbox 2341 2539 2369 2575; x_wconf 95' lang='lat' dir='ltr'><strong>a</strong></span> <span class='ocrx_word' id='word_1_272' title='bbox 2406 2522 2711 2590; x_wconf 87' lang='lat' dir='ltr'><strong>juramento</strong></span> <span class='ocrx_word' id='word_1_273' title='bbox 2761 2521 2955 2588; x_wconf 88' lang='lat' dir='ltr'><strong>injuste</strong></span> <span class='ocrx_word' id='word_1_274' title='bbox 3003 2527 3192 2573; x_wconf 88' lang='lat' dir='ltr'><strong>exacto</strong></span> <span class='ocrx_word' id='word_1_275' title='bbox 3242 2519 3562 2590; x_wconf 86' lang='lat' dir='ltr'><strong>absolvisse,</strong></span> 
     </span>
    </p>
   </div>
   <div class='ocr_carea' id='block_1_44' title="bbox 1971 2589 3567 2660">
    <p class='ocr_par' dir='ltr' id='par_1_44' title="bbox 1971 2589 3567 2660">
     <span class='ocr_line' id='line_1_44' title="bbox 1971 2589 3567 2660; baseline -0.003 -14"><span class='ocrx_word' id='word_1_276' title='bbox 1971 2602 2023 2646; x_wconf 92' lang='lat' dir='ltr'><strong>et</strong></span> <span class='ocrx_word' id='word_1_277' title='bbox 2061 2594 2382 2647; x_wconf 90' lang='lat' dir='ltr'><strong>sententiam</strong></span> <span class='ocrx_word' id='word_1_278' title='bbox 2413 2589 2657 2645; x_wconf 85' lang='lat' dir='ltr'><strong>Joannis</strong></span> <span class='ocrx_word' id='word_1_279' title='bbox 2702 2607 2856 2660; x_wconf 64' lang='lat' dir='ltr'><strong>papae</strong></span> <span class='ocrx_word' id='word_1_280' title='bbox 2899 2591 3044 2645; x_wconf 83' lang='lat' dir='ltr'><strong>velut</strong></span> <span class='ocrx_word' id='word_1_281' title='bbox 3090 2589 3348 2659; x_wconf 88' lang='lat' dir='ltr'><strong>iniquam,</strong></span> <span class='ocrx_word' id='word_1_282' title='bbox 3382 2589 3567 2658; x_wconf 88' lang='lat' dir='ltr'><strong>priva-</strong></span> 
     </span>
    </p>
   </div>
   <div class='ocr_carea' id='block_1_45' title="bbox 1970 2660 3566 2733">
    <p class='ocr_par' dir='ltr' id='par_1_45' title="bbox 1970 2660 3566 2733">
     <span class='ocr_line' id='line_1_45' title="bbox 1970 2660 3566 2733; baseline -0.002 -18"><span class='ocrx_word' id='word_1_283' title='bbox 1970 2671 2131 2733; x_wconf 90' lang='lat' dir='ltr'><strong>toque</strong></span> <span class='ocrx_word' id='word_1_284' title='bbox 2159 2662 2356 2718; x_wconf 74' lang='lat' dir='ltr'><strong>affectu</strong></span> <span class='ocrx_word' id='word_1_285' title='bbox 2405 2661 2634 2733; x_wconf 85' lang='lat' dir='ltr'><strong>fortasse</strong></span> <span class='ocrx_word' id='word_1_286' title='bbox 2680 2663 2966 2730; x_wconf 88' lang='lat' dir='ltr'><strong>prolatam,</strong></span> <span class='ocrx_word' id='word_1_287' title='bbox 2998 2668 3340 2733; x_wconf 79' lang='lat' dir='ltr'><strong>retractasse.</strong></span> <span class='ocrx_word' id='word_1_288' title='bbox 3374 2660 3566 2733; x_wconf 82' lang='lat' dir='ltr'><strong>Utrum</strong></span> 
     </span>
    </p>
   </div>
   <div class='ocr_carea' id='block_1_46' title="bbox 1969 2731 3562 2799">
    <p class='ocr_par' dir='ltr' id='par_1_46' title="bbox 1969 2731 3562 2799">
     <span class='ocr_line' id='line_1_46' title="bbox 1969 2731 3562 2799; baseline -0.003 -13"><span class='ocrx_word' id='word_1_289' title='bbox 1969 2731 2165 2787; x_wconf 76' lang='lat' dir='ltr'><strong>horum</strong></span> <span class='ocrx_word' id='word_1_290' title='bbox 2191 2734 2393 2789; x_wconf 91' lang='lat' dir='ltr'><strong>factum</strong></span> <span class='ocrx_word' id='word_1_291' title='bbox 2423 2731 2600 2799; x_wconf 85' lang='lat' dir='ltr'><strong>fuerit,</strong></span> <span class='ocrx_word' id='word_1_292' title='bbox 2635 2733 2903 2786; x_wconf 90' lang='lat' dir='ltr'><strong>incertum</strong></span> <span class='ocrx_word' id='word_1_293' title='bbox 2933 2738 3048 2795; x_wconf 83' lang='lat' dir='ltr'><strong>est;</strong></span> <span class='ocrx_word' id='word_1_294' title='bbox 3082 2731 3313 2799; x_wconf 91' lang='lat' dir='ltr'><strong>ideoque</strong></span> <span class='ocrx_word' id='word_1_295' title='bbox 3343 2731 3562 2796; x_wconf 88' lang='lat' dir='ltr'><strong>mirum,</strong></span> 
     </span>
    </p>
   </div>
   <div class='ocr_carea' id='block_1_47' title="bbox 1971 2801 3565 2884">
    <p class='ocr_par' dir='ltr' id='par_1_47' title="bbox 1971 2801 3565 2884">
     <span class='ocr_line' id='line_1_47' title="bbox 1971 2801 3565 2884; baseline -0.003 -26"><span class='ocrx_word' id='word_1_296' title='bbox 1971 2805 2118 2884; x_wconf 67' lang='lat' dir='ltr'><strong>quod</strong></span> <span class='ocrx_word' id='word_1_297' title='bbox 2147 2821 2331 2884; x_wconf 69' lang='lat' dir='ltr'><strong>rerum</strong></span> <span class='ocrx_word' id='word_1_298' title='bbox 2361 2802 2862 2884; x_wconf 66' lang='lat' dir='ltr'><strong>gestarumignari,</strong></span> <span class='ocrx_word' id='word_1_299' title='bbox 2892 2801 2967 2884; x_wconf 29' lang='lat' dir='ltr'><strong>‘ob</strong></span> <span class='ocrx_word' id='word_1_300' title='bbox 2999 2809 3394 2884; x_wconf 64' lang='lat' dir='ltr'><strong>reassumpturn</strong></span> <span class='ocrx_word' id='word_1_301' title='bbox 3423 2815 3565 2882; x_wconf 77' lang='lat' dir='ltr'><strong>pon-</strong></span> 
     </span>
    </p>
   </div>
   <div class='ocr_carea' id='block_1_48' title="bbox 1970 2871 3566 2942">
    <p class='ocr_par' dir='ltr' id='par_1_48' title="bbox 1970 2871 3566 2942">
     <span class='ocr_line' id='line_1_48' title="bbox 1970 2871 3566 2942; baseline -0.002 -15"><span class='ocrx_word' id='word_1_302' title='bbox 1970 2871 2225 2928; x_wconf 87' lang='lat' dir='ltr'><strong>tificatum</strong></span> <span class='ocrx_word' id='word_1_303' title='bbox 2284 2871 2546 2928; x_wconf 73' lang='lat' dir='ltr'><strong>Formoso</strong></span> <span class='ocrx_word' id='word_1_304' title='bbox 2608 2871 2990 2942; x_wconf 53' lang='lat' dir='ltr'><strong>obl&#39;oquantur.</strong></span> <span class='ocrx_word' id='word_1_305' title='bbox 3043 2873 3166 2925; x_wconf 66' lang='lat' dir='ltr'><strong>Haec</strong></span> <span class='ocrx_word' id='word_1_306' title='bbox 3213 2887 3285 2942; x_wconf 75' lang='lat' dir='ltr'><strong>ea:</strong></span> <span class='ocrx_word' id='word_1_307' title='bbox 3333 2871 3566 2942; x_wconf 68' lang='lat' dir='ltr'><strong>diversis</strong></span> 
     </span>
    </p>
   </div>
   <div class='ocr_carea' id='block_1_49' title="bbox 1972 2939 3566 3016">
    <p class='ocr_par' dir='ltr' id='par_1_49' title="bbox 1972 2939 3566 3016">
     <span class='ocr_line' id='line_1_49' title="bbox 1972 2939 3566 3016; baseline -0.004 -17"><span class='ocrx_word' id='word_1_308' title='bbox 1972 2947 2222 3016; x_wconf 80' lang='lat' dir='ltr'><strong>epistolis</strong></span> <span class='ocrx_word' id='word_1_309' title='bbox 2269 2946 2628 3016; x_wconf 76' lang='lat' dir='ltr'><strong>pontiﬁcum_</strong></span> <span class='ocrx_word' id='word_1_310' title='bbox 2657 2939 2952 2997; x_wconf 72' lang='lat' dir='ltr'><strong>Ba—ronius.</strong></span> <span class='ocrx_word' id='word_1_311' title='bbox 2975 2941 3226 3016; x_wconf 30' lang='lat' dir='ltr'><strong>‘Fulconi</strong></span> <span class='ocrx_word' id='word_1_312' title='bbox 3275 2939 3566 2996; x_wconf 85' lang='lat' dir='ltr'><strong>Rhemensi</strong></span> 
     </span>
    </p>
   </div>
   <div class='ocr_carea' id='block_1_50' title="bbox 1973 3012 3566 3084">
    <p class='ocr_par' dir='ltr' id='par_1_50' title="bbox 1973 3012 3566 3084">
     <span class='ocr_line' id='line_1_50' title="bbox 1973 3012 3566 3084; baseline -0.003 -16"><span class='ocrx_word' id='word_1_313' title='bbox 1973 3012 2402 3084; x_wconf 40' lang='lat' dir='ltr'><strong>a‘rchiepiscbpo,</strong></span> <span class='ocrx_word' id='word_1_314' title='bbox 2435 3015 2525 3083; x_wconf 91' lang='lat' dir='ltr'><strong>qui</strong></span> <span class='ocrx_word' id='word_1_315' title='bbox 2568 3014 2862 3084; x_wconf 88' lang='lat' dir='ltr'><strong>Hincmaro</strong></span> <span class='ocrx_word' id='word_1_316' title='bbox 2907 3012 3231 3084; x_wconf 76' lang='lat' dir='ltr'><strong>subrogatus</strong></span> <span class='ocrx_word' id='word_1_317' title='bbox 3275 3018 3566 3084; x_wconf 81' lang='lat' dir='ltr'><strong>erat,_post</strong></span> 
     </span>
    </p>
   </div>
   <div class='ocr_carea' id='block_1_51' title="bbox 1973 3080 3566 3152">
    <p class='ocr_par' dir='ltr' id='par_1_51' title="bbox 1973 3080 3566 3152">
     <span class='ocr_line' id='line_1_51' title="bbox 1973 3080 3566 3152; baseline -0.004 -13"><span class='ocrx_word' id='word_1_318' title='bbox 1973 3080 2228 3139; x_wconf 79' lang='lat' dir='ltr'><strong>emissam</strong></span> <span class='ocrx_word' id='word_1_319' title='bbox 2304 3080 2618 3138; x_wconf 63' lang='lat' dir='ltr'><strong>orthodoxa:</strong></span> <span class='ocrx_word' id='word_1_320' title='bbox 2671 3083 2798 3136; x_wconf 81' lang='lat' dir='ltr'><strong>fidei</strong></span> <span class='ocrx_word' id='word_1_321' title='bbox 2853 3080 3282 3152; x_wconf 80' lang='lat' dir='ltr'><strong>professionem,</strong></span> <span class='ocrx_word' id='word_1_322' title='bbox 3323 3080 3566 3152; x_wconf 77' lang='lat' dir='ltr'><strong>pallium</strong></span> 
     </span>
    </p>
   </div>
   <div class='ocr_carea' id='block_1_52' title="bbox 1972 3150 3566 3209">
    <p class='ocr_par' dir='ltr' id='par_1_52' title="bbox 1972 3150 3566 3209">
     <span class='ocr_line' id='line_1_52' title="bbox 1972 3150 3566 3209; baseline -0.004 0"><span class='ocrx_word' id='word_1_323' title='bbox 1972 3155 2261 3209; x_wconf 91' lang='lat' dir='ltr'><strong>concessit.</strong></span> <span class='ocrx_word' id='word_1_324' title='bbox 2314 3154 2654 3208; x_wconf 85' lang='lat' dir='ltr'><strong>Flodoardus</strong></span> <span class='ocrx_word' id='word_1_325' title='bbox 2700 3155 2763 3207; x_wconf 84' lang='lat' dir='ltr'><strong>in</strong></span> <span class='ocrx_word' id='word_1_326' title='bbox 2813 3150 2928 3206; x_wconf 83' lang='lat' dir='ltr'><strong>vita</strong></span> <span class='ocrx_word' id='word_1_327' title='bbox 2978 3153 3258 3206; x_wconf 81' lang='lat' dir='ltr'><strong>Fulcom’s.</strong></span> <span class='ocrx_word' id='word_1_328' title='bbox 3311 3150 3566 3205; x_wconf 89' lang='lat' dir='ltr'><strong>Scholam</strong></span> 
     </span>
    </p>
   </div>
   <div class='ocr_carea' id='block_1_53' title="bbox 268 3219 3565 3299">
    <p class='ocr_par' dir='ltr' id='par_1_53' title="bbox 268 3219 3565 3299">
     <span class='ocr_line' id='line_1_53' title="bbox 268 3219 3565 3299; baseline -0.001 -23"><span class='ocrx_word' id='word_1_329' title='bbox 268 3238 369 3293; x_wconf 91' lang='lat' dir='ltr'><strong>pro</strong></span> <span class='ocrx_word' id='word_1_330' title='bbox 399 3223 585 3299; x_wconf 72' lang='lat' dir='ltr'><strong>Photio</strong></span> <span class='ocrx_word' id='word_1_331' title='bbox 616 3219 950 3299; x_wconf 64' lang='lat' dir='ltr'><strong>restituendo</strong></span> <span class='ocrx_word' id='word_1_332' title='bbox 980 3225 1051 3277; x_wconf 91' lang='lat' dir='ltr'><strong>ad</strong></span> <span class='ocrx_word' id='word_1_333' title='bbox 1082 3219 1679 3299; x_wconf 49' lang='lat' dir='ltr'><strong>synodum-ablegatos</strong></span> <span class='ocrx_word' id='word_1_334' title='bbox 1728 3225 1867 3279; x_wconf 85' lang='lat' dir='ltr'><strong>facta</strong></span> <span class='ocrx_word' id='word_1_335' title='bbox 1899 3238 1946 3299; x_wconf 71' lang='grc' dir='ltr'><strong>ρ</strong></span> <span class='ocrx_word' id='word_1_336' title='bbox 1970 3226 2272 3299; x_wconf 79' lang='lat' dir='ltr'><strong>Anglorum</strong></span> <span class='ocrx_word' id='word_1_337' title='bbox 2303 3225 2488 3299; x_wconf 71' lang='lat' dir='ltr'><strong>Romae</strong></span> <span class='ocrx_word' id='word_1_338' title='bbox 2515 3223 2835 3299; x_wconf 76' lang='lat' dir='ltr'><strong>existentem</strong></span> <span class='ocrx_word' id='word_1_339' title='bbox 2864 3219 3327 3299; x_wconf 75' lang='lat' dir='ltr'><strong>rogatuAelfredi</strong></span> <span class='ocrx_word' id='word_1_340' title='bbox 3356 3221 3511 3299; x_wconf 76' lang='lat' dir='ltr'><strong>regis</strong></span> <span class='ocrx_word' id='word_1_341' title='bbox 3535 3235 3565 3273; x_wconf 89' lang='lat' dir='ltr'><strong>a</strong></span> 
     </span>
    </p>
   </div>
   <div class='ocr_carea' id='block_1_54' title="bbox 271 3293 1866 3364">
    <p class='ocr_par' dir='ltr' id='par_1_54' title="bbox 271 3293 1866 3364">
     <span class='ocr_line' id='line_1_54' title="bbox 271 3293 1866 3364; baseline 0.001 -18"><span class='ocrx_word' id='word_1_342' title='bbox 271 3302 405 3364; x_wconf 82' lang='lat' dir='ltr'><strong>erat.</strong></span> <span class='ocrx_word' id='word_1_343' title='bbox 422 3293 679 3364; x_wconf 83' lang='lat' dir='ltr'><strong>Cumque</strong></span> <span class='ocrx_word' id='word_1_344' title='bbox 702 3295 904 3347; x_wconf 90' lang='lat' dir='ltr'><strong>ibidem</strong></span> <span class='ocrx_word' id='word_1_345' title='bbox 931 3293 1141 3348; x_wconf 87' lang='lat' dir='ltr'><strong>summa</strong></span> <span class='ocrx_word' id='word_1_346' title='bbox 1162 3295 1326 3348; x_wconf 90' lang='lat' dir='ltr'><strong>animi</strong></span> <span class='ocrx_word' id='word_1_347' title='bbox 1353 3293 1657 3349; x_wconf 72' lang='lat' dir='ltr'><strong>constantia</strong></span> <span class='ocrx_word' id='word_1_348' title='bbox 1677 3311 1866 3351; x_wconf 87' lang='lat' dir='ltr'><strong>coram</strong></span> 
     </span>
    </p>
   </div>
   <div class='ocr_carea' id='block_1_55' title="bbox 270 3363 1864 3436">
    <p class='ocr_par' dir='ltr' id='par_1_55' title="bbox 270 3363 1864 3436">
     <span class='ocr_line' id='line_1_55' title="bbox 270 3363 1864 3436; baseline 0 -18"><span class='ocrx_word' id='word_1_349' title='bbox 270 3363 468 3418; x_wconf 86' lang='lat' dir='ltr'><strong>Basilio</strong></span> <span class='ocrx_word' id='word_1_350' title='bbox 497 3363 845 3435; x_wconf 84' lang='lat' dir='ltr'><strong>imperatore,</strong></span> <span class='ocrx_word' id='word_1_351' title='bbox 881 3373 1223 3436; x_wconf 13' lang='lat' dir='ltr'><strong>cunctatquae</strong></span> <span class='ocrx_word' id='word_1_352' title='bbox 1252 3365 1497 3436; x_wconf 71' lang='lat' dir='ltr'><strong>praedicti</strong></span> <span class='ocrx_word' id='word_1_353' title='bbox 1542 3373 1653 3420; x_wconf 90' lang='lat' dir='ltr'><strong>tres</strong></span> <span class='ocrx_word' id='word_1_354' title='bbox 1697 3365 1864 3436; x_wconf 87' lang='lat' dir='ltr'><strong>legati</strong></span> 
     </span>
    </p>
   </div>
   <div class='ocr_carea' id='block_1_56' title="bbox 268 3434 1866 3515">
    <p class='ocr_par' dir='ltr' id='par_1_56' title="bbox 268 3434 1866 3515">
     <span class='ocr_line' id='line_1_56' title="bbox 268 3434 1866 3515; baseline 0.001 -27"><span class='ocrx_word' id='word_1_355' title='bbox 268 3434 932 3515; x_wconf 28' lang='lat' dir='ltr'><strong>perperam’gessehrant‘,</strong></span> <span class='ocrx_word' id='word_1_356' title='bbox 990 3434 1142 3514; x_wconf 74' lang='lat' dir='ltr'><strong>irrita</strong></span> <span class='ocrx_word' id='word_1_357' title='bbox 1209 3435 1562 3515; x_wconf 70' lang='lat' dir='ltr'><strong>reddidisset,</strong></span> <span class='ocrx_word' id='word_1_358' title='bbox 1612 3434 1866 3515; x_wconf 40' lang='lat' dir='ltr'><strong>“triginta</strong></span> 
     </span>
    </p>
   </div>
   <div class='ocr_carea' id='block_1_57' title="bbox 267 3505 1864 3576">
    <p class='ocr_par' dir='ltr' id='par_1_57' title="bbox 267 3505 1864 3576">
     <span class='ocr_line' id='line_1_57' title="bbox 267 3505 1864 3576; baseline 0.001 -18"><span class='ocrx_word' id='word_1_359' title='bbox 267 3505 479 3576; x_wconf 87' lang='lat' dir='ltr'><strong>diebus,</strong></span> <span class='ocrx_word' id='word_1_360' title='bbox 532 3505 704 3576; x_wconf 85' lang='lat' dir='ltr'><strong>inquit</strong></span> <span class='ocrx_word' id='word_1_361' title='bbox 759 3505 1064 3574; x_wconf 90' lang='lat' dir='ltr'><strong>Stephanus</strong></span> <span class='ocrx_word' id='word_1_362' title='bbox 1111 3505 1165 3558; x_wconf 91' lang='lat' dir='ltr'><strong>in</strong></span> <span class='ocrx_word' id='word_1_363' title='bbox 1213 3505 1442 3576; x_wconf 85' lang='lat' dir='ltr'><strong>epistola</strong></span> <span class='ocrx_word' id='word_1_364' title='bbox 1496 3507 1566 3559; x_wconf 92' lang='lat' dir='ltr'><strong>ad</strong></span> <span class='ocrx_word' id='word_1_365' title='bbox 1612 3505 1864 3560; x_wconf 90' lang='lat' dir='ltr'><strong>Basilium</strong></span> 
     </span>
    </p>
   </div>
   <div class='ocr_carea' id='block_1_58' title="bbox 268 3575 1863 3644">
    <p class='ocr_par' dir='ltr' id='par_1_58' title="bbox 268 3575 1863 3644">
     <span class='ocr_line' id='line_1_58' title="bbox 268 3575 1863 3644; baseline 0.001 -15"><span class='ocrx_word' id='word_1_366' title='bbox 268 3575 685 3644; x_wconf 87' lang='lat' dir='ltr'><strong>imperatorem,</strong></span> <span class='ocrx_word' id='word_1_367' title='bbox 745 3591 966 3630; x_wconf 87' lang='lat' dir='ltr'><strong>carcere</strong></span> <span class='ocrx_word' id='word_1_368' title='bbox 1014 3576 1263 3630; x_wconf 92' lang='lat' dir='ltr'><strong>detentus</strong></span> <span class='ocrx_word' id='word_1_369' title='bbox 1313 3575 1428 3630; x_wconf 91' lang='lat' dir='ltr'><strong>fuit.</strong></span> <span class='ocrx_word' id='word_1_370' title='bbox 1483 3577 1597 3631; x_wconf 89' lang='lat' dir='ltr'><strong>lIac</strong></span> <span class='ocrx_word' id='word_1_371' title='bbox 1644 3577 1863 3632; x_wconf 90' lang='lat' dir='ltr'><strong>confes-</strong></span> 
     </span>
    </p>
   </div>
   <div class='ocr_carea' id='block_1_59' title="bbox 267 3645 1864 3712">
    <p class='ocr_par' dir='ltr' id='par_1_59' title="bbox 267 3645 1864 3712">
     <span class='ocr_line' id='line_1_59' title="bbox 267 3645 1864 3712; baseline 0.001 -14"><span class='ocrx_word' id='word_1_372' title='bbox 267 3645 436 3699; x_wconf 91' lang='lat' dir='ltr'><strong>sionis</strong></span> <span class='ocrx_word' id='word_1_373' title='bbox 518 3646 759 3712; x_wconf 86' lang='lat' dir='ltr'><strong>gloriosa</strong></span> <span class='ocrx_word' id='word_1_374' title='bbox 842 3662 1048 3700; x_wconf 90' lang='lat' dir='ltr'><strong>corona</strong></span> <span class='ocrx_word' id='word_1_375' title='bbox 1130 3647 1448 3712; x_wconf 89' lang='lat' dir='ltr'><strong>redimitus,</strong></span> <span class='ocrx_word' id='word_1_376' title='bbox 1527 3648 1597 3700; x_wconf 91' lang='lat' dir='ltr'><strong>ab</strong></span> <span class='ocrx_word' id='word_1_377' title='bbox 1671 3647 1864 3701; x_wconf 91' lang='lat' dir='ltr'><strong>eodem</strong></span> 
     </span>
    </p>
   </div>
   <div class='ocr_carea' id='block_1_60' title="bbox 263 3716 1864 3787">
    <p class='ocr_par' dir='ltr' id='par_1_60' title="bbox 263 3716 1864 3787">
     <span class='ocr_line' id='line_1_60' title="bbox 263 3716 1864 3787; baseline 0.001 -18"><span class='ocrx_word' id='word_1_378' title='bbox 263 3716 471 3771; x_wconf 87' lang='lat' dir='ltr'><strong>Joanne</strong></span> <span class='ocrx_word' id='word_1_379' title='bbox 502 3716 621 3787; x_wconf 87' lang='lat' dir='ltr'><strong>VIII</strong></span> <span class='ocrx_word' id='word_1_380' title='bbox 669 3717 956 3787; x_wconf 87' lang='lat' dir='ltr'><strong>ablegatus</strong></span> <span class='ocrx_word' id='word_1_381' title='bbox 985 3724 1066 3770; x_wconf 90' lang='lat' dir='ltr'><strong>est</strong></span> <span class='ocrx_word' id='word_1_382' title='bbox 1096 3717 1165 3770; x_wconf 90' lang='lat' dir='ltr'><strong>ad</strong></span> <span class='ocrx_word' id='word_1_383' title='bbox 1206 3718 1555 3772; x_wconf 82' lang='lat' dir='ltr'><strong>Athanasium</strong></span> <span class='ocrx_word' id='word_1_384' title='bbox 1602 3717 1864 3786; x_wconf 88' lang='lat' dir='ltr'><strong>Neapoli-</strong></span> 
     </span>
    </p>
   </div>
   <div class='ocr_carea' id='block_1_61' title="bbox 264 3786 1861 3857">
    <p class='ocr_par' dir='ltr' id='par_1_61' title="bbox 264 3786 1861 3857">
     <span class='ocr_line' id='line_1_61' title="bbox 264 3786 1861 3857; baseline 0.001 -18"><span class='ocrx_word' id='word_1_385' title='bbox 264 3793 404 3857; x_wconf 69' lang='lat' dir='ltr'><strong>tanae</strong></span> <span class='ocrx_word' id='word_1_386' title='bbox 445 3786 600 3857; x_wconf 88' lang='lat' dir='ltr'><strong>urbis</strong></span> <span class='ocrx_word' id='word_1_387' title='bbox 647 3786 963 3856; x_wconf 73' lang='lat' dir='ltr'><strong>episcbpum</strong></span> <span class='ocrx_word' id='word_1_388' title='bbox 1014 3795 1067 3840; x_wconf 92' lang='lat' dir='ltr'><strong>et</strong></span> <span class='ocrx_word' id='word_1_389' title='bbox 1115 3787 1453 3857; x_wconf 89' lang='lat' dir='ltr'><strong>principem,</strong></span> <span class='ocrx_word' id='word_1_390' title='bbox 1487 3797 1543 3842; x_wconf 91' lang='lat' dir='ltr'><strong>ut</strong></span> <span class='ocrx_word' id='word_1_391' title='bbox 1575 3788 1621 3841; x_wconf 93' lang='lat' dir='ltr'><strong>si</strong></span> <span class='ocrx_word' id='word_1_392' title='bbox 1651 3787 1827 3842; x_wconf 76' lang='lat' dir='ltr'><strong>foedus</strong></span> <span class='ocrx_word' id='word_1_393' title='bbox 1849 3830 1861 3853; x_wconf 92' lang='lat'><strong>,</strong></span> 
     </span>
    </p>
   </div>
   <div class='ocr_carea' id='block_1_62' title="bbox 266 3856 1861 3927">
    <p class='ocr_par' dir='ltr' id='par_1_62' title="bbox 266 3856 1861 3927">
     <span class='ocr_line' id='line_1_62' title="bbox 266 3856 1861 3927; baseline 0.001 -17"><span class='ocrx_word' id='word_1_394' title='bbox 266 3856 412 3927; x_wconf 90' lang='lat' dir='ltr'><strong>quod</strong></span> <span class='ocrx_word' id='word_1_395' title='bbox 441 3856 528 3911; x_wconf 90' lang='lat' dir='ltr'><strong>ille</strong></span> <span class='ocrx_word' id='word_1_396' title='bbox 559 3873 683 3912; x_wconf 93' lang='lat' dir='ltr'><strong>cum</strong></span> <span class='ocrx_word' id='word_1_397' title='bbox 715 3857 1004 3911; x_wconf 88' lang='lat' dir='ltr'><strong>Saracenis</strong></span> <span class='ocrx_word' id='word_1_398' title='bbox 1024 3857 1214 3910; x_wconf 89' lang='lat' dir='ltr'><strong>initum</strong></span> <span class='ocrx_word' id='word_1_399' title='bbox 1237 3856 1489 3924; x_wconf 86' lang='lat' dir='ltr'><strong>habebat,</strong></span> <span class='ocrx_word' id='word_1_400' title='bbox 1521 3858 1861 3927; x_wconf 87' lang='lat' dir='ltr'><strong>dissolveret,</strong></span> 
     </span>
    </p>
   </div>
   <div class='ocr_carea' id='block_1_63' title="bbox 263 3927 1865 3984">
    <p class='ocr_par' dir='ltr' id='par_1_63' title="bbox 263 3927 1865 3984">
     <span class='ocr_line' id='line_1_63' title="bbox 263 3927 1865 3984; baseline 0.001 -3"><span class='ocrx_word' id='word_1_401' title='bbox 263 3928 517 3981; x_wconf 86' lang='lat' dir='ltr'><strong>eumlem</strong></span> <span class='ocrx_word' id='word_1_402' title='bbox 583 3927 937 3982; x_wconf 84' lang='lat' dir='ltr'><strong>Athanasium</strong></span> <span class='ocrx_word' id='word_1_403' title='bbox 995 3943 1024 3980; x_wconf 91' lang='lat' dir='ltr'><strong>a</strong></span> <span class='ocrx_word' id='word_1_404' title='bbox 1081 3929 1349 3982; x_wconf 89' lang='lat' dir='ltr'><strong>sententia</strong></span> <span class='ocrx_word' id='word_1_405' title='bbox 1425 3929 1865 3984; x_wconf 86' lang='lat' dir='ltr'><strong>excommunica-</strong></span> 
     </span>
    </p>
   </div>
   <div class='ocr_carea' id='block_1_64' title="bbox 263 3997 1865 4068">
    <p class='ocr_par' dir='ltr' id='par_1_64' title="bbox 263 3997 1865 4068">
     <span class='ocr_line' id='line_1_64' title="bbox 263 3997 1865 4068; baseline 0.001 -18"><span class='ocrx_word' id='word_1_406' title='bbox 263 3997 447 4060; x_wconf 88' lang='lat' dir='ltr'><strong>tionis,</strong></span> <span class='ocrx_word' id='word_1_407' title='bbox 479 4014 600 4068; x_wconf 73' lang='lat' dir='ltr'><strong>quae</strong></span> <span class='ocrx_word' id='word_1_408' title='bbox 629 3997 873 4068; x_wconf 83' lang='lat' dir='ltr'><strong>synodali</strong></span> <span class='ocrx_word' id='word_1_409' title='bbox 895 3997 1098 4064; x_wconf 91' lang='lat' dir='ltr'><strong>judicio</strong></span> <span class='ocrx_word' id='word_1_410' title='bbox 1129 3999 1183 4052; x_wconf 91' lang='lat' dir='ltr'><strong>in</strong></span> <span class='ocrx_word' id='word_1_411' title='bbox 1215 4015 1336 4052; x_wconf 91' lang='lat' dir='ltr'><strong>eum</strong></span> <span class='ocrx_word' id='word_1_412' title='bbox 1375 3999 1480 4052; x_wconf 90' lang='lat' dir='ltr'><strong>lata</strong></span> <span class='ocrx_word' id='word_1_413' title='bbox 1512 4007 1642 4062; x_wconf 83' lang='lat' dir='ltr'><strong>erat.</strong></span> <span class='ocrx_word' id='word_1_414' title='bbox 1677 3999 1865 4053; x_wconf 90' lang='lat' dir='ltr'><strong>absol-</strong></span> 
     </span>
    </p>
   </div>
   <div class='ocr_carea' id='block_1_65' title="bbox 263 4068 1866 4136">
    <p class='ocr_par' dir='ltr' id='par_1_65' title="bbox 263 4068 1866 4136">
     <span class='ocr_line' id='line_1_65' title="bbox 263 4068 1866 4136; baseline -0.001 -13"><span class='ocrx_word' id='word_1_415' title='bbox 263 4076 433 4123; x_wconf 84' lang='lat' dir='ltr'><strong>veret.</strong></span> <span class='ocrx_word' id='word_1_416' title='bbox 467 4068 655 4122; x_wconf 91' lang='lat' dir='ltr'><strong>Fuisse</strong></span> <span class='ocrx_word' id='word_1_417' title='bbox 686 4069 936 4122; x_wconf 91' lang='lat' dir='ltr'><strong>eumdem</strong></span> <span class='ocrx_word' id='word_1_418' title='bbox 969 4068 1116 4122; x_wconf 88' lang='lat' dir='ltr'><strong>sedis</strong></span> <span class='ocrx_word' id='word_1_419' title='bbox 1146 4069 1457 4136; x_wconf 66' lang='lat' dir='ltr'><strong>apostolicae</strong></span> <span class='ocrx_word' id='word_1_420' title='bbox 1478 4071 1748 4124; x_wconf 88' lang='lat' dir='ltr'><strong>arcarium</strong></span> <span class='ocrx_word' id='word_1_421' title='bbox 1777 4069 1866 4122; x_wconf 90' lang='lat' dir='ltr'><strong>in—</strong></span> 
     </span>
    </p>
   </div>
   <div class='ocr_carea' id='block_1_66' title="bbox 262 4138 1866 4209">
    <p class='ocr_par' dir='ltr' id='par_1_66' title="bbox 262 4138 1866 4209">
     <span class='ocr_line' id='line_1_66' title="bbox 262 4138 1866 4209; baseline 0 -17"><span class='ocrx_word' id='word_1_422' title='bbox 262 4139 406 4193; x_wconf 90' lang='lat' dir='ltr'><strong>dicat</strong></span> <span class='ocrx_word' id='word_1_423' title='bbox 433 4139 672 4193; x_wconf 90' lang='lat' dir='ltr'><strong>Joannes</strong></span> <span class='ocrx_word' id='word_1_424' title='bbox 699 4156 835 4209; x_wconf 87' lang='lat' dir='ltr'><strong>papa</strong></span> <span class='ocrx_word' id='word_1_425' title='bbox 865 4138 1098 4208; x_wconf 89' lang='lat' dir='ltr'><strong>epistola</strong></span> <span class='ocrx_word' id='word_1_426' title='bbox 1144 4141 1268 4194; x_wconf 76' lang='grc'>294.</span> <span class='ocrx_word' id='word_1_427' title='bbox 1319 4139 1473 4193; x_wconf 89' lang='lat' dir='ltr'><strong>Initio</strong></span> <span class='ocrx_word' id='word_1_428' title='bbox 1520 4139 1866 4209; x_wconf 83' lang='lat' dir='ltr'><strong>pontificatus</strong></span> 
     </span>
    </p>
   </div>
   <div class='ocr_carea' id='block_1_67' title="bbox 266 4209 1866 4279">
    <p class='ocr_par' dir='ltr' id='par_1_67' title="bbox 266 4209 1866 4279">
     <span class='ocr_line' id='line_1_67' title="bbox 266 4209 1866 4279; baseline 0 -16"><span class='ocrx_word' id='word_1_429' title='bbox 266 4209 350 4263; x_wconf 91' lang='lat' dir='ltr'><strong>sui</strong></span> <span class='ocrx_word' id='word_1_430' title='bbox 383 4209 644 4278; x_wconf 89' lang='lat' dir='ltr'><strong>Photium,</strong></span> <span class='ocrx_word' id='word_1_431' title='bbox 687 4209 977 4279; x_wconf 87' lang='lat' dir='ltr'><strong>omniaque</strong></span> <span class='ocrx_word' id='word_1_432' title='bbox 1022 4209 1138 4276; x_wconf 87' lang='lat' dir='ltr'><strong>ejus</strong></span> <span class='ocrx_word' id='word_1_433' title='bbox 1168 4218 1283 4263; x_wconf 87' lang='lat' dir='ltr'><strong>acta</strong></span> <span class='ocrx_word' id='word_1_434' title='bbox 1313 4210 1379 4263; x_wconf 91' lang='lat' dir='ltr'><strong>ad</strong></span> <span class='ocrx_word' id='word_1_435' title='bbox 1411 4226 1606 4264; x_wconf 88' lang='lat' dir='ltr'><strong>munus</strong></span> <span class='ocrx_word' id='word_1_436' title='bbox 1653 4210 1866 4278; x_wconf 90' lang='lat' dir='ltr'><strong>episco-</strong></span> 
     </span>
    </p>
   </div>
   <div class='ocr_carea' id='block_1_68' title="bbox 264 4279 1866 4350">
    <p class='ocr_par' dir='ltr' id='par_1_68' title="bbox 264 4279 1866 4350">
     <span class='ocr_line' id='line_1_68' title="bbox 264 4279 1866 4350; baseline -0.001 -16"><span class='ocrx_word' id='word_1_437' title='bbox 264 4279 393 4349; x_wconf 89' lang='lat' dir='ltr'><strong>pale</strong></span> <span class='ocrx_word' id='word_1_438' title='bbox 441 4279 734 4350; x_wconf 88' lang='lat' dir='ltr'><strong>spectantia</strong></span> <span class='ocrx_word' id='word_1_439' title='bbox 789 4279 1095 4344; x_wconf 82' lang='lat' dir='ltr'><strong>damnavit,</strong></span> <span class='ocrx_word' id='word_1_440' title='bbox 1145 4288 1309 4350; x_wconf 90' lang='lat' dir='ltr'><strong>atque</strong></span> <span class='ocrx_word' id='word_1_441' title='bbox 1352 4289 1469 4334; x_wconf 88' lang='lat' dir='ltr'><strong>acta</strong></span> <span class='ocrx_word' id='word_1_442' title='bbox 1519 4279 1866 4335; x_wconf 91' lang='lat' dir='ltr'><strong>conciliabuli</strong></span> 
     </span>
    </p>
   </div>
   <div class='ocr_carea' id='block_1_69' title="bbox 263 4350 1856 4474">
    <p class='ocr_par' dir='ltr' id='par_1_69' title="bbox 263 4350 1856 4474">
     <span class='ocr_line' id='line_1_69' title="bbox 263 4350 1856 4474; baseline 0.001 -71"><span class='ocrx_word' id='word_1_443' title='bbox 263 4350 656 4474; x_wconf 81' lang='lat' dir='ltr'><strong>pseudooctavi</strong></span> <span class='ocrx_word' id='word_1_444' title='bbox 685 4351 843 4420; x_wconf 86' lang='lat' dir='ltr'><strong>plane</strong></span> <span class='ocrx_word' id='word_1_445' title='bbox 885 4350 1213 4419; x_wconf 86' lang='lat' dir='ltr'><strong>reprobavit.</strong></span> <span class='ocrx_word' id='word_1_446' title='bbox 1247 4350 1367 4418; x_wconf 91' lang='lat' dir='ltr'><strong>Qua</strong></span> <span class='ocrx_word' id='word_1_447' title='bbox 1398 4351 1466 4405; x_wconf 93' lang='lat' dir='ltr'><strong>de</strong></span> <span class='ocrx_word' id='word_1_448' title='bbox 1497 4365 1663 4405; x_wconf 85' lang='lat' dir='ltr'><strong>causa</strong></span> <span class='ocrx_word' id='word_1_449' title='bbox 1707 4350 1856 4404; x_wconf 89' lang='lat' dir='ltr'><strong>Basi-</strong></span> 
     </span>
     <span class='ocr_line' id='line_1_70' title="bbox 285 4419 1856 4474; baseline 0 0"><span class='ocrx_word' id='word_1_450' title='bbox 285 4421 371 4474; x_wconf 90' lang='lat' dir='ltr'><strong>ius</strong></span> <span class='ocrx_word' id='word_1_451' title='bbox 399 4421 691 4474; x_wconf 85' lang='lat' dir='ltr'><strong>imnerator</strong></span> <span class='ocrx_word' id='word_1_452' title='bbox 719 4420 961 4474; x_wconf 69' lang='lat' dir='ltr'><strong>graviter</strong></span> <span class='ocrx_word' id='word_1_453' title='bbox 991 4419 1250 4474; x_wconf 82' lang='lat' dir='ltr'><strong>offensus.</strong></span> <span class='ocrx_word' id='word_1_454' title='bbox 1285 4421 1463 4474; x_wconf 88' lang='lat' dir='ltr'><strong>furore</strong></span> <span class='ocrx_word' id='word_1_455' title='bbox 1492 4422 1649 4474; x_wconf 70' lang='lat' dir='ltr'><strong>gravi</strong></span> <span class='ocrx_word' id='word_1_456' title='bbox 1678 4421 1856 4474; x_wconf 91' lang='lat' dir='ltr'><strong>incen-</strong></span> 
     </span>
    </p>
   </div>
   <div class='ocr_carea' id='block_1_70' title="bbox 285 4419 1868 4492">
    <p class='ocr_par' dir='ltr' id='par_1_70' title="bbox 285 4419 1868 4492">
     <span class='ocr_line' id='line_1_71' title="bbox 285 4419 1868 4492; baseline 0 -18"><span class='ocrx_word' id='word_1_457' title='bbox 285 4421 371 4474; x_wconf 90' lang='lat' dir='ltr'><strong>ius</strong></span> <span class='ocrx_word' id='word_1_458' title='bbox 399 4419 700 4492; x_wconf 29' lang='lat' dir='ltr'><strong>irnperator’</strong></span> <span class='ocrx_word' id='word_1_459' title='bbox 719 4420 961 4492; x_wconf 86' lang='lat' dir='ltr'><strong>graviter</strong></span> <span class='ocrx_word' id='word_1_460' title='bbox 991 4419 1250 4492; x_wconf 82' lang='lat' dir='ltr'><strong>offensus,</strong></span> <span class='ocrx_word' id='word_1_461' title='bbox 1285 4421 1463 4475; x_wconf 88' lang='lat' dir='ltr'><strong>furore</strong></span> <span class='ocrx_word' id='word_1_462' title='bbox 1492 4422 1649 4492; x_wconf 83' lang='lat' dir='ltr'><strong>gravi</strong></span> <span class='ocrx_word' id='word_1_463' title='bbox 1678 4421 1868 4476; x_wconf 84' lang='lat' dir='ltr'><strong>incen-</strong></span> 
     </span>
    </p>
   </div>
   <div class='ocr_carea' id='block_1_71' title="bbox 266 4491 1866 4558">
    <p class='ocr_par' dir='ltr' id='par_1_71' title="bbox 266 4491 1866 4558">
     <span class='ocr_line' id='line_1_72' title="bbox 266 4491 1866 4558; baseline 0.001 -14"><span class='ocrx_word' id='word_1_464' title='bbox 266 4507 382 4558; x_wconf 90' lang='lat' dir='ltr'><strong>sus,</strong></span> <span class='ocrx_word' id='word_1_465' title='bbox 432 4491 658 4546; x_wconf 88' lang='lat' dir='ltr'><strong>Romam</strong></span> <span class='ocrx_word' id='word_1_466' title='bbox 708 4491 951 4546; x_wconf 89' lang='lat' dir='ltr'><strong>scribens</strong></span> <span class='ocrx_word' id='word_1_467' title='bbox 996 4491 1228 4556; x_wconf 89' lang='lat' dir='ltr'><strong>dicebat,</strong></span> <span class='ocrx_word' id='word_1_468' title='bbox 1282 4491 1547 4546; x_wconf 89' lang='lat' dir='ltr'><strong>Marinum</strong></span> <span class='ocrx_word' id='word_1_469' title='bbox 1591 4508 1701 4546; x_wconf 89' lang='lat' dir='ltr'><strong>non</strong></span> <span class='ocrx_word' id='word_1_470' title='bbox 1744 4508 1866 4546; x_wconf 91' lang='lat' dir='ltr'><strong>esse</strong></span> 
     </span>
    </p>
   </div>
   <div class='ocr_carea' id='block_1_72' title="bbox 264 4561 1865 4632">
    <p class='ocr_par' dir='ltr' id='par_1_72' title="bbox 264 4561 1865 4632">
     <span class='ocr_line' id='line_1_73' title="bbox 264 4561 1865 4632; baseline 0 -16"><span class='ocrx_word' id='word_1_471' title='bbox 264 4561 598 4632; x_wconf 86' lang='lat' dir='ltr'><strong>pontiﬁcem,</strong></span> <span class='ocrx_word' id='word_1_472' title='bbox 631 4579 696 4617; x_wconf 90' lang='lat' dir='ltr'><strong>eo</strong></span> <span class='ocrx_word' id='word_1_473' title='bbox 727 4563 868 4632; x_wconf 90' lang='lat' dir='ltr'><strong>quod</strong></span> <span class='ocrx_word' id='word_1_474' title='bbox 894 4561 1110 4615; x_wconf 88' lang='lat' dir='ltr'><strong>alterius</strong></span> <span class='ocrx_word' id='word_1_475' title='bbox 1141 4563 1402 4616; x_wconf 66' lang='lat' dir='ltr'><strong>Ecclesiae</strong></span> <span class='ocrx_word' id='word_1_476' title='bbox 1435 4563 1726 4632; x_wconf 90' lang='lat' dir='ltr'><strong>episc0pus</strong></span> <span class='ocrx_word' id='word_1_477' title='bbox 1750 4563 1865 4632; x_wconf 90' lang='lat' dir='ltr'><strong>jam</strong></span> 
     </span>
    </p>
   </div>
   <div class='ocr_carea' id='block_1_73' title="bbox 265 4632 1870 4703">
    <p class='ocr_par' dir='ltr' id='par_1_73' title="bbox 265 4632 1870 4703">
     <span class='ocr_line' id='line_1_74' title="bbox 265 4632 1870 4703; baseline 0 -17"><span class='ocrx_word' id='word_1_478' title='bbox 265 4640 391 4686; x_wconf 89' lang='lat' dir='ltr'><strong>ante</strong></span> <span class='ocrx_word' id='word_1_479' title='bbox 423 4633 704 4688; x_wconf 90' lang='lat' dir='ltr'><strong>ordinatus</strong></span> <span class='ocrx_word' id='word_1_480' title='bbox 733 4632 941 4697; x_wconf 86' lang='lat' dir='ltr'><strong>fuisset,</strong></span> <span class='ocrx_word' id='word_1_481' title='bbox 976 4632 1188 4703; x_wconf 86' lang='lat' dir='ltr'><strong>aliaque</strong></span> <span class='ocrx_word' id='word_1_482' title='bbox 1217 4633 1385 4687; x_wconf 91' lang='lat' dir='ltr'><strong>multa</strong></span> <span class='ocrx_word' id='word_1_483' title='bbox 1415 4632 1674 4687; x_wconf 91' lang='lat' dir='ltr'><strong>adversus</strong></span> <span class='ocrx_word' id='word_1_484' title='bbox 1720 4650 1870 4688; x_wconf 92' lang='lat' dir='ltr'><strong>eum-</strong></span> 
     </span>
    </p>
   </div>
   <div class='ocr_carea' id='block_1_74' title="bbox 266 4702 1871 4784">
    <p class='ocr_par' dir='ltr' id='par_1_74' title="bbox 266 4702 1871 4784">
     <span class='ocr_line' id='line_1_75' title="bbox 266 4702 1871 4784; baseline 0.001 -27"><span class='ocrx_word' id='word_1_485' title='bbox 266 4703 394 4758; x_wconf 92' lang='lat' dir='ltr'><strong>dem</strong></span> <span class='ocrx_word' id='word_1_486' title='bbox 423 4719 616 4784; x_wconf 78' lang='lat' dir='ltr'><strong>papam</strong></span> <span class='ocrx_word' id='word_1_487' title='bbox 665 4703 1067 4784; x_wconf 71' lang='lat' dir='ltr'><strong>sanctissimum</strong></span> <span class='ocrx_word' id='word_1_488' title='bbox 1095 4702 1381 4784; x_wconf 29' lang='lat' dir='ltr'><strong>Seifutiens,</strong></span> <span class='ocrx_word' id='word_1_489' title='bbox 1417 4703 1871 4784; x_wconf 41' lang='lat' dir='ltr'><strong>solio‘pontilincio</strong></span> 
     </span>
    </p>
   </div>
   <div class='ocr_carea' id='block_1_75' title="bbox 266 4774 1874 4845">
    <p class='ocr_par' dir='ltr' id='par_1_75' title="bbox 266 4774 1874 4845">
     <span class='ocr_line' id='line_1_76' title="bbox 266 4774 1874 4845; baseline 0 -17"><span class='ocrx_word' id='word_1_490' title='bbox 266 4789 394 4828; x_wconf 90' lang='lat' dir='ltr'><strong>eum</strong></span> <span class='ocrx_word' id='word_1_491' title='bbox 416 4774 652 4842; x_wconf 91' lang='lat' dir='ltr'><strong>dejicere</strong></span> <span class='ocrx_word' id='word_1_492' title='bbox 671 4775 976 4845; x_wconf 88' lang='lat' dir='ltr'><strong>satagebat.</strong></span> <span class='ocrx_word' id='word_1_493' title='bbox 1003 4774 1147 4841; x_wconf 84' lang='lat' dir='ltr'><strong>Quid</strong></span> <span class='ocrx_word' id='word_1_494' title='bbox 1167 4782 1343 4828; x_wconf 90' lang='lat' dir='ltr'><strong>autem</strong></span> <span class='ocrx_word' id='word_1_495' title='bbox 1365 4790 1463 4845; x_wconf 91' lang='lat' dir='ltr'><strong>pro</strong></span> <span class='ocrx_word' id='word_1_496' title='bbox 1483 4775 1674 4829; x_wconf 91' lang='lat' dir='ltr'><strong>eodem</strong></span> <span class='ocrx_word' id='word_1_497' title='bbox 1692 4774 1874 4829; x_wconf 87' lang='lat' dir='ltr'><strong>defen-</strong></span> 
     </span>
    </p>
   </div>
   <div class='ocr_carea' id='block_1_76' title="bbox 269 4845 1871 4925">
    <p class='ocr_par' dir='ltr' id='par_1_76' title="bbox 269 4845 1871 4925">
     <span class='ocr_line' id='line_1_77' title="bbox 269 4845 1871 4925; baseline 0.001 -27"><span class='ocrx_word' id='word_1_498' title='bbox 269 4845 457 4925; x_wconf 81' lang='lat' dir='ltr'><strong>dendo</strong></span> <span class='ocrx_word' id='word_1_499' title='bbox 487 4846 794 4925; x_wconf 83' lang='lat' dir='ltr'><strong>Stephanus</strong></span> <span class='ocrx_word' id='word_1_500' title='bbox 821 4859 962 4925; x_wconf 79' lang='lat' dir='ltr'><strong>papa</strong></span> <span class='ocrx_word' id='word_1_501' title='bbox 992 4860 1280 4925; x_wconf 80' lang='lat' dir='ltr'><strong>successor</strong></span> <span class='ocrx_word' id='word_1_502' title='bbox 1299 4846 1494 4925; x_wconf 61' lang='lat' dir='ltr'><strong>lttarini</strong></span> <span class='ocrx_word' id='word_1_503' title='bbox 1521 4845 1871 4925; x_wconf 72' lang='lat' dir='ltr'><strong>adBasilium</strong></span> 
     </span>
    </p>
   </div>
   <div class='ocr_carea' id='block_1_77' title="bbox 267 4915 1870 4986">
    <p class='ocr_par' dir='ltr' id='par_1_77' title="bbox 267 4915 1870 4986">
     <span class='ocr_line' id='line_1_78' title="bbox 267 4915 1870 4986; baseline 0.001 -18"><span class='ocrx_word' id='word_1_504' title='bbox 267 4916 630 4986; x_wconf 87' lang='lat' dir='ltr'><strong>rescripserit,</strong></span> <span class='ocrx_word' id='word_1_505' title='bbox 662 4933 727 4971; x_wconf 84' lang='lat' dir='ltr'><strong>ex</strong></span> <span class='ocrx_word' id='word_1_506' title='bbox 759 4915 987 4986; x_wconf 89' lang='lat' dir='ltr'><strong>epistola</strong></span> <span class='ocrx_word' id='word_1_507' title='bbox 1019 4917 1258 4984; x_wconf 91' lang='lat' dir='ltr'><strong>ejusdem</strong></span> <span class='ocrx_word' id='word_1_508' title='bbox 1308 4917 1568 4986; x_wconf 89' lang='lat' dir='ltr'><strong>Stephani</strong></span> <span class='ocrx_word' id='word_1_509' title='bbox 1600 4915 1738 4970; x_wconf 86' lang='lat' dir='ltr'><strong>infra</strong></span> <span class='ocrx_word' id='word_1_510' title='bbox 1767 4931 1870 4986; x_wconf 91' lang='lat' dir='ltr'><strong>pa-</strong></span> 
     </span>
    </p>
   </div>
   <div class='ocr_carea' id='block_1_78' title="bbox 262 4986 1867 5059">
    <p class='ocr_par' dir='ltr' id='par_1_78' title="bbox 262 4986 1867 5059">
     <span class='ocr_line' id='line_1_79' title="bbox 262 4986 1867 5059; baseline 0.001 -21"><span class='ocrx_word' id='word_1_511' title='bbox 262 4986 420 5059; x_wconf 84' lang='lat' dir='ltr'><strong>tebit.</strong></span> <span class='ocrx_word' id='word_1_512' title='bbox 499 4987 609 5053; x_wconf 89' lang='lat' dir='ltr'><strong>Ea,</strong></span> <span class='ocrx_word' id='word_1_513' title='bbox 663 5003 784 5059; x_wconf 60' lang='lat' dir='ltr'><strong>qum</strong></span> <span class='ocrx_word' id='word_1_514' title='bbox 814 4987 1049 5059; x_wconf 68' lang='lat' dir='ltr'><strong>Joannes</strong></span> <span class='ocrx_word' id='word_1_515' title='bbox 1106 5003 1243 5057; x_wconf 90' lang='lat' dir='ltr'><strong>papa</strong></span> <span class='ocrx_word' id='word_1_516' title='bbox 1299 5003 1590 5059; x_wconf 86' lang='lat' dir='ltr'><strong>perperam</strong></span> <span class='ocrx_word' id='word_1_517' title='bbox 1648 4995 1867 5059; x_wconf 87' lang='lat' dir='ltr'><strong>egerat,</strong></span> 
     </span>
    </p>
   </div>
   <div class='ocr_carea' id='block_1_79' title="bbox 267 5057 1871 5129">
    <p class='ocr_par' dir='ltr' id='par_1_79' title="bbox 267 5057 1871 5129">
     <span class='ocr_line' id='line_1_80' title="bbox 267 5057 1871 5129; baseline 0.001 -18"><span class='ocrx_word' id='word_1_518' title='bbox 267 5057 634 5127; x_wconf 89' lang='lat' dir='ltr'><strong>rescissurus,</strong></span> <span class='ocrx_word' id='word_1_519' title='bbox 667 5057 810 5113; x_wconf 77' lang='lat' dir='ltr'><strong>inter</strong></span> <span class='ocrx_word' id='word_1_520' title='bbox 857 5057 962 5112; x_wconf 88' lang='lat' dir='ltr'><strong>alia</strong></span> <span class='ocrx_word' id='word_1_521' title='bbox 1006 5057 1329 5112; x_wconf 91' lang='lat' dir='ltr'><strong>Formosum</strong></span> <span class='ocrx_word' id='word_1_522' title='bbox 1372 5057 1705 5129; x_wconf 52' lang='lat' dir='ltr'><strong>episcopum‘</strong></span> <span class='ocrx_word' id='word_1_523' title='bbox 1731 5059 1871 5113; x_wconf 88' lang='lat' dir='ltr'><strong>Por-</strong></span> 
     </span>
    </p>
   </div>
   <div class='ocr_carea' id='block_1_80' title="bbox 1896 4602 1949 4662">
    <p class='ocr_par' dir='ltr' id='par_1_80' title="bbox 1896 4602 1949 4662">
     <span class='ocr_line' id='line_1_81' title="bbox 1896 4602 1949 4662; baseline 0 0"><span class='ocrx_word' id='word_1_524' title='bbox 1896 4602 1949 4662; x_wconf 93' lang='lat' dir='ltr'><strong>D</strong></span> 
     </span>
    </p>
   </div>
   <div class='ocr_carea' id='block_1_81' title="bbox 1966 3265 3560 3349">
    <p class='ocr_par' dir='ltr' id='par_1_81' title="bbox 1966 3265 3560 3349">
     <span class='ocr_line' id='line_1_82' title="bbox 1966 3265 3560 3349; baseline -0.003 -1"><span class='ocrx_word' id='word_1_525' title='bbox 1966 3265 2162 3349; x_wconf 54' lang='lat' dir='ltr'><strong>tribsuto</strong></span> <span class='ocrx_word' id='word_1_526' title='bbox 2193 3295 2425 3348; x_wconf 89' lang='lat' dir='ltr'><strong>liberam</strong></span> <span class='ocrx_word' id='word_1_527' title='bbox 2452 3293 2578 3348; x_wconf 92' lang='lat' dir='ltr'><strong>fecit</strong></span> <span class='ocrx_word' id='word_1_528' title='bbox 2608 3294 2901 3348; x_wconf 76' lang='lat' dir='ltr'><strong>Matthceus</strong></span> <span class='ocrx_word' id='word_1_529' title='bbox 2928 3265 3560 3347; x_wconf 43' lang='lat' dir='ltr'><strong>lWestmonasteriei’isis.</strong></span> 
     </span>
    </p>
   </div>
   <div class='ocr_carea' id='block_1_82' title="bbox 1965 3361 3566 3436">
    <p class='ocr_par' dir='ltr' id='par_1_82' title="bbox 1965 3361 3566 3436">
     <span class='ocr_line' id='line_1_83' title="bbox 1965 3361 3566 3436; baseline -0.004 -16"><span class='ocrx_word' id='word_1_530' title='bbox 1965 3367 2208 3436; x_wconf 92' lang='lat' dir='ltr'><strong>Cumque</strong></span> <span class='ocrx_word' id='word_1_531' title='bbox 2259 3364 2394 3420; x_wconf 88' lang='lat' dir='ltr'><strong>locis</strong></span> <span class='ocrx_word' id='word_1_532' title='bbox 2450 3364 2702 3436; x_wconf 84' lang='lat' dir='ltr'><strong>omnibus</strong></span> <span class='ocrx_word' id='word_1_533' title='bbox 2767 3378 2934 3432; x_wconf 90' lang='lat' dir='ltr'><strong>supra</strong></span> <span class='ocrx_word' id='word_1_534' title='bbox 3001 3361 3253 3436; x_wconf 79' lang='lat' dir='ltr'><strong>allegatis</strong></span> <span class='ocrx_word' id='word_1_535' title='bbox 3323 3361 3566 3436; x_wconf 66' lang='lat' dir='ltr'><strong>Marinus</strong></span> 
     </span>
    </p>
   </div>
   <div class='ocr_carea' id='block_1_83' title="bbox 1965 3431 3569 3504">
    <p class='ocr_par' dir='ltr' id='par_1_83' title="bbox 1965 3431 3569 3504">
     <span class='ocr_line' id='line_1_84' title="bbox 1965 3431 3569 3504; baseline -0.002 -15"><span class='ocrx_word' id='word_1_536' title='bbox 1965 3431 2289 3504; x_wconf 81' lang='lat' dir='ltr'><strong>nominetur,</strong></span> <span class='ocrx_word' id='word_1_537' title='bbox 2335 3442 2484 3489; x_wconf 90' lang='lat' dir='ltr'><strong>recte</strong></span> <span class='ocrx_word' id='word_1_538' title='bbox 2532 3434 2798 3488; x_wconf 88' lang='lat' dir='ltr'><strong>Platinam</strong></span> <span class='ocrx_word' id='word_1_539' title='bbox 2839 3431 3044 3504; x_wconf 85' lang='lat' dir='ltr'><strong>erroris</strong></span> <span class='ocrx_word' id='word_1_540' title='bbox 3091 3431 3369 3504; x_wconf 81' lang='lat' dir='ltr'><strong>redarguit</strong></span> <span class='ocrx_word' id='word_1_541' title='bbox 3416 3431 3569 3504; x_wconf 77' lang='lat' dir='ltr'><strong>Onu-</strong></span> 
     </span>
    </p>
   </div>
   <div class='ocr_carea' id='block_1_84' title="bbox 1963 3500 3565 3576">
    <p class='ocr_par' dir='ltr' id='par_1_84' title="bbox 1963 3500 3565 3576">
     <span class='ocr_line' id='line_1_85' title="bbox 1963 3500 3565 3576; baseline -0.002 -18"><span class='ocrx_word' id='word_1_542' title='bbox 1963 3506 2175 3576; x_wconf 91' lang='lat' dir='ltr'><strong>phrius,</strong></span> <span class='ocrx_word' id='word_1_543' title='bbox 2211 3500 2356 3576; x_wconf 83' lang='lat' dir='ltr'><strong>quod</strong></span> <span class='ocrx_word' id='word_1_544' title='bbox 2385 3505 2542 3576; x_wconf 84' lang='lat' dir='ltr'><strong>aliter</strong></span> <span class='ocrx_word' id='word_1_545' title='bbox 2589 3520 2754 3576; x_wconf 85' lang='lat' dir='ltr'><strong>quam</strong></span> <span class='ocrx_word' id='word_1_546' title='bbox 2798 3503 3088 3556; x_wconf 88' lang='lat' dir='ltr'><strong>Martinum</strong></span> <span class='ocrx_word' id='word_1_547' title='bbox 3119 3500 3453 3576; x_wconf 77' lang='lat' dir='ltr'><strong>appellantes</strong></span> <span class='ocrx_word' id='word_1_548' title='bbox 3483 3500 3565 3576; x_wconf 84' lang='lat' dir='ltr'><strong>si-</strong></span> 
     </span>
    </p>
   </div>
   <div class='ocr_carea' id='block_1_85' title="bbox 1965 3572 3565 3640">
    <p class='ocr_par' dir='ltr' id='par_1_85' title="bbox 1965 3572 3565 3640">
     <span class='ocr_line' id='line_1_86' title="bbox 1965 3572 3565 3640; baseline -0.003 -11"><span class='ocrx_word' id='word_1_549' title='bbox 1965 3572 2268 3630; x_wconf 77' lang='lat' dir='ltr'><strong>militudine</strong></span> <span class='ocrx_word' id='word_1_550' title='bbox 2326 3575 2560 3630; x_wconf 92' lang='lat' dir='ltr'><strong>nominis</strong></span> <span class='ocrx_word' id='word_1_551' title='bbox 2608 3572 2878 3640; x_wconf 76' lang='lat' dir='ltr'><strong>deceptos</strong></span> <span class='ocrx_word' id='word_1_552' title='bbox 2936 3590 3059 3627; x_wconf 91' lang='lat' dir='ltr'><strong>esse</strong></span> <span class='ocrx_word' id='word_1_553' title='bbox 3115 3572 3337 3627; x_wconf 89' lang='lat' dir='ltr'><strong>scribat.</strong></span> <span class='ocrx_word' id='word_1_554' title='bbox 3395 3572 3565 3640; x_wconf 89' lang='lat' dir='ltr'><strong>Hujus</strong></span> 
     </span>
    </p>
   </div>
   <div class='ocr_carea' id='block_1_86' title="bbox 1965 3643 3558 3716">
    <p class='ocr_par' dir='ltr' id='par_1_86' title="bbox 1965 3643 3558 3716">
     <span class='ocr_line' id='line_1_87' title="bbox 1965 3643 3558 3716; baseline -0.004 -16"><span class='ocrx_word' id='word_1_555' title='bbox 1965 3647 2298 3716; x_wconf 91' lang='lat' dir='ltr'><strong>temporibus</strong></span> <span class='ocrx_word' id='word_1_556' title='bbox 2344 3643 3133 3716; x_wconf 13' lang='lat' dir='ltr'><strong>NorthmannitTrevirorum,</strong></span> <span class='ocrx_word' id='word_1_557' title='bbox 3182 3643 3523 3716; x_wconf 86' lang='lat' dir='ltr'><strong>Tungrorum</strong></span> <span class='ocrx_word' id='word_1_558' title='bbox 3545 3684 3558 3707; x_wconf 94' lang='lat'><strong>,</strong></span> 
     </span>
    </p>
   </div>
   <div class='ocr_carea' id='block_1_87' title="bbox 1969 3712 3566 3785">
    <p class='ocr_par' dir='ltr' id='par_1_87' title="bbox 1969 3712 3566 3785">
     <span class='ocr_line' id='line_1_88' title="bbox 1969 3712 3566 3785; baseline -0.003 -15"><span class='ocrx_word' id='word_1_559' title='bbox 1969 3712 2252 3781; x_wconf 83' lang='lat' dir='ltr'><strong>Ubiorum,</strong></span> <span class='ocrx_word' id='word_1_560' title='bbox 2301 3716 2643 3785; x_wconf 90' lang='lat' dir='ltr'><strong>aliorumque</strong></span> <span class='ocrx_word' id='word_1_561' title='bbox 2690 3713 3188 3782; x_wconf 89' lang='lat' dir='ltr'><strong>circumjacentium</strong></span> <span class='ocrx_word' id='word_1_562' title='bbox 3236 3712 3566 3782; x_wconf 88' lang='lat' dir='ltr'><strong>populorum</strong></span> 
     </span>
    </p>
   </div>
   <div class='ocr_carea' id='block_1_88' title="bbox 1965 3785 3563 3856">
    <p class='ocr_par' dir='ltr' id='par_1_88' title="bbox 1965 3785 3563 3856">
     <span class='ocr_line' id='line_1_89' title="bbox 1965 3785 3563 3856; baseline -0.002 -16"><span class='ocrx_word' id='word_1_563' title='bbox 1965 3787 2126 3842; x_wconf 91' lang='lat' dir='ltr'><strong>urbes</strong></span> <span class='ocrx_word' id='word_1_564' title='bbox 2174 3795 2225 3840; x_wconf 89' lang='lat' dir='ltr'><strong>et</strong></span> <span class='ocrx_word' id='word_1_565' title='bbox 2271 3785 2470 3856; x_wconf 90' lang='lat' dir='ltr'><strong>oppida</strong></span> <span class='ocrx_word' id='word_1_566' title='bbox 2529 3785 2795 3840; x_wconf 92' lang='lat' dir='ltr'><strong>incendiis</strong></span> <span class='ocrx_word' id='word_1_567' title='bbox 2840 3793 2892 3838; x_wconf 90' lang='lat' dir='ltr'><strong>et</strong></span> <span class='ocrx_word' id='word_1_568' title='bbox 2936 3785 3141 3854; x_wconf 89' lang='lat' dir='ltr'><strong>rapinis</strong></span> <span class='ocrx_word' id='word_1_569' title='bbox 3197 3785 3563 3839; x_wconf 83' lang='lat' dir='ltr'><strong>devastarunt.</strong></span> 
     </span>
    </p>
   </div>
   <div class='ocr_carea' id='block_1_89' title="bbox 1965 3856 3568 3912">
    <p class='ocr_par' dir='ltr' id='par_1_89' title="bbox 1965 3856 3568 3912">
     <span class='ocr_line' id='line_1_90' title="bbox 1965 3856 3568 3912; baseline -0.002 0"><span class='ocrx_word' id='word_1_570' title='bbox 1965 3859 2054 3912; x_wconf 76' lang='lat' dir='ltr'><strong>Ex</strong></span> <span class='ocrx_word' id='word_1_571' title='bbox 2096 3859 2240 3912; x_wconf 81' lang='lat' dir='ltr'><strong>actis</strong></span> <span class='ocrx_word' id='word_1_572' title='bbox 2286 3861 2498 3912; x_wconf 73' lang='lat' dir='ltr'><strong>sancta:</strong></span> <span class='ocrx_word' id='word_1_573' title='bbox 2551 3856 2764 3912; x_wconf 76' lang='lat' dir='ltr'><strong>Gudich</strong></span> <span class='ocrx_word' id='word_1_574' title='bbox 2794 3859 2848 3910; x_wconf 84' lang='lat' dir='ltr'><strong>et</strong></span> <span class='ocrx_word' id='word_1_575' title='bbox 2877 3856 3174 3910; x_wconf 80' lang='lat' dir='ltr'><strong>annalibus</strong></span> <span class='ocrx_word' id='word_1_576' title='bbox 3220 3856 3568 3910; x_wconf 83' lang='lat' dir='ltr'><strong>Francorum</strong></span> 
     </span>
    </p>
   </div>
   <div class='ocr_carea' id='block_1_90' title="bbox 1966 3925 3567 4005">
    <p class='ocr_par' dir='ltr' id='par_1_90' title="bbox 1966 3925 3567 4005">
     <span class='ocr_line' id='line_1_91' title="bbox 1966 3925 3567 4005; baseline -0.004 -23"><span class='ocrx_word' id='word_1_577' title='bbox 1966 3929 2262 4005; x_wconf 59' lang='lat' dir='ltr'><strong>Bai-anius.</strong></span> <span class='ocrx_word' id='word_1_578' title='bbox 2283 3927 2519 4005; x_wconf 62' lang='lat' dir='ltr'><strong>_Bhotius</strong></span> <span class='ocrx_word' id='word_1_579' title='bbox 2550 3925 2940 4005; x_wconf 79' lang='lat' dir='ltr'><strong>schismaticus</strong></span> <span class='ocrx_word' id='word_1_580' title='bbox 2968 3927 3081 4005; x_wconf 41' lang='lat' dir='ltr'><strong>hoc.</strong></span> <span class='ocrx_word' id='word_1_581' title='bbox 3118 3927 3567 4005; x_wconf 47' lang='lat' dir='ltr'><strong>tempore‘Aqm»</strong></span> 
     </span>
    </p>
   </div>
   <div class='ocr_carea' id='block_1_91' title="bbox 1966 3995 3568 4077">
    <p class='ocr_par' dir='ltr' id='par_1_91' title="bbox 1966 3995 3568 4077">
     <span class='ocr_line' id='line_1_92' title="bbox 1966 3995 3568 4077; baseline -0.002 -25"><span class='ocrx_word' id='word_1_582' title='bbox 1966 3999 2156 4077; x_wconf 80' lang='lat' dir='ltr'><strong>leiensi</strong></span> <span class='ocrx_word' id='word_1_583' title='bbox 2187 3997 2597 4077; x_wconf 73' lang='lat' dir='ltr'><strong>arehiepiscopo</strong></span> <span class='ocrx_word' id='word_1_584' title='bbox 2627 3997 2874 4077; x_wconf 81' lang='lat' dir='ltr'><strong>imperito</strong></span> <span class='ocrx_word' id='word_1_585' title='bbox 2896 3995 3312 4077; x_wconf 44' lang='lat' dir='ltr'><strong>ct‘schismatico</strong></span> <span class='ocrx_word' id='word_1_586' title='bbox 3344 3995 3417 4077; x_wconf 68' lang='lat' dir='ltr'><strong>de</strong></span> <span class='ocrx_word' id='word_1_587' title='bbox 3441 4009 3568 4077; x_wconf 49' lang='lat' dir='ltr'><strong>p‘ro-</strong></span> 
     </span>
    </p>
   </div>
   <div class='ocr_carea' id='block_1_92' title="bbox 1968 4063 3564 4137">
    <p class='ocr_par' dir='ltr' id='par_1_92' title="bbox 1968 4063 3564 4137">
     <span class='ocr_line' id='line_1_93' title="bbox 1968 4063 3564 4137; baseline -0.004 -14"><span class='ocrx_word' id='word_1_588' title='bbox 1968 4069 2216 4123; x_wconf 90' lang='lat' dir='ltr'><strong>cessione</strong></span> <span class='ocrx_word' id='word_1_589' title='bbox 2248 4063 2479 4137; x_wconf 85' lang='lat' dir='ltr'><strong>Spiritus</strong></span> <span class='ocrx_word' id='word_1_590' title='bbox 2522 4063 2719 4120; x_wconf 45' lang='lat' dir='ltr'><strong>sancti&#39;</strong></span> <span class='ocrx_word' id='word_1_591' title='bbox 2737 4065 3098 4135; x_wconf 90' lang='lat' dir='ltr'><strong>respondens,</strong></span> <span class='ocrx_word' id='word_1_592' title='bbox 3119 4079 3357 4137; x_wconf 66' lang='lat' dir='ltr'><strong>causam</strong></span> <span class='ocrx_word' id='word_1_593' title='bbox 3386 4063 3564 4128; x_wconf 88' lang='lat' dir='ltr'><strong>dedit;</strong></span> 
     </span>
    </p>
   </div>
   <div class='ocr_carea' id='block_1_93' title="bbox 2009 4134 3571 4206">
    <p class='ocr_par' dir='ltr' id='par_1_93' title="bbox 2009 4134 3571 4206">
     <span class='ocr_line' id='line_1_94' title="bbox 2009 4134 3571 4206; baseline -0.004 -14"><span class='ocrx_word' id='word_1_594' title='bbox 2009 4139 2112 4192; x_wconf 92' lang='lat' dir='ltr'><strong>uod</strong></span> <span class='ocrx_word' id='word_1_595' title='bbox 2141 4134 2508 4206; x_wconf 54' lang='lat' dir='ltr'><strong>sicut&#39;jamdiu</strong></span> <span class='ocrx_word' id='word_1_596' title='bbox 2536 4144 2659 4190; x_wconf 88' lang='lat' dir='ltr'><strong>ante</strong></span> <span class='ocrx_word' id='word_1_597' title='bbox 2689 4137 2807 4191; x_wconf 69' lang='lat' dir='ltr'><strong>haec</strong></span> <span class='ocrx_word' id='word_1_598' title='bbox 2838 4134 3492 4206; x_wconf 17' lang='lat' dir='ltr'><strong>temporatHispaniarum</strong></span> <span class='ocrx_word' id='word_1_599' title='bbox 3514 4140 3571 4187; x_wconf 85' lang='lat' dir='ltr'><strong>et</strong></span> 
     </span>
    </p>
   </div>
   <div class='ocr_carea' id='block_1_94' title="bbox 1995 4203 3566 4271">
    <p class='ocr_par' dir='ltr' id='par_1_94' title="bbox 1995 4203 3566 4271">
     <span class='ocr_line' id='line_1_95' title="bbox 1995 4203 3566 4271; baseline -0.003 -9"><span class='ocrx_word' id='word_1_600' title='bbox 1995 4203 2266 4262; x_wconf 62' lang='lat' dir='ltr'><strong>ialliarum</strong></span> <span class='ocrx_word' id='word_1_601' title='bbox 2303 4203 2617 4271; x_wconf 71' lang='lat' dir='ltr'><strong>Ecclesiae,</strong></span> <span class='ocrx_word' id='word_1_602' title='bbox 2689 4207 2761 4260; x_wconf 92' lang='lat' dir='ltr'><strong>ita</strong></span> <span class='ocrx_word' id='word_1_603' title='bbox 2819 4203 2981 4260; x_wconf 89' lang='lat' dir='ltr'><strong>etiam</strong></span> <span class='ocrx_word' id='word_1_604' title='bbox 3038 4205 3108 4259; x_wconf 88' lang='lat' dir='ltr'><strong>ad</strong></span> <span class='ocrx_word' id='word_1_605' title='bbox 3166 4203 3566 4259; x_wconf 88' lang='lat' dir='ltr'><strong>retundendam</strong></span> 
     </span>
    </p>
   </div>
   <div class='ocr_carea' id='block_1_95' title="bbox 1969 4274 3568 4349">
    <p class='ocr_par' dir='ltr' id='par_1_95' title="bbox 1969 4274 3568 4349">
     <span class='ocr_line' id='line_1_96' title="bbox 1969 4274 3568 4349; baseline -0.004 -16"><span class='ocrx_word' id='word_1_606' title='bbox 1969 4280 2142 4333; x_wconf 88' lang='lat' dir='ltr'><strong>Photii</strong></span> <span class='ocrx_word' id='word_1_607' title='bbox 2189 4279 2413 4349; x_wconf 90' lang='lat' dir='ltr'><strong>ejusque</strong></span> <span class='ocrx_word' id='word_1_608' title='bbox 2457 4275 2810 4349; x_wconf 84' lang='lat' dir='ltr'><strong>sectariorum</strong></span> <span class='ocrx_word' id='word_1_609' title='bbox 2839 4277 2908 4330; x_wconf 92' lang='lat' dir='ltr'><strong>de</strong></span> <span class='ocrx_word' id='word_1_610' title='bbox 2936 4275 3289 4349; x_wconf 80' lang='lat' dir='ltr'><strong>processione</strong></span> <span class='ocrx_word' id='word_1_611' title='bbox 3335 4274 3568 4344; x_wconf 88' lang='lat' dir='ltr'><strong>Spiritus</strong></span> 
     </span>
    </p>
   </div>
   <div class='ocr_carea' id='block_1_96' title="bbox 1971 4345 3568 4414">
    <p class='ocr_par' dir='ltr' id='par_1_96' title="bbox 1971 4345 3568 4414">
     <span class='ocr_line' id='line_1_97' title="bbox 1971 4345 3568 4414; baseline -0.004 -10"><span class='ocrx_word' id='word_1_612' title='bbox 1971 4350 2142 4405; x_wconf 89' lang='lat' dir='ltr'><strong>sancti</strong></span> <span class='ocrx_word' id='word_1_613' title='bbox 2196 4345 2478 4414; x_wconf 70' lang='lat' dir='ltr'><strong>haeresim,</strong></span> <span class='ocrx_word' id='word_1_614' title='bbox 2539 4348 2786 4402; x_wconf 84' lang='lat' dir='ltr'><strong>Romana</strong></span> <span class='ocrx_word' id='word_1_615' title='bbox 2840 4346 3091 4401; x_wconf 80' lang='lat' dir='ltr'><strong>Ecclesia</strong></span> <span class='ocrx_word' id='word_1_616' title='bbox 3143 4345 3568 4405; x_wconf 84' lang='lat' dir='ltr'><strong>additamentum</strong></span> 
     </span>
    </p>
   </div>
   <div class='ocr_carea' id='block_1_97' title="bbox 1967 4415 3569 4491">
    <p class='ocr_par' dir='ltr' id='par_1_97' title="bbox 1967 4415 3569 4491">
     <span class='ocr_line' id='line_1_98' title="bbox 1967 4415 3569 4491; baseline -0.003 -18"><span class='ocrx_word' id='word_1_617' title='bbox 1967 4421 2119 4488; x_wconf 91' lang='lat' dir='ltr'><strong>illud,</strong></span> <span class='ocrx_word' id='word_1_618' title='bbox 2149 4421 2413 4491; x_wconf 83' lang='lat' dir='ltr'><strong>Filioque,</strong></span> <span class='ocrx_word' id='word_1_619' title='bbox 2435 4419 2515 4491; x_wconf 83' lang='lat' dir='ltr'><strong>ad</strong></span> <span class='ocrx_word' id='word_1_620' title='bbox 2561 4418 2868 4491; x_wconf 84' lang='lat' dir='ltr'><strong>symbolum</strong></span> <span class='ocrx_word' id='word_1_621' title='bbox 2907 4415 3569 4491; x_wconf 76' lang='lat' dir='ltr'><strong>Constantinopolitanum</strong></span> 
     </span>
    </p>
   </div>
   <div class='ocr_carea' id='block_1_98' title="bbox 1967 4486 3571 4561">
    <p class='ocr_par' dir='ltr' id='par_1_98' title="bbox 1967 4486 3571 4561">
     <span class='ocr_line' id='line_1_99' title="bbox 1967 4486 3571 4561; baseline -0.002 -16"><span class='ocrx_word' id='word_1_622' title='bbox 1967 4486 2363 4561; x_wconf 85' lang='lat' dir='ltr'><strong>posterioribus</strong></span> <span class='ocrx_word' id='word_1_623' title='bbox 2393 4490 2566 4561; x_wconf 82' lang='lat' dir='ltr'><strong>hisce</strong></span> <span class='ocrx_word' id='word_1_624' title='bbox 2592 4486 2806 4561; x_wconf 72' lang='lat' dir='ltr'><strong>saeculis</strong></span> <span class='ocrx_word' id='word_1_625' title='bbox 2855 4488 3136 4556; x_wconf 90' lang='lat' dir='ltr'><strong>adjecerit,</strong></span> <span class='ocrx_word' id='word_1_626' title='bbox 3170 4488 3308 4561; x_wconf 87' lang='lat' dir='ltr'><strong>et_in</strong></span> <span class='ocrx_word' id='word_1_627' title='bbox 3335 4486 3571 4541; x_wconf 89' lang='lat' dir='ltr'><strong>ecclesia</strong></span> 
     </span>
    </p>
   </div>
   <div class='ocr_carea' id='block_1_99' title="bbox 1971 4556 3570 4631">
    <p class='ocr_par' dir='ltr' id='par_1_99' title="bbox 1971 4556 3570 4631">
     <span class='ocr_line' id='line_1_100' title="bbox 1971 4556 3570 4631; baseline -0.003 -16"><span class='ocrx_word' id='word_1_628' title='bbox 1971 4556 2186 4631; x_wconf 81' lang='lat' dir='ltr'><strong>publice</strong></span> <span class='ocrx_word' id='word_1_629' title='bbox 2230 4559 2611 4616; x_wconf 88' lang='lat' dir='ltr'><strong>decantaverit.</strong></span> <span class='ocrx_word' id='word_1_630' title='bbox 2657 4560 2777 4628; x_wconf 86' lang='lat' dir='ltr'><strong>Quo</strong></span> <span class='ocrx_word' id='word_1_631' title='bbox 2824 4567 3067 4631; x_wconf 89' lang='lat' dir='ltr'><strong>tempore</strong></span> <span class='ocrx_word' id='word_1_632' title='bbox 3117 4567 3196 4631; x_wconf 57' lang='lat' dir='ltr'><strong>et_</strong></span> <span class='ocrx_word' id='word_1_633' title='bbox 3217 4556 3344 4631; x_wconf 77' lang='lat' dir='ltr'><strong>fine,</strong></span> <span class='ocrx_word' id='word_1_634' title='bbox 3393 4572 3570 4627; x_wconf 89' lang='lat' dir='ltr'><strong>quove</strong></span> 
     </span>
    </p>
   </div>
   <div class='ocr_carea' id='block_1_100' title="bbox 1973 4627 3572 4694">
    <p class='ocr_par' dir='ltr' id='par_1_100' title="bbox 1973 4627 3572 4694">
     <span class='ocr_line' id='line_1_101' title="bbox 1973 4627 3572 4694; baseline -0.004 -7"><span class='ocrx_word' id='word_1_635' title='bbox 1973 4627 2195 4687; x_wconf 78' lang='lat' dir='ltr'><strong>auctore</strong></span> <span class='ocrx_word' id='word_1_636' title='bbox 2227 4640 2277 4687; x_wconf 90' lang='lat' dir='ltr'><strong>et</strong></span> <span class='ocrx_word' id='word_1_637' title='bbox 2307 4633 2471 4686; x_wconf 92' lang='lat' dir='ltr'><strong>modo</strong></span> <span class='ocrx_word' id='word_1_638' title='bbox 2500 4631 2556 4685; x_wconf 88' lang='lat' dir='ltr'><strong>id</strong></span> <span class='ocrx_word' id='word_1_639' title='bbox 2586 4627 2788 4686; x_wconf 87' lang='lat' dir='ltr'><strong>factum</strong></span> <span class='ocrx_word' id='word_1_640' title='bbox 2833 4627 3007 4694; x_wconf 79' lang='lat' dir='ltr'><strong>fuerit,</strong></span> <span class='ocrx_word' id='word_1_641' title='bbox 3041 4645 3106 4683; x_wconf 86' lang='lat' dir='ltr'><strong>ex</strong></span> <span class='ocrx_word' id='word_1_642' title='bbox 3137 4627 3467 4692; x_wconf 70' lang='lat' dir='ltr'><strong>Etheriano,</strong></span> <span class='ocrx_word' id='word_1_643' title='bbox 3517 4633 3572 4681; x_wconf 90' lang='lat' dir='ltr'><strong>et</strong></span> 
     </span>
    </p>
   </div>
   <div class='ocr_carea' id='block_1_101' title="bbox 1973 4700 3570 4764">
    <p class='ocr_par' dir='ltr' id='par_1_101' title="bbox 1973 4700 3570 4764">
     <span class='ocr_line' id='line_1_102' title="bbox 1973 4700 3570 4764; baseline -0.004 -6"><span class='ocrx_word' id='word_1_644' title='bbox 1973 4703 2203 4759; x_wconf 91' lang='lat' dir='ltr'><strong>concilio</strong></span> <span class='ocrx_word' id='word_1_645' title='bbox 2252 4703 2562 4757; x_wconf 86' lang='lat' dir='ltr'><strong>Florentino</strong></span> <span class='ocrx_word' id='word_1_646' title='bbox 2603 4701 2770 4756; x_wconf 87' lang='lat' dir='ltr'><strong>refert</strong></span> <span class='ocrx_word' id='word_1_647' title='bbox 2803 4700 3064 4755; x_wconf 87' lang='lat' dir='ltr'><strong>Baronius</strong></span> <span class='ocrx_word' id='word_1_648' title='bbox 3110 4714 3250 4753; x_wconf 91' lang='lat' dir='ltr'><strong>anno</strong></span> <span class='ocrx_word' id='word_1_649' title='bbox 3299 4702 3421 4764; x_wconf 90' lang='lat'><strong>833,</strong></span> <span class='ocrx_word' id='word_1_650' title='bbox 3462 4713 3570 4751; x_wconf 91' lang='lat' dir='ltr'><strong>nu-</strong></span> 
     </span>
    </p>
   </div>
   <div class='ocr_carea' id='block_1_102' title="bbox 1972 4769 3571 4844">
    <p class='ocr_par' dir='ltr' id='par_1_102' title="bbox 1972 4769 3571 4844">
     <span class='ocr_line' id='line_1_103' title="bbox 1972 4769 3571 4844; baseline -0.004 -15"><span class='ocrx_word' id='word_1_651' title='bbox 1972 4791 2124 4829; x_wconf 92' lang='lat' dir='ltr'><strong>mero</strong></span> <span class='ocrx_word' id='word_1_652' title='bbox 2155 4777 2221 4828; x_wconf 77' lang='grc'><strong>34</strong></span> <span class='ocrx_word' id='word_1_653' title='bbox 2257 4781 2309 4828; x_wconf 91' lang='lat' dir='ltr'><strong>et</strong></span> <span class='ocrx_word' id='word_1_654' title='bbox 2339 4772 2710 4844; x_wconf 87' lang='lat' dir='ltr'><strong>sequentibus.</strong></span> <span class='ocrx_word' id='word_1_655' title='bbox 2744 4771 2979 4844; x_wconf 80' lang='lat' dir='ltr'><strong>Marinus</strong></span> <span class='ocrx_word' id='word_1_656' title='bbox 3008 4769 3308 4844; x_wconf 82' lang='lat' dir='ltr'><strong>apostolico</strong></span> <span class='ocrx_word' id='word_1_657' title='bbox 3345 4783 3571 4844; x_wconf 77' lang='lat' dir='ltr'><strong>munere</strong></span> 
     </span>
    </p>
   </div>
   <div class='ocr_carea' id='block_1_103' title="bbox 1972 4839 3569 4919">
    <p class='ocr_par' dir='ltr' id='par_1_103' title="bbox 1972 4839 3569 4919">
     <span class='ocr_line' id='line_1_104' title="bbox 1972 4839 3569 4919; baseline -0.004 -20"><span class='ocrx_word' id='word_1_658' title='bbox 1972 4844 2315 4919; x_wconf 71' lang='lat' dir='ltr'><strong>laudabiliter</strong></span> <span class='ocrx_word' id='word_1_659' title='bbox 2343 4839 2658 4919; x_wconf 62' lang='lat' dir='ltr'><strong>perfunctus</strong></span> <span class='ocrx_word' id='word_1_660' title='bbox 2705 4841 2960 4919; x_wconf 75' lang='lat' dir='ltr'><strong>migravit</strong></span> <span class='ocrx_word' id='word_1_661' title='bbox 2988 4839 3067 4919; x_wconf 27' lang='lat' dir='ltr'><strong>ex;</strong></span> <span class='ocrx_word' id='word_1_662' title='bbox 3083 4841 3183 4919; x_wconf 82' lang='lat' dir='ltr'><strong>hac</strong></span> <span class='ocrx_word' id='word_1_663' title='bbox 3195 4840 3320 4919; x_wconf 77' lang='lat' dir='ltr'><strong>_v_ita</strong></span> <span class='ocrx_word' id='word_1_664' title='bbox 3345 4855 3424 4894; x_wconf 82' lang='lat' dir='ltr'><strong>xv</strong></span> <span class='ocrx_word' id='word_1_665' title='bbox 3453 4839 3569 4919; x_wconf 77' lang='lat' dir='ltr'><strong>Ka-</strong></span> 
     </span>
    </p>
   </div>
   <div class='ocr_carea' id='block_1_104' title="bbox 1972 4911 3570 4982">
    <p class='ocr_par' dir='ltr' id='par_1_104' title="bbox 1972 4911 3570 4982">
     <span class='ocr_line' id='line_1_105' title="bbox 1972 4911 3570 4982; baseline -0.003 -14"><span class='ocrx_word' id='word_1_666' title='bbox 1972 4916 2162 4970; x_wconf 90' lang='lat' dir='ltr'><strong>lendas</strong></span> <span class='ocrx_word' id='word_1_667' title='bbox 2213 4911 2490 4970; x_wconf 76' lang='lat' dir='ltr'><strong>Februarii</strong></span> <span class='ocrx_word' id='word_1_668' title='bbox 2536 4929 2676 4968; x_wconf 89' lang='lat' dir='ltr'><strong>anno</strong></span> <span class='ocrx_word' id='word_1_669' title='bbox 2722 4911 3118 4982; x_wconf 75' lang='lat' dir='ltr'><strong>Redemptoris</strong></span> <span class='ocrx_word' id='word_1_670' title='bbox 3155 4911 3275 4982; x_wconf 67' lang='lat'><strong>884,</strong></span> <span class='ocrx_word' id='word_1_671' title='bbox 3336 4926 3460 4982; x_wconf 90' lang='lat' dir='ltr'><strong>cum</strong></span> <span class='ocrx_word' id='word_1_672' title='bbox 3513 4911 3570 4964; x_wconf 91' lang='lat' dir='ltr'><strong>in</strong></span> 
     </span>
    </p>
   </div>
   <div class='ocr_carea' id='block_1_105' title="bbox 1971 4981 3562 5056">
    <p class='ocr_par' dir='ltr' id='par_1_105' title="bbox 1971 4981 3562 5056">
     <span class='ocr_line' id='line_1_106' title="bbox 1971 4981 3562 5056; baseline -0.004 -16"><span class='ocrx_word' id='word_1_673' title='bbox 1971 4984 2282 5056; x_wconf 83' lang='lat' dir='ltr'><strong>pontiﬁcatu</strong></span> <span class='ocrx_word' id='word_1_674' title='bbox 2338 5001 2541 5039; x_wconf 92' lang='lat' dir='ltr'><strong>annum</strong></span> <span class='ocrx_word' id='word_1_675' title='bbox 2589 5001 2782 5056; x_wconf 75' lang='lat' dir='ltr'><strong>unum</strong></span> <span class='ocrx_word' id='word_1_676' title='bbox 2813 4991 2864 5038; x_wconf 93' lang='lat' dir='ltr'><strong>et</strong></span> <span class='ocrx_word' id='word_1_677' title='bbox 2909 4981 3027 5038; x_wconf 90' lang='lat' dir='ltr'><strong>dies</strong></span> <span class='ocrx_word' id='word_1_678' title='bbox 3064 4981 3265 5056; x_wconf 84' lang='lat' dir='ltr'><strong>_viginti</strong></span> <span class='ocrx_word' id='word_1_679' title='bbox 3309 4981 3562 5037; x_wconf 86' lang='lat' dir='ltr'><strong>sedisset.</strong></span> 
     </span>
    </p>
   </div>
   <div class='ocr_carea' id='block_1_106' title="bbox 1972 5053 3119 5124">
    <p class='ocr_par' dir='ltr' id='par_1_106' title="bbox 1972 5053 3119 5124">
     <span class='ocr_line' id='line_1_107' title="bbox 1972 5053 3119 5124; baseline -0.002 -14"><span class='ocrx_word' id='word_1_680' title='bbox 1972 5053 2099 5112; x_wconf 68' lang='lat' dir='ltr'><strong>l’ost</strong></span> <span class='ocrx_word' id='word_1_681' title='bbox 2127 5056 2333 5112; x_wconf 90' lang='lat' dir='ltr'><strong>obitum</strong></span> <span class='ocrx_word' id='word_1_682' title='bbox 2363 5057 2478 5124; x_wconf 89' lang='lat' dir='ltr'><strong>ejus</strong></span> <span class='ocrx_word' id='word_1_683' title='bbox 2509 5055 2669 5110; x_wconf 92' lang='lat' dir='ltr'><strong>sedes</strong></span> <span class='ocrx_word' id='word_1_684' title='bbox 2696 5054 2862 5110; x_wconf 88' lang='lat' dir='ltr'><strong>biduo</strong></span> <span class='ocrx_word' id='word_1_685' title='bbox 2889 5053 3119 5110; x_wconf 88' lang='lat' dir='ltr'><strong>vacavit.</strong></span> 
     </span>
    </p>
   </div>
  </div>
