4086 6302
539 322 646 379 96⁵7

1964 318 2215 376 MARINI
2270 319 2466 376 PAPE
2509 321 2552 377 I.

3738 320 3843 374 968

1038 705 2037 837 PRIVILEGIA
2117 705 2671 836 MARIN
2690 711 2739 836 Ι
2827 706 3315 838 PAP/E

1303 1121 1346 1174 I.

830 1250 936 1290 ιιιο
974 1247 1328 1291 ΙΟΝΔΒΤΒΙΠΟ
1366 1247 1827 1289 εοιειιΝιΑοεΝει.

1151 1339 1336 1411 (Anno
1367 1341 1517 1409 883.)

887 1445 1067 1518 [Apud
1094 1444 1288 1511 Mansi,
1324 1444 1491 1500 Cone.
1525 1443 1774 1516 Collect.]

601 1554 861 1608 MARINUS
890 1551 1202 1623 episcOpus,
1237 1566 1426 1605 servus
1467 1564 1751 1605 servorum
1777 1549 1896 1615 Dei,
1930 1549 2130 1606 dilecto

533 1641 713 1696 abbati
740 1641 979 1694 Damam
1005 1655 1071 1694 ex
1100 1637 1350 1693 cmnobio
1372 1637 1542 1692 sancti
1563 1637 1705 1691 Petri
1728 1636 2128 1693 Solemniacen-

530 1728 625 1797 sis,
660 1729 808 1800 quod
834 1728 964 1783 olim
993 1743 1026 1782 a
1057 1727 1218 1781 beato
1247 1725 1365 1781 viro
1393 1724 1574 1797 Eligio
1602 1732 1985 1791 constructum,
2013 1740 2131 1780 suc-

529 1816 946 1886 cessoribusque
967 1815 1073 1869 tuis
1093 1829 1159 1870 ac
1178 1812 1461 1869 monachis
1481 1812 1614 1867 inibi
1632 1812 1888 1868 nobiliter
1916 1812 2129 1883 degen-

527 1904 675 1959 tibus
702 1902 758 1957 in
787 1910 1131 1973 perpetuum.
1178 1905 1183 1909 ’

598 2007 866 2064 Convenit
897 2007 1042 2063 enim
1071 2014 1256 2061 nostro
1295 2005 1595 2076 pontiﬁcio,
1629 2012 1687 2060 ut
1716 2012 1973 2076 quantum
2019 2020 2131 2074 prae

530 2096 784 2151 omnibus
850 2095 1051 2150 eminet
1109 2094 1403 2166 dignitate,
1459 2100 1608 2148 tanto
1661 2109 1821 2162 supra
1875 2092 2130 2147 universo

530 2183 734 2239 eniteat
788 2181 1142 2237 serenissima
1196 2180 1416 2251 pietate.
1482 2179 1802 2235 Postulastis
1858 2179 2039 2251 itaque
2095 2194 2129 2234 a

524 2271 716 2338 nobis,
765 2279 823 2325 ut
870 2268 1153 2340 praefatum
1200 2268 1508 2324 coenobium
1558 2268 1660 2322 sub
1703 2267 2021 2322 defensione
2064 2282 2132 2323 ac

525 2358 753 2413 tuitione
804 2358 1085 2412 beatorum
1140 2355 1511 2427 apostolorum
1569 2355 1713 2410 Petri
1757 2363 1808 2409 et
1854 2354 2005 2409 Pauli
2066 2370 2131 2410 ac

522 2453 708 2501 nostra
738 2453 1130 2511 statueremus,
1172 2444 1310 2500 sicut
1357 2442 1558 2498 factum
1606 2442 1838 2515 legimus
1869 2443 1939 2497 ab
1969 2450 2130 2497 ante-

527 2547 751 2589 cessore
794 2540 980 2588 nostro
1010 2533 1171 2587 beato
1199 2531 1322 2586 viro
1351 2546 1512 2602 papa,
1543 2530 1851 2601 postulante
1897 2530 2129 2585 nobilis-

526 2621 667 2676 simo
713 2620 1041 2676 Francorum
1088 2635 1221 2692 rege
1268 2618 1578 2691 Dagoberto
1596 2658 1611 2687 ,
1663 2626 1717 2673 et
1759 2625 2132 2673 constructore

524 2708 696 2779 ipsius
724 2707 832 2763 loci
861 2706 1208 2763 sanctissimo
1226 2706 1343 2762 viro
1363 2706 1543 2778 Eligio
1563 2705 1820 2776 episcopo
1838 2704 2131 2760 Novioma-

522 2795 714 2868 gensi,
750 2802 1013 2866 quatenus
1043 2793 1210 2865 quieti
1237 2809 1301 2849 ac
1332 2793 1431 2847 tuti
1480 2809 1603 2848 esse
1650 2808 1750 2863 per
1790 2792 1965 2847 futura
1995 2800 2133 2847 tem-

523 2897 664 2953 pora
691 2881 937 2938 valeatis.
973 2882 1088 2937 Nos
1118 2896 1266 2947 vero,
1303 2887 1541 2936 vestram
1588 2880 1922 2934 sanctitatem
1953 2895 2129 2952 agno-

524 2978 740 3026 scentes
758 3010 772 3039 ,
806 2978 1112 3041 vestraeque
1156 2967 1411 3039 religioni
1454 2982 1740 3022 assensum
1782 2967 2090 3037 praebentes
2109 3011 2126 3034 ,

521 3064 668 3113 tanta
694 3057 972 3114 alacritate
999 3057 1122 3112 laeto
1164 3056 1347 3112 animo
1394 3055 1764 3120 concedimus,
1799 3062 2002 3126 quanto
2030 3071 2130 3110 vos

524 3143 640 3198 Deo
669 3139 1092 3213 propinquiores
1122 3140 1178 3194 in
1209 3155 1367 3195 sacra
1395 3138 1809 3195 conversatione
1839 3138 2129 3210 cognosci-

522 3246 646 3285 mus
679 3228 815 3285 fore.
842 3228 1012 3301 Igitur
1035 3228 1187 3298 juxta
1204 3227 1518 3298 petitionem
1540 3234 1796 3292 vestram,
1819 3225 2130 3294 hujusmodi

520 3317 871 3390 privilegium
916 3315 1198 3385 praesentis
1253 3314 1588 3369 auctoritatis
1652 3321 1851 3368 nostra
1912 3313 2129 3369 decr‘eto

524 3404 704 3461 eidem
731 3402 1030 3460 venerabili
1057 3402 1390 3459 monasterio
1418 3400 1613 3457 vestris
1658 3399 1957 3471 futurisque
1984 3409 2127 3456 tem-

523 3492 751 3565 poribus
779 3490 1157 3563 indulgemus,
1190 3489 1570 3555 concedimus,
1618 3495 1781 3559 atque
1829 3486 2127 3544 conﬁrma-

523 3597 666 3636 mus.
697 3581 767 3635 Et
795 3579 936 3636 sicut
963 3578 1334 3634 nobilissimus
1361 3577 1692 3633 Francorum
1721 3592 1818 3632 rex
1847 3576 2128 3648 Dagober-

521 3676 630 3731 tus,
663 3676 718 3722 et
744 3666 1126 3738 gloriosissimi
1167 3665 1415 3739 Augusti,
1468 3664 1698 3720 Carolus
1728 3671 1782 3719 et
1819 3662 1960 3718 ﬁlius
2009 3665 2127 3734 ejus

521 3754 850 3821 Ludovicus,
884 3762 939 3809 et
967 3754 1064 3808 ﬁlii
1092 3761 1145 3809 et
1171 3762 1399 3823 nepotes
1449 3768 1658 3818 eorum,
1687 3751 1918 3808 Carolus
1947 3751 2126 3822 impe-

520 3850 690 3908 rator,
725 3850 779 3897 et
808 3842 1053 3911 ejusdem
1085 3841 1266 3896 Caroli
1294 3839 1437 3895 ﬁlius
1476 3840 1798 3908 Ludovicus,
1834 3855 2048 3895 necnon
2074 3837 2197 3900 etC

522 3929 918 3986 Carlomannus
982 3928 1239 3985 Ludovici
1298 3926 1440 3983 ﬁlius
1465 3971 1477 3995 ,
1538 3927 1630 3999 qui
1686 3943 1829 3983 nunc
1895 3943 2125 4000 regnum

518 4018 856 4075 Francorum
885 4017 1114 4073 feliciter
1155 4017 1467 4090 gubernare
1499 4015 1727 4081 videtur,
1761 4015 1909 4071 ducti
1938 4015 2125 4071 divino

518 4122 725 4175 amore,
758 4107 828 4161 de
856 4105 998 4161 villis
1028 4121 1094 4161 ac
1123 4104 1463 4161 facultatibus
1510 4120 1607 4159 seu
1655 4103 1940 4175 stipendiis
1987 4120 2123 4174 pro-

516 4194 667 4267 priis,
700 4195 788 4250 vel
818 4194 1060 4266 quolibet
1106 4193 1271 4248 modo
1301 4193 1376 4248 ibi
1405 4209 1438 4247 a
1468 4191 1721 4247 ﬁdelibus
1751 4192 1881 4247 viris
1911 4192 2123 4248 condo-

519 4290 662 4337 nata:
692 4299 799 4351 res,
830 4297 865 4336 a
893 4281 1049 4338 vobis
1065 4280 1453 4352 quoquomodo
1497 4280 1775 4351 acquisita!
1805 4288 1950 4347 sunt,
1984 4279 2124 4336 sicut

515 4370 574 4425 in
616 4370 905 4442 praeceptis
952 4368 1336 4441 praedictorum
1381 4384 1579 4440 regum
1622 4368 1982 4434 continentur,
2034 4368 2123 4423 vel

514 4457 570 4513 in
620 4459 811 4514 charta
858 4458 1103 4527 ejusdem
1150 4455 1465 4511 monasterii
1510 4456 1815 4511 fundatoris
1856 4456 2122 4511 insertum

517 4555 618 4612 est,
653 4545 861 4602 scilicet
890 4545 1055 4617 Eligii
1084 4544 1346 4615 episcopi,
1381 4544 1565 4598 omnia
1612 4543 1817 4599 illibata
1846 4553 1899 4600 et
1924 4544 2120 4600 incon-

515 4634 674 4689 vulsa
728 4641 931 4689 nostra:
984 4631 1317 4687 auctoritatis
1372 4631 1661 4704 privilegio
1717 4630 2116 4688 conﬁrmamus.

518 4722 724 4776 Damus
753 4722 919 4776 etiam
948 4719 1244 4786 licentiam,
1277 4728 1500 4791 prOpter
1526 4720 1963 4791 persecutionem
1990 4719 2119 4775 inﬁ-

518 4809 720 4864 delium
779 4808 1241 4864 Christianitatem
1296 4808 1714 4872 devastantium,
1767 4808 2117 4865 munitionem

517 4895 592 4951 ibi
621 4894 759 4951 ﬁeri.
810 4895 1197 4951 Constituimus
1244 4896 1351 4952 alia
1398 4897 1718 4953 auctoritate
1762 4897 1908 4952 beati
1954 4898 2115 4964 Petri,

517 4991 575 5039 ut
602 4984 784 5038 nullus
814 5000 1026 5056 regum,
1059 5000 1219 5040 nemo
1248 4986 1561 5052 antistitum,
1595 4985 1681 5042 vel
1710 4985 1985 5051 abbatum,
2020 5002 2118 5041 seu

519 5071 747 5144 quilibet
775 5087 875 5127 sua
903 5072 1161 5142 prazditus
1190 5073 1468 5145 dignitate,
1508 5075 1576 5129 de
1604 5074 1671 5129 iis
1699 5090 1821 5145 quae
1849 5074 1904 5129 in
1932 5074 2116 5144 praeli-

2159 1148 2216 1208 Α
2235 1121 2324 1177 vel
2352 1120 2596 1177 ecclesiae
2622 1121 2802 1177 oblata
2852 1130 2994 1189 sunt,
3042 1124 3127 1180 vel
3169 1123 3356 1181 offerri
3405 1125 3716 1198 contigerit,
3751 1143 3845 1198 pe-

2236 1210 2388 1264 renni
2419 1217 2663 1281 tempore
2710 1211 2916 1282 absque
2961 1211 3073 1267 ulla
3112 1213 3486 1284 inquietudine
3530 1215 3685 1286 ipsis,
3716 1216 3841 1287 qui-

2232 1298 2337 1352 bus
2383 1313 2649 1354 concessa
2698 1306 2851 1365 sunt,
2896 1299 3176 1370 profutura
3224 1311 3603 1371 permaneant.
3652 1303 3839 1359 Statu-

2232 1393 2345 1440 tum
2395 1386 2591 1454 etiam,
2624 1394 2682 1441 ut
2710 1386 2890 1442 nullus
2931 1388 3314 1459 episcoporum
3336 1433 3349 1456 ,
3400 1406 3498 1445 seu
3544 1391 3835 1459 comitum,

2236 1474 2691 1529 mansionaticum
2718 1475 2814 1540 ibi,
2847 1475 2932 1531 vel
2960 1485 3199 1547 paratas,
3234 1479 3321 1534 vel
3352 1479 3618 1535 stationes
3647 1480 3835 1552 requi-

2247 1578 2370 1617 rere
2402 1578 2500 1617 seu
2548 1563 2770 1636 exigere
2815 1573 3137 1634 praesumat,
3188 1565 3287 1621 sed
3330 1566 3492 1622 liceat
3538 1568 3714 1623 servis
3739 1568 3839 1626 Dei

2233 1650 2351 1705 sine
2381 1650 2565 1721 aliqua
2600 1651 2972 1723 inquietudine
3004 1654 3119 1709 Deo
3150 1654 3380 1721 servire,
3409 1663 3465 1711 et
3493 1656 3835 1727 hospitalita-

2232 1737 2304 1792 tis
2335 1738 2786 1806 benevolentiam,
2838 1748 3000 1809 prout
3047 1740 3127 1795 eis
3173 1740 3407 1808 libuerit,
3440 1744 3650 1801 cunctis
3697 1742 3835 1801 ﬁde-

2231 1825 2374 1880 libus
2435 1826 2775 1896 impendere.
2827 1827 3032 1883 Placuit
3080 1828 3206 1885 huic
3260 1830 3476 1902 paginae
3534 1831 3730 1902 inseri,
3781 1840 3838 1887 ut

2231 1913 2465 1968 obeunte
2494 1914 2689 1969 abbate
2717 1915 2965 1985 prazdicti
2987 1917 3242 1986 cmnobii,
3263 1918 3447 1974 nullus
3469 1918 3561 1987 ibi,
3588 1934 3838 1991 quacun-

2232 2017 2338 2071 que
2368 2002 2733 2072 subreptionis
2782 2003 3100 2074 ambitione,
3134 2005 3391 2061 abbatem
3419 2014 3660 2063 statuere
3691 2024 3841 2078 pre-

2234 2096 2430 2154 sumat,
2465 2089 2567 2143 nisi
2613 2106 2774 2161 quem
2823 2090 3069 2159 ejusdem
3098 2091 3204 2148 loci
3232 2094 3487 2150 monachi
3535 2096 3842 2151 secundum

2231 2176 2596 2232 authenticam
2641 2186 2695 2232 et
2743 2166 3059 2251 regularem
3107 2179 3498 2238 institutionem
3529 2198 3598 2238 ex
3646 2182 3844 2254 seipsis

2233 2263 2500 2336 elegerint
2529 2264 2911 2321 ordinandum.
2947 2267 3004 2323 Si
3032 2267 3153 2339 quis
3181 2276 3361 2324 autem
3407 2270 3550 2326 hanc
3580 2271 3842 2343 paginam

2232 2352 2633 2407 constitutionis
2660 2368 2967 2426 agnoscens
2997 2363 3189 2411 contra
3218 2372 3338 2412 eam
3369 2357 3554 2413 venire
3586 2366 3839 2414 tentave-

2233 2439 2335 2505 rit,
2367 2440 2436 2493 sit
2473 2440 2685 2495 alienus
2715 2456 2748 2496 a
2778 2441 3145 2498 sacratissimo
3189 2460 3419 2515 corpore
3460 2445 3679 2500 Domini
3707 2446 3838 2502 Jesu

2233 2527 2458 2597 Christi,
2519 2536 2572 2583 et
2627 2529 2732 2583 nisi
2789 2538 3116 2601 praesumpta
3166 2533 3493 2599 correxerit,
3548 2533 3636 2589 vel
3690 2533 3835 2590 male

2232 2614 2415 2671 ablata
2444 2631 2555 2671 non
2586 2617 2899 2685 restituerit,
2945 2618 3205 2675 ultionem
3236 2635 3361 2676 cum
3388 2621 3525 2675 Juda
3553 2621 3836 2691 proditore

2232 2702 2485 2773 excipiat,
2518 2710 2571 2758 et
2599 2704 2816 2759 beatum
2854 2705 3070 2760 Petrum
3110 2707 3307 2763 sentiat
3347 2710 3579 2764 hostem.
3612 2709 3837 2765 Cunctis

2232 2797 2414 2845 autem
2442 2791 2620 2847 eidem
2666 2792 2788 2847 loco
2827 2793 2976 2863 justa
3006 2795 3348 2850 servantibus
3379 2796 3448 2850 sit
3476 2811 3583 2867 pax
3616 2796 3836 2852 Domini

2230 2878 2405 2934 nostri
2433 2879 2563 2935 Jesu
2605 2880 2828 2947 Christi,
2860 2889 3130 2952 quatenus
3169 2890 3223 2938 et
3261 2883 3350 2940 hic
3392 2883 3626 2940 fructum
3674 2884 3833 2941 bona

2229 2966 2457 3021 actionis
2503 2967 2797 3023 inveniant.
2852 2969 3125 3040 Scriptum
3151 2986 3250 3042 per
3286 2987 3506 3027 manum
3557 2972 3833 3029 Zacharia

2231 3054 2493 3110 scriniarii
2524 3064 2728 3112 sancta
2758 3056 3013 3113 Romana:
3044 3058 3313 3115 Ecclesia:
3340 3074 3531 3114 mense
3558 3059 3718 3126 Maio,
3751 3060 3833 3114 in-

2229 3141 2465 3202 dictione
2495 3142 2689 3214 prima.
2721 3144 2867 3200 Bene
2896 3144 3090 3201 valete.
3125 3146 3301 3201 Pridie
3331 3147 3458 3202 Idus
3494 3147 3700 3214 Junias,
3730 3163 3831 3219 per

2228 3245 2452 3285 manum
2483 3231 2754 3287 Valentini
2795 3232 3059 3289 Ecclesia
3106 3235 3418 3290 Portuensis
3447 3235 3710 3308 episcopi,
3744 3252 3832 3291 re-

2228 3326 2429 3389 gnante
2468 3318 2523 3373 in
2568 3328 2888 3390 perpetuum
2944 3321 3177 3378 Domino
3232 3323 3348 3378 Deo
3403 3332 3609 3379 nostro.
3670 3326 3828 3380 Anno

2225 3404 2568 3476 pontiﬁcatus
2613 3408 2800 3463 domni
2844 3408 3039 3465 Marini
3085 3410 3408 3466 universalis
3442 3427 3599 3484 papa:
3626 3413 3820 3484 primo,

2228 3493 2523 3552 indictione
2549 3495 2744 3567 prima.
2844 3530 2847 3531 ν

2992 3585 3060 3642 lI.

2578 3686 2686 3727 PIO
2723 3687 3078 3730 ΠΟΝΑΒΤΕΒῘΟ
3128 3689 3466 3742 SAVINIENSI.

2826 3761 3011 3827 (Anno
3069 3764 3218 3835 883.)

2365 3844 2467 3917 [Ex
2506 3847 2741 3918 Ughelli,
2799 3848 2951 3904 Italia
2992 3866 3145 3905 sacra
3164 3860 3212 3906 t.
3247 3852 3334 3919 IV,
3366 3869 3497 3926 pag.
3530 3856 3679 3929 657.]

2296 3933 2553 3989 ΜΑιιιΝυε
2583 3934 2895 4007 episcopus,
2926 3953 3120 3994 servus
3151 3956 3436 3995 servorum
3458 3941 3576 4009 Dei,
3601 3944 3821 4013 dilecto,

2224 4022 2700 4090 reverendissimo,
2726 4032 2779 4079 et
2798 4026 3141 4082 sanctissimo
3163 4025 3437 4084 Gauano
3459 4040 3663 4088 sancte
3682 4033 3794 4088 Lau
3809 4065 3825 4078 ο

2223 4108 2409 4163 densis
2439 4111 2703 4168 Ecclesia
2749 4112 3008 4185 episcopo
3036 4123 3089 4170 et
3116 4116 3373 4186 praesenti
3404 4118 3458 4172 in
3491 4120 3682 4176 eadem
3711 4123 3822 4178 Ec-

2223 4196 2391 4252 clesia
2418 4206 2471 4253 et
2498 4200 2828 4256 monasterio
2859 4201 3168 4258 Savinionis
3200 4203 3254 4258 in
3283 4215 3627 4277 perpetuum.

2292 4285 2367 4340 Te
2405 4296 2659 4343 narrante
2707 4289 3065 4362 cognovimus
3108 4290 3475 4348 muniﬁcentia
3524 4295 3820 4367 imperato-

2221 4388 2359 4440 rum,
2393 4382 2445 4429 et
2474 4391 2687 4448 regum,
2718 4378 2811 4448 qui
2838 4379 3041 4433 nostris
3068 4378 3287 4434 fuerunt
3314 4383 3672 4453 temporibus,
3705 4386 3827 4457 qui-

2222 4477 2327 4531 que
2357 4478 2493 4535 erga
2522 4480 2618 4519 eos
2645 4465 2913 4521 industria
2941 4467 3189 4539 obsequii
3228 4470 3537 4526 coenobium
3569 4472 3819 4529 Savinio-

2220 4548 2304 4603 nis
2333 4550 2596 4608 Ecclesiae
2633 4561 2739 4608 tua:
2782 4569 3125 4623 concessum,
3178 4565 3339 4628 atque
3378 4561 3663 4632 praeceptis
3709 4562 3819 4617 suis

2219 4636 2492 4695 ﬁrmatum
2522 4657 2645 4697 esse
2674 4657 2741 4696 eo
2769 4642 3022 4699 videlicet
3065 4644 3252 4701 ordine
3300 4662 3396 4702 seu
3441 4655 3632 4705 tenore
3675 4649 3817 4722 quod

2218 4745 2439 4799 semper
2468 4729 2523 4784 in
2552 4730 2747 4785 eodem
2777 4731 3028 4787 coenobio
3056 4733 3330 4805 regularis
3365 4736 3629 4793 institutio
3653 4738 3818 4795 disci-

2217 4817 2548 4890 plinabiliter
2565 4818 2967 4886 observaretur,
2991 4820 3145 4877 salvo
3161 4822 3284 4891 jure
3312 4839 3699 4882 concessamm
3721 4827 3822 4882 sibi

2218 4923 2400 4962 rerum
2429 4906 2485 4961 in
2515 4924 2647 4962 usus
2677 4907 2950 4979 prOprios.
2985 4910 3062 4965 Tu
3089 4925 3222 4966 vero
3252 4928 3574 4981 precavens
3602 4932 3672 4971 ne
3701 4922 3818 4987 post

2216 4995 2519 5050 discessum
2557 5002 2707 5050 tuum
2757 4996 2980 5068 quilibet
3028 5013 3410 5055 successorum
3458 5010 3697 5073 tuorum,
3728 5010 3815 5058 aut

2216 5082 2324 5137 alia
2373 5082 2652 5138 saecularis
2698 5093 2939 5155 potestas
2984 5102 3016 5140 a
3061 5087 3283 5157 proprio
3339 5097 3479 5144 statu
3529 5099 3583 5146 et
3628 5093 3813 5147 ordine

515 5159 656 5216 batis
684 5160 973 5231 praeceptis
1000 5162 1363 5229 continentur,
1398 5163 1484 5218 vel
1512 5162 1568 5217 in
1597 5162 1776 5218 futuro
1805 5162 1876 5253 ab
1903 5161 2002 5228 eis,
2028 5162 2115 5253 vel
2141 5193 2195 5253 Ι)
2216 5170 2367 5226 idem
2396 5171 2707 5227 coenobium
2752 5173 3067 5229 subvertere
3095 5175 3287 5245 possit,
3320 5193 3410 5232 res
3448 5187 3539 5233 aut
3585 5179 3811 5235 familias

514 5265 547 5303 a
579 5247 905 5320 quibuslibet
932 5249 1000 5304 de
1027 5248 1251 5321 proprio
1296 5250 1491 5305 fuerint
1520 5251 1603 5305 his
1631 5250 1961 5321 specialibus
2004 5249 2113 5304 usi-
2141 5247 2186 5253 —
2215 5258 2417 5313 ibidem
2466 5259 2852 5329 subvertenda,
2886 5262 2973 5317 vel
3002 5262 3332 5331 invadendo,
3365 5265 3546 5335 petisti
3587 5266 3813 5323 ﬁdeliter

515 5337 617 5391 bus
640 5337 765 5406 jure
794 5336 1008 5403 collata,
1042 5339 1142 5391 sub
1163 5339 1449 5407 cujuslibet
1476 5354 1652 5395 causae
1680 5339 1970 5395 occasione
1998 5338 2114 5393 sive

516 5426 720 5495 specie,
755 5424 1051 5496 quidquam
1070 5425 1310 5481 minuere
1330 5427 1416 5488 vel
1439 5426 1674 5492 auferre,
1700 5426 1788 5482 vel
1808 5426 1929 5481 aliis
1960 5425 2115 5498 quasi

513 5511 618 5583 piis
647 5512 827 5569 causis
855 5528 958 5584 pro
988 5530 1101 5568 suae
1139 5514 1380 5570 avaritias
1424 5515 1777 5570 excusatione
1822 5520 2118 5586 praesumat

511 5608 845 5666 concedere.
890 5609 1000 5666 Sed
1047 5617 1260 5677 cuncta,
1308 5605 1430 5683 qua
1478 5610 1667 5667 usibus
1695 5611 2087 5667 monachorum
2102 5648 2121 5676 .

2214 5347 2537 5403 auctoritate
2584 5348 2731 5403 sedis
2779 5350 3110 5420 apostolica,
3146 5360 3199 5405 et
3229 5352 3517 5425 privilegio
3563 5372 3647 5422 ea,
3698 5372 3813 5427 qua

2214 5436 2283 5489 ad
2327 5451 2458 5490 usus
2507 5439 2917 5500 monachorum.
2968 5454 3031 5494 ac
3078 5440 3243 5494 totius
3289 5441 3535 5510 ejusdem
3581 5443 3811 5499 caanobii

2216 5523 2499 5579 utilitatem
2569 5526 2778 5581 cunctis
2825 5527 3270 5597 possessionibus
3293 5571 3306 5596 ,
3352 5545 3414 5584 ac
3457 5532 3809 5587 recordandae

2216 5613 2496 5669 memoriae
2540 5612 2787 5684 piissimo
2833 5614 3107 5672 Ludovico
3136 5617 3413 5688 quondam
3440 5621 3689 5694 Augusto
3715 5636 3808 5692 per
