4086 6296
235 262 332 314 969

1677 261 2038 319 EPISTOLA.

3415 264 3520 318 9’70

233 391 558 454 prmceptum
591 401 746 438 suum
791 385 995 439 dudum
1039 386 1310 457 delegata,
1362 395 1522 458 atque
1557 403 1820 442 concessa
1837 395 1892 455 Α
1922 402 2028 440 non
2060 385 2133 438 ibi
2163 392 2462 450 morentur,
2495 384 2600 439 nisi
2629 391 2859 456 cogente
2891 381 3168 450 charitate,
3202 392 3288 439 aut
3319 402 3519 440 neces-

227 479 276 525 et
302 480 487 542 postea
508 473 798 544 diligenter
819 475 1037 544 provisa
1065 475 1460 545 aequanimitate
1477 476 1816 546 sibimetque,

230 557 452 626 ﬁrmari,
487 569 540 614 et
599 578 717 631 qua:
754 562 1014 633 deinceps
1070 578 1102 617 a
1156 564 1478 634 quibusdam
1509 565 1819 619 timentibus

231 649 398 702 Deum
429 649 628 704 ibidem
660 650 854 704 collata
883 651 1098 717 fuerint,
1133 652 1385 706 videlicet
1413 653 1482 706 ab
1513 654 1649 707 urbe
1678 654 1817 706 Der-

227 737 388 792 thona
417 737 678 809 quidquid
707 739 774 793 de
830 739 945 810 ipsa
1002 748 1086 793 est
1137 740 1408 795 abbatiola
1439 757 1612 812 usque
1646 742 1713 794 ad
1736 741 1817 811 ip-

230 842 346 879 sum
376 826 763 881 monasterium
790 828 842 880 in
891 828 1084 882 eodem
1133 829 1385 882 comitatu
1430 829 1812 896 Derthonensi,

225 914 500 980 Januensi,
550 915 719 968 maris
758 915 936 970 littore
996 924 1049 970 et
1079 916 1298 983 Tuscia,
1365 933 1578 972 necnon
1637 917 1817 972 vicum

226 1003 561 1070 Arderatum,
623 1010 676 1056 et
708 1004 1038 1075 Pasqualini,
1101 1012 1154 1058 et
1190 1020 1374 1059 casam
1405 1005 1473 1059 de
1500 1006 1661 1075 Papia
1691 1022 1815 1060 cum

227 1090 485 1144 massario
515 1090 568 1144 in
599 1091 826 1146 aurello.
861 1092 1151 1163 Reliquum
1181 1109 1308 1147 vero
1327 1093 1494 1162 ipsius
1526 1094 1814 1147 abbatiolae

224 1178 591 1233 Laudunensis
648 1179 937 1250 episcopus
992 1181 1062 1234 ad
1117 1181 1396 1235 utilitatem
1427 1198 1539 1236 suae
1570 1181 1816 1236 ecclesiae

223 1282 319 1336 pro
346 1266 684 1336 defensione,
745 1276 798 1322 et
854 1269 1202 1324 excusatione
1261 1269 1578 1324 eorumdem
1633 1285 1816 1324 mona-

224 1355 441 1409 chorum
473 1356 749 1424 retineret,
784 1373 849 1412 ac
868 1357 1194 1427 possideret,
1249 1357 1549 1427 implorasti
1608 1357 1815 1412 scilicet

219 1461 317 1514 pro
348 1444 496 1498 omni
526 1445 750 1499 excubia
773 1453 825 1500 et
855 1446 1197 1517 expeditione
1229 1453 1339 1500 tam
1369 1446 1606 1516 palatina
1649 1462 1812 1517 quam

223 1541 274 1588 et
301 1533 500 1588 hostili.
533 1533 647 1588 Nos
695 1534 858 1604 igitur
913 1551 1014 1604 per
1068 1534 1321 1605 gratiam,
1383 1543 1434 1590 et
1463 1542 1808 1603 potestatem,

223 1638 340 1691 quae
367 1621 524 1675 nobis
556 1637 589 1676 a
617 1623 732 1676 Deo
781 1622 1153 1692 apostolorum
1212 1623 1419 1677 meritis
1449 1623 1647 1677 collata
1678 1623 1814 1678 sicut

1927 475 2082 528 sitate
2104 474 2272 527 abbas
2315 489 2436 528 cum
2477 472 2732 526 fratribus
2779 470 3186 542 postulaverint,
3234 481 3314 528 ter
3345 474 3517 546 siqui-

1923 563 2047 617 dem
2067 579 2166 632 per
2189 578 2389 616 annum
2434 569 2522 615 aut
2579 562 2766 629 abbas,
2819 569 2908 614 aut
2953 561 3068 628 ejus
3097 559 3222 616 inde
3269 564 3519 618 monachi

1920 651 2260 705 Laudensem
2291 650 2608 720 episcopum
2662 650 2715 703 in
2749 664 2848 703 sua
2893 647 3126 702 ecclesia
3155 649 3448 706 honoriﬁce
3469 659 3524 707 et

1919 737 2156 804 visitent,
2206 747 2260 792 et
2306 738 2656 808 recipiantur.
2708 739 2975 796 Praaterea
3021 739 3364 796 decernimus
3392 748 3450 794 ut
3473 741 3519 794 si

1919 827 2162 894 ejusdem
2188 826 2499 881 monasterii
2530 827 2699 881 abbas
2757 845 2816 884 se
2843 829 3139 901 aliquando
3188 827 3520 900 praegravari

1918 914 2114 982 injuste
2143 915 2460 986 cognoverit
2491 915 2559 968 ab
2591 915 2782 969 eodem
2829 917 3106 988 episcOpo,
3152 917 3238 972 vel
3282 915 3422 981 aliis,
3455 916 3520 969 li-

1919 1001 2046 1056 bere
2076 1003 2144 1056 ad
2173 1010 2416 1057 nostram
2447 1003 2634 1056 sedem
2663 1005 3019 1073 apostolicam
3059 1005 3317 1085 appellet,
3353 1013 3522 1074 atque

1915 1090 1983 1143 ad
2012 1105 2129 1143 eam
2161 1089 2473 1160 confugium
2503 1089 2680 1156 faciat,
2742 1099 2800 1146 ut
2831 1109 2927 1146 sua
2966 1101 3240 1147 mereatur
3272 1092 3523 1146 obtinere

1915 1177 2364 1249 irrefragabiliter
2386 1177 2508 1245 jura
2529 1179 2830 1248 apostolica
2867 1181 2969 1234 sibi
2999 1181 3289 1236 clementia
3350 1179 3485 1234 robo

1915 1274 2054 1319 rata.
2091 1264 2226 1333 Quae
2255 1266 2300 1319 si
2331 1265 2450 1336 quis
2479 1267 2816 1338 praecognita
2863 1283 3238 1339 corrumpere,
3297 1267 3524 1337 ipsam-

1915 1369 2020 1424 que
2042 1362 2285 1408 sanctam
2306 1354 2786 1424 congregationem
2803 1356 3142 1425 perturbare,
3177 1356 3265 1410 vel
3301 1354 3520 1426 inquie-

1914 1448 2027 1494 tare
2055 1441 2429 1510 przetermisso
2487 1441 2805 1511 apostolico,
2865 1459 2962 1497 seu
3009 1442 3251 1515 regulari
3309 1442 3520 1510 judicio

1915 1529 2218 1594 tentaverit,
2255 1530 2426 1584 ethoc
2458 1537 2705 1584 nostrum
2725 1529 3068 1601 privilegium
3097 1545 3317 1602 quoquo
3351 1529 3518 1584 modo

1913 1631 2287 1686 corrumpere,
2320 1616 2374 1670 in
2405 1617 2596 1671 virtute
2629 1617 2799 1672 sancti
2849 1617 3100 1688 Spiritus,
3135 1635 3193 1672 se
3227 1618 3520 1673 beatorum

223 1705 469 1776 superius
491 1705 795 1760 continetur
811 1706 1076 1760 ambabus
1095 1708 1506 1777 partibusjuxta
1523 1723 1811 1762 commune
1852 1745 1904 1804 B
1921 1703 2285 1774 apostolorum
2313 1720 2347 1758 a
2375 1704 2752 1760 communione
2811 1706 3053 1761 omnium
3111 1705 3178 1759 sit
3235 1712 3521 1775 separatus

226 1801 426 1861 votum,
461 1802 513 1849 et
540 1794 972 1850 moderationem
989 1811 1223 1866 aquam,
1248 1795 1654 1866 apostolicaque
1673 1811 1809 1850 con-

223 1881 500 1937 ﬁrmantes
525 1884 843 1938 auctoritate
875 1883 1162 1938 statuimus
1191 1892 1410 1939 auctore
1426 1884 1660 1940 Domino
1690 1884 1819 1938 Jesu

218 1972 431 2026 Christo
460 1971 769 2026 inviolabile
800 1972 998 2027 amodo
1029 1973 1110 2028 sic
1130 1988 1477 2042 permanere.
1531 1972 1819 2028 Sancimus

222 2070 436 2127 quoque
465 2062 520 2109 ut
541 2071 665 2110 cum
693 2072 938 2126 praesens
995 2057 1241 2124 ejusdem
1271 2057 1377 2112 loci
1417 2057 1588 2111 abbas
1646 2057 1817 2111 Adal-

221 2143 424 2209 bertus,
458 2143 543 2198 vel
575 2144 690 2212 ejus
717 2159 1065 2200 successores
1104 2146 1174 2199 ab
1214 2146 1313 2201 hac
1362 2145 1481 2200 luce
1509 2145 1693 2199 divina
1723 2161 1820 2199 vo—

219 2231 430 2287 catione
460 2232 723 2288 subtracti
755 2232 970 2300 fuerint,
1018 2249 1128 2288 non
1165 2233 1402 2300 aliunde,
1469 2233 1566 2288 sed
1602 2233 1671 2287 de
1699 2233 1820 2303 ipsa

219 2320 643 2393 congregatione
673 2321 1020 2376 concorditer
1049 2322 1401 2376 substituatur
1431 2321 1586 2387 alter,
1614 2322 1658 2375 si
1690 2337 1817 2376 vero

216 2424 315 2479 pro
347 2409 466 2479 ipsa
521 2409 806 2474 electione,
861 2417 954 2464 aut
1013 2409 1244 2464 fratrum
1315 2410 1678 2474 dissensione,
1729 2409 1816 2463 vel

220 2496 380 2550 etiam
411 2497 515 2551 alia
541 2497 776 2568 qualibet
807 2497 978 2567 ipsius
1011 2497 1117 2552 loci
1143 2498 1468 2553 necessitate
1516 2498 1818 2552 Laudens15

218 2585 506 2655 episcopus
537 2586 720 2655 utique
749 2601 858 2639 non
878 2585 1038 2652 alius,
1075 2586 1162 2640 vel
1191 2587 1309 2656 ejus
1337 2586 1489 2640 missi
1520 2586 1664 2641 idem
1694 2601 1816 2640 mo-

217 2673 513 2728 nasterium
543 2681 635 2727 aut
665 2673 849 2740 cellas,
871 2681 964 2728 aut
992 2681 1172 2730 curtes
1217 2675 1334 2742 ejus
1363 2673 1539 2729 vocati
1571 2675 1625 2727 in
1663 2674 1816 2742 adju-

214 2763 413 2818 torium
436 2763 680 2817 venerint
724 2779 834 2817 non
878 2763 1164 2835 plusquam
1193 2763 1413 2836 triginta
1469 2763 1737 2828 homines,
1761 2769 1818 2818 et

213 2850 456 2906 caballos
510 2851 871 2922 quadraginta
928 2852 1252 2918 conducant,
1315 2851 1511 2922 quibus
1569 2867 1634 2905 ex
1682 2850 1815 2921 ipsis

212 2938 533 2994 monasterii
563 2939 728 2993 rebus
745 2938 938 2994 dentur
968 2940 1259 3011 stipendia,
1293 2948 1346 2994 et
1377 2939 1520 2994 ultra
1576 2939 1816 2993 triduum

218 3140 3183 3166 Μ

1128 3258 1787 3388 MARINI

1913 1793 2182 1860 justorum
2215 1793 2569 1864 quoadusque
2617 1793 2784 1865 digna
2840 1793 3206 1849 satisfactione
3252 1793 3516 1848 humilia-

1918 1889 2003 1934 tus
2034 1880 2324 1935 emendare
2373 1881 2654 1945 studuerit,
2726 1899 2955 1953 quaeque
2988 1891 3178 1937 contra
3207 1882 3390 1952 ipsum
3421 1897 3518 1935 re-

1918 1969 2221 2022 verendum
2268 1968 2448 2023 locum
2504 1969 2574 2023 ad
2631 1969 2932 2038 periculum
2987 1969 3069 2024 sui
3110 1969 3356 2040 deliquit.
3415 1964 3522 2036 Qui

1919 2072 2050 2110 vero
2089 2064 2272 2110 custos
2319 2064 2372 2110 et
2418 2057 2738 2112 observator
2804 2058 2962 2126 hujus
3016 2057 3298 2127 apostolici
3341 2055 3516 2111 nostri

1917 2143 2187 2214 privilegii
2217 2144 2397 2210 fuerit,
2431 2145 2862 2200 benedictionem
2891 2153 2944 2200 et
2973 2146 3200 2216 gratiam
3219 2160 3252 2199 a
3281 2144 3516 2199 Domino

1919 2241 2307 2304 consequatur.
2370 2233 2637 2303 Scriptum
2693 2250 2795 2304 per
2831 2249 3054 2288 manum
3112 2233 3338 2305 Georgii
3371 2232 3512 2288 scri-

1917 2320 2054 2375 narii
2085 2328 2288 2376 sanctae
2333 2321 2594 2377 Romana
2648 2322 2930 2388 Ecclesiae,
2977 2337 3166 2378 mense
3218 2321 3396 2386 Junio,
3430 2320 3514 2374 in-

1919 2408 2156 2464 dictione
2187 2427 2222 2463 ι.
2255 2410 2400 2463 Bene
2431 2410 2623 2464 valete.

1987 2498 2184 2551 Datum
2228 2513 2261 2550 χ
2312 2497 2428 2550 Kal.
2479 2497 2584 2551 Juli
2620 2514 2717 2567 per
2762 2513 2982 2551 manum
3033 2497 3341 2553 Zacchariaa
3368 2496 3513 2568 epis-

1916 2585 2038 2655 COpi
2069 2593 2121 2640 et
2143 2584 2552 2650 bibliothecarii,
2610 2594 2769 2656 atque
2813 2585 2966 2639 missi
3010 2585 3064 2640 S.
3110 2584 3256 2640 sedis
3285 2593 3512 2656 aposto-

1914 2672 2055 2740 licae,
2089 2672 2391 2743 imperante
2435 2673 2656 2728 domino
2695 2681 2884 2728 nostro
2941 2673 3184 2744 piissimo
3243 2681 3515 2744 perpetuo

1915 2765 2163 2832 Augusto
2221 2760 2412 2816 Carolo
2468 2777 2501 2815 a
2533 2762 2647 2816 Deo
2705 2769 2965 2816 coronato
3014 2777 3216 2834 magno
3275 2762 3515 2832 impera-

1914 2857 2030 2904 tore
2065 2864 2205 2904 anno
2234 2864 2314 2916 ιιι,
2369 2856 2422 2904 et
2445 2856 2569 2919 post
2601 2848 2937 2904 consulatum
2969 2849 3084 2918 ejus
3122 2864 3267 2904 anno
3297 2864 3378 2918 ιιι,
3429 2850 3519 2904 in-

1915 2937 2044 2992 dict.
2077 2952 2114 2990 ι.

1929 3255 2454 3384 PAPZE
2577 3255 2645 3382 Ι

1229 3467 1570 3524 EPISTOLA
1611 3468 1706 3523 AD
1745 3467 2129 3524 MONACHOS
2165 3467 2214 3522 J.
2255 3466 2513 3523 EGIDII.

1669 3622 1850 3692 (Anno
1882 3622 2031 3691 883.)

1331 3772 1578 3840 Prw/icit
1610 3772 1892 3827 Amelium
1911 3775 2316 3844 presbyterum.

538 3925 621 3996 (In
651 3923 868 3994 probat.
901 3937 1058 3977 novre
1086 3921 1212 3975 hist.
1245 3921 1505 4010 Nemaus,
1536 3936 1667 3993 pag.
1700 3925 1788 3987 15,
1822 3919 1966 3991 apud
1989 3920 2054 3974 D.
2093 3921 2263 3990 Bouq.
2301 3917 2496 3990 Script.
2540 3935 2724 3975 rerum
2756 3919 2970 3992 Franc.,
3000 3922 3195 3993 CIX.)

285 4161 544 4215 MARINUS
575 4156 882 4228 episcopus,
929 4169 1119 4208 servus
1144 4169 1423 4207 servorum
1475 4151 1595 4218 Dei,
1628 4151 1808 4206 omni-
1839 4155 1887 4217 C
1907 4167 2027 4204 mus
2052 4157 2103 4203 et
2139 4149 2315 4219 ipsum
2358 4156 2599 4204 vestrum
2628 4149 3034 4219 monasterium,
3081 4166 3204 4204 cum
3247 4151 3498 4206 omnibus

209 4250 318 4304 bus
355 4247 603 4302 fidelibus
632 4244 834 4299 nostris
878 4241 1160 4297 monachis
1210 4241 1279 4295 de
1306 4241 1631 4294 monasterio
1661 4239 1807 4310 quod

211 4346 441 4395 vacatur
470 4332 944 4398 Vallis-Flaviana,
975 4331 1207 4385 salutem
1247 4337 1298 4384 et
1323 4327 1679 4399 apostolicam
1706 4327 1805 4381 be-

206 4425 602 4482 nedictionem.

290 4515 579 4585 Cognitum
634 4510 861 4566 facimus
912 4507 1166 4563 omnibus
1219 4506 1376 4561 vobis
1407 4505 1533 4576 quia
1564 4521 1808 4575 praesens

213 4603 466 4660 Amehus
514 4601 800 4673 religiosus
845 4596 1131 4668 presbyter
1170 4603 1356 4651 noster
1399 4594 1808 4649 commendatus

205 4692 388 4750 factus
420 4699 521 4748 est.
555 4689 712 4746 Unde
745 4694 799 4744 et
855 4701 957 4739 nos
983 4700 1085 4755 pro
1117 4701 1213 4739 sua
1262 4682 1518 4738 fidelitate
1549 4681 1808 4737 concedi-

574 5693 811 5772 βλτιιοι..
840 5690 880 5767 C
897 5690 1100 5766 XXVI.

1909 4238 2023 4292 suis
2054 4237 2414 4308 pertinentiis,
2448 4237 2518 4290 ad
2551 4237 2866 4302 tenendum,
2899 4246 2950 4292 et
2970 4253 3066 4291 vos
3097 4238 3397 4309 regendum
3427 4247 3502 4294 at-

1910 4343 2014 4398 que
2047 4325 2483 4396 gubernandum,
2518 4325 2661 4378 salva
2685 4325 2946 4395 pensione
2974 4325 3132 4380 nobis
3161 4341 3342 4380 annua
3370 4342 3497 4396 per-

1909 4414 2188 4469 solvenda.
2228 4414 2380 4469 Unde
2412 4413 2567 4468 vobis
2597 4413 2940 4483 praecipimus
2971 4421 3027 4466 ut
3047 4429 3169 4468 eum
3199 4412 3496 4468 honorifice

1909 4503 2235 4572 suscipiatis,
2269 4510 2320 4556 et
2351 4517 2473 4555 eum
2504 4511 2560 4554 ut
2593 4501 2872 4571 praelatum
2903 4518 3027 4556 cum
3058 4501 3204 4555 omni
3233 4502 3494 4572 religione

1906 4591 2170 4656 habeatis,
2205 4589 2293 4662 qui
2324 4606 2446 4644 eum
2477 4589 2544 4644 ad
2576 4589 2893 4644 salvandum
2923 4598 2974 4644 et
3004 4589 3305 4662 regendum
3335 4604 3499 4658 super

1908 4696 2008 4735 vos
2037 4678 2428 4735 ordinavimus.
2456 4679 2600 4733 Bent.-
2622 4677 2818 4732 valete.

3117 5675 3180 5731 ξιι
