4086 6300
596 313 694 372 971

1863 302 2159 366 ADRIANI
2216 304 2409 363 PAPzE
2464 300 2558 360 III.

3794 299 3891 352 971

1842 561 1996 604 ANNO
2039 561 2240 603 DOMINI
2281 558 2648 601 DCCCLXXXV'.

1038 986 1043 991 η
1251 716 2791 992 ADRIANUS
2960 715 3298 934 III

1798 1043 2217 1106 PONTIFEX
2261 1042 2551 1106 ROMAN
2555 1040 2659 1103 US

1643 1259 1872 1345 VITA
1933 1259 2331 1342 ADRIANI
2396 1257 2671 1341 PAP/E
2753 1254 2853 1339 IlI

659 1475 932 1553 Adrianus
973 1477 1063 1545 III,
1106 1475 1324 1553 natione
1383 1476 1717 1553 Romanus,_
1755 1491 1860 1553 itin
1914 1474 2190 1553 Kalendas
2218 1481 2500 1553 Aphanus
2520 1471 2862 1553 reddiditque
2882 1469 2949 1524 ad
2972 1459 3700 1553 ‘Basiliumeem’epist‘ol‘am

587 1548 884 1609 Februarii,
919 1563 1060 1602 anno
1113 1547 1493 1616 Redemptoris
1550 1546 1720 1601 nostri
1767 1549 1889 1614 884,
1922 1546 2181 1616 tempori-

588 1620 688 1673 bus
718 1618 900 1673 Caroli
930 1619 1003 1672 ΙΙΙ
1023 1626 1075 1673 et
1102 1618 1285 1671 Basilii
1306 1617 1649 1688 imperatoris
1680 1625 1904 1688 creatus
1927 1625 2015 1688 est
2039 1633 2181 1686 pon—
2283 1617 2421 1680 nies.

586 1689 724 1743 til'ex
759 1704 771 1743 :
807 1689 946 1743 sedit
976 1704 1175 1743 annum
1231 1687 1419 1752 unum,
1456 1696 1823 1753 mensestres,
1856 1687 1974 1741 dies
1991 1687 2184 1742 decem

2282 1535 2443 1621 supra
2473 1548 2526 1602 in
2556 1535 2856 1616 appendice
2901 1548 3105 1596 octavae
3132 1535 3325 1608 synodi
3381 1535 3704 1603 impressam
3734 1535 3882 1582 inve-

2356 1672 2434 1744 De
2465 1686 2731 1743 electione
2759 1679 3030 1753 pontiﬁcis
3062 1676 3322 1741 decrevit,
3355 1691 3425 1729 ne
3453 1674 3508 1727 in
3524 1672 3645 1753 ipso
3676 1682 3877 1753 crean-

2746 1739 3880 1839 εξμρξοτίιθεβῖίερὲιιειιβωι·

593 1830 784 1884 Photio
813 1829 869 1884 in
917 1830 1082 1884 rebus
1135 1828 1273 1900 ﬁdei
1308 1836 1366 1900 et
1400 1828 1704 1900 religionis
1736 1827 2183 1900 communicaret,

589 1915 699 1955 non
741 1908 946 1954 tantum
1004 1915 1112 1954 non
1170 1898 1443 1969 petitioni
1487 1898 1602 1967 ejus
1630 1898 1945 1969 acquievit,
1996 1914 2187 1952 verum

591 1971 843 2040 exemplo
886 1967 1308 2040 praedecessoris
1368 1968 1449 2022 sui
1507 1968 1699 2022 Marini
1743 1967 2003 2040 eumdem
2064 1976 2183 2040 tan-

591 2037 988 2112 quam—laicum
1012 2040 1270 2095 acerrime
1300 2047 1382 2094 est
1411 2040 1721 2094 insectatus.
1749 2038 1870 2106 Quo
1903 2037 2045 2112 facto
2074 2038 2180 2112 im-

589 2108 811 2182 perator
840 2110 1162 2182 gravissime
1219 2119 1408 2182 contra
1438 2126 1560 2182 eum
1590 2118 1912 2182 commotus,
1956 2108 2181 2182 hostiles

587 2178 638 2236 ei
696 2178 897 2235 litteras
980 2181 1322 2236 contumeliis
1405 2180 1751 2250 plenissimas
1861 2178 2179 2250 transmisit.

591 2251 834 2306 Adriano
864 2249 1015 2321 prius
1056 2251 1162 2305 hac
1192 2251 1299 2305 vita
1352 2250 1627 2319 defuncto,
1662 2266 1823 2321 quam
1857 2249 2184 2321 litterasim-

593 2320 1279 2393 peratoris’minacissimas
1308 2322 1628 2392 accepisset,
1662 2320 1877 2391 accepit
1933 2335 2029 2375 eas
2059 2320 2183 2375 Ste-

2286 1814 2350 1889 Ei
2374 1814 2503 1887 cleri
2534 1836 2587 1882 et
2612 1825 2796 1897 populi
2813 1824 2980 1897 libera
3011 1820 3115 1874 sint
3133 1814 3426 1897 suﬂragia.
3448 1814 3598 1895 .Ejus
3639 1820 3883 1897 tempore

2288 1890 2629 1960 Cassinense'
2647 1890 3031 1950 monasterium
3064 1907 3096 1945 a
3129 1890 3415 1960 Saracenis
3446 1890 3733 1960 incensum
3758 1895 3882 1933 esse

2285 1955 2477 2030 scribit
2508 1970 2616 2023 Leo
2649 1965 2916 2021 Ostiensis
2947 1962 3083 2016 libro
3114 1976 3151 2025 ι,
3186 1959 3363 2029 capite
3393 1960 3481 2010 45.
3523 1955 3726 2030 Magno
3760 1966 3884 2030 cum

2284 2023 2736 2100 Idem—universae
2764 2033 3023 2089 Ecclesiae
3051 2023 3295 2085 mortuus
3335 2035 3428 2100 est
3462 2023 3633 2100 anno
3662 2023 3882 2075 Domini

2284 2096 2391 2171 ἷὲέ
2420 2130 2434 2167 :
2470 2109 2714 2180 sepultus
2743 2106 2798 2160 in
2828 2104 3056 2180 basilica
3085 2100 3258 2156 sancti
3290 2097 3454 2180 Petri.
3472 2096 3882 2180 .QuantoAtemf

2283 2169 2419 2257 pore
2450 2169 2617 2257 sedes
2665 2175 2961 2257 apostolica
3001 2181 3125 2257 post
3181 2178 3414 2257 mortem
3469 2169 3613 2224 illius
3662 2169 3882 2234 pastore

2284 2243 2542 2312 destituta
2593 2243 2773 2314 fuerit,
2798 2262 2906 2303 non
2938 2245 3065 2299 satis
3092 2243 3280 2314 liquet,
3312 2248 3418 2295 etc.

892 2487 3862 2517 _______________________________________.____

1436 2580 1838 2666 ADRIANI
1918 2580 2193 2665 PAPAE
2254 2580 2357 2663 III
2427 2574 3071 2663 PRIVILEGIUM

1752 2763 1865 2806 PRO
1906 2762 2272 2806 MONASTERIO
2316 2760 2694 2805 PLACENTINO.

1286 2872 1467 2945 (Apud
1497 2874 1690 2943 Mansi,
1724 2889 2008 2932 sacrorum
2037 2876 2243 2933 Concil.
2281 2875 2526 2948 ampliss.
2558 2873 2807 2942 Collect.,
2839 2880 2971 2929 tom.
3003 2870 3228 2942 XVIII.)

651 3088 943 3141 ADRIANUS
1002 3085 1310 3159 episcopus,
1344 3104 1534 3145 servus
1589 3105 1873 3146 servorum
1902 3091 2022 3162 Dei,
2056 3095 2176 3147 AN-
2196 3090 2250 3149 Β
2281 3091 2516 3157 donatis,
2549 3089 2635 3147 vel
2688 3089 2744 3143 in
2773 3087 3041 3160 reliquum
3097 3082 3451 3152 donaveritis,
3511 3080 3677 3136 simili
3715 3078 3877 3135 modo

585 3189 873 3229 GILBERGE
914 3175 1124 3231 dilecta:
1180 3175 1508 3247 imperatrici
1571 3181 1849 3251 Augustm,
1892 3188 1945 3236 et
1985 3197 2087 3252 per
2136 3189 2185 3237 te

585 3269 674 3318 tuo
704 3263 1001 3318 venerabili
1042 3265 1369 3321 monasterio
1416 3266 1705 3323 Placentiae
1754 3267 1967 3325 noviter
2022 3284 2186 3325 cons-

592 3358 794 3417 tructo,
828 3352 883 3405 in
912 3359 1257 3423 perpetuum.

656 3438 923 3495 Omnibus
954 3440 1174 3512 quidem
1188 3441 1334 3511 justa
1355 3442 1667 3513 petentibus
1696 3444 1993 3515 apostolica
2025 3444 2181 3500 solli-

582 3526 839 3597 citudine,
898 3528 1249 3600 praecipiente
1306 3530 1538 3587 Domino
1615 3532 1801 3588 favere
1865 3533 2178 3600 debemus;

581 3617 855 3688 praecipue
886 3625 1064 3673 tamen
1081 3618 1357 3675 devotioni
1388 3627 1514 3687 tuae,
1547 3620 1866 3677 dulcissima
1920 3638 1983 3678 ac
2014 3622 2182 3693 spiri-

581 3705 705 3760 talis
734 3704 843 3759 ﬁlia
890 3714 1078 3761 nostra
1133 3708 1491 3781 Angilberga,
1552 3710 1683 3764 olim
1724 3710 2042 3781 imperatrix
2071 3713 2182 3766 Au-

582 3801 763 3866 gusta,
800 3809 965 3865 quam
993 3794 1189 3849 merito
1218 3795 1427 3851 honore
1455 3805 1613 3868 atque
1643 3798 1950 3853 reverentia
1992 3807 2183 3855 sancta

584 3888 754 3936 mater
783 3889 971 3936 nostra
1000 3882 1240 3937 Romana
1279 3884 1546 3951 Ecclesia,
1579 3892 1637 3939 ut
1687 3885 2099 3941 dilectissimam
2128 3895 2182 3942 et

580 3968 942 4041 principalem
960 3970 1192 4041 prolem,
1225 3972 1568 4044 amplectitur
1614 3989 1835 4044 semper
1864 3981 1917 4029 et
1946 3973 2175 4031 refovet.

582 4054 930 4129 Quapropter
958 4060 1355 4116 monasterium
1385 4068 1437 4116 et
1477 4062 1898 4129 xenodochium,
1935 4062 2083 4133 quod
2111 4062 2180 4118 ad

583 4146 847 4202 honorem
876 4148 1174 4205 Dominicze
1195 4150 1653 4206 resurrectionnis
1683 4158 1735 4206 et
1763 4152 1865 4205 BB.
1897 4151 2177 4221 apostolo-

584 4247 726 4303 rum,
751 4243 804 4290 et
831 4245 1131 4308 martyrum
1187 4238 1587 4308 Bartholomazi,
1648 4239 1780 4293 Sixti
1832 4246 1886 4294 et
1931 4238 2174 4305 Fabiani,

583 4323 836 4393 prudenti
868 4325 1177 4396 provisione
1212 4341 1245 4379 a
1273 4325 1639 4381 fundamentis
1686 4343 1862 4398 nuper
1888 4327 2178 4382 Placentiae

584 4410 859 4466 aedificare
886 4412 1121 4479 voluisti,
1154 4412 1415 4467 laudabili
1462 4413 1876 4485 complectimur
1902 4415 2176 4470 desiderio

585 4508 925 4571 paternoque
980 4499 1242 4555 affectu...
1320 4501 1631 4571 Apostolica
1684 4503 1817 4557 illud
1864 4503 2183 4559 auctoritate

588 4595 764 4642 ratum
792 4603 856 4643 ac
910 4588 1206 4642 stabilitum
1262 4588 1574 4659 perenniter
1630 4589 1990 4658 instituentes,
2042 4600 2095 4647 et
2124 4600 2184 4646 ut

586 4674 655 4730 ab
684 4676 831 4731 omni
860 4674 1205 4747 impulsione,
1229 4682 1390 4747 atque
1420 4676 1792 4747 inquietudine
1821 4679 2185 4750 quorumlibet

587 4761 953 4819 infestantium
984 4763 1281 4817 beatissimi
1324 4763 1469 4818 Petri
1497 4764 1723 4820 tuitione
1766 4766 1995 4821 illmsum
2031 4784 2181 4823 sem—

591 4866 713 4920 per,
744 4857 799 4906 et
826 4850 1470 4918 inconcussum,Domino
1490 4861 2177 4925 protegente,permaneat;

592 4938 699 4994 hoc
730 4938 893 4993 etiam
909 4938 1222 4994 omnimodo
1247 4941 1621 5012 providemus,
1636 4950 1689 4997 et
1712 4942 1978 4999 stabiliter
1997 4945 2183 5010 decer-

591 5025 791 5095 nimus,
821 5034 879 5080 ut
906 5026 1182 5093 universa,
1231 5045 1353 5099 quae
1383 5029 1585 5085 ibidem
1615 5030 1671 5086 in
1699 5032 1863 5087 rebus
1891 5034 2184 5090 mobilibus

596 5120 651 5168 et
678 5112 1063 5184 immobilibus,
1096 5115 1238 5171 intus
1265 5115 1524 5189 forisque,
1573 5118 1629 5173 in
1661 5118 1879 5175 familiis
1908 5121 2184 5193 utriusque

597 5218 758 5257 sexus
802 5211 1102 5276 cunctaque
1129 5212 1321 5260 ornatu
1377 5205 1769 5275 ecclesiastico,
1826 5216 1990 5279 atque
2038 5209 2187 5265 omni

597 5290 919 5361 supellectili
962 5293 1134 5349 semel
1190 5294 1422 5351 Domino
1452 5310 1486 5349 a
1514 5295 1669 5350 vobis
1702 5296 1986 5351 distributa
2037 5304 2181 5365 sunt,

595 5377 785 5433 futuris
813 5380 1151 5451 temporibus
1180 5381 1568 5439 inconvulsain
1595 5384 1790 5440 eodem
1818 5393 2035 5441 sacrato
2063 5385 2186 5441 loco

595 5467 908 5538 persistent,
940 5469 1182 5524 omnium
1238 5470 1452 5541 penitus
1501 5471 1872 5540 diminutione,
1906 5473 1995 5530 vel
2024 5472 2184 5529 inva-

596 5554 751 5610 sione
780 5556 957 5628 sopita
988 5576 1003 5625 ;
1034 5556 1090 5612 in
1119 5557 1200 5613 eis
1229 5558 1394 5614 etiam
1422 5558 1658 5629 familiis,
1691 5578 1829 5633 quas
1858 5562 1930 5617 ob
1974 5562 2187 5619 redem-

590 5643 836 5714 ptionem
878 5645 1074 5703 animm
1129 5653 1328 5707 vestrae
1364 5647 1620 5719 prudenti
1675 5657 1930 5721 respectu
1955 5649 2185 5709 liberate

2209 4466 2262 4527 D

2282 3195 2383 3235 nos
2413 3179 2569 3235 vobis
2603 3178 2868 3246 favemus,
2891 3176 3218 3247 aspiramus,
3253 3180 3306 3228 et
3333 3170 3695 3242 apostolicum
3722 3184 3869 3239 prae-

2282 3268 2475 3323 bemus
2507 3281 2813 3332 assensum,
2873 3272 3139 3336 quatenus
3195 3269 3247 3316 et
3298 3260 3375 3314 illi
3405 3274 3597 3315 secura
3626 3257 3873 3312 libertate

2280 3355 2456 3427 potiti,
2489 3355 2669 3427 gratia
2716 3353 2816 3409 Dei
2845 3353 2985 3409 duce
3044 3350 3387 3421 sempiternae
3418 3347 3718 3418 suscipiant
3746 3360 3879 3418 gau-

2281 3445 2373 3499 dia
2391 3444 2533 3500 vitae.
2560 3442 3035 3498 Consecrationem
3061 3454 3225 3511 porro
3238 3436 3531 3492 abbatissae
3559 3434 3665 3490 loci
3684 3433 3875 3505 ipsius,

2280 3539 2338 3586 ut
2367 3530 2479 3586 ﬁlia
2507 3532 2701 3587 devota
2729 3530 2932 3601 petisti,
2986 3527 3285 3584 secundum
3306 3525 3453 3596 quod
3481 3523 3538 3578 in
3584 3531 3678 3577 tuo
3707 3529 3879 3577 testa-

2279 3628 2463 3675 mento
2491 3635 2524 3675 a
2553 3627 2604 3675 te
2624 3617 3044 3691 prudentissime
3095 3633 3161 3671 ex
3191 3614 3384 3671 eodem
3428 3611 3763 3667 monasterio
3789 3618 3879 3665 tuo

2270 3716 2517 3779 coaptato
2548 3708 2872 3773 continetur,
2932 3704 3111 3761 modis
3157 3702 3409 3759 omnibus
3477 3699 3597 3755 ﬁeri
3625 3697 3877 3756 concedi-

2281 3813 2405 3852 mus
2430 3813 2442 3851 :
2463 3795 2669 3851 scilicet
2693 3811 2817 3851 cum
2832 3793 3135 3849 ordinanda
3165 3791 3367 3846 ibidem
3396 3788 3557 3845 fuerit
3571 3788 3867 3856 abbatissa,

2280 3884 2704 3940 Mediolanensis
2749 3882 3213 3953 archiepiscopus,
3246 3878 3338 3951 qui
3380 3893 3446 3934 eo
3488 3885 3739 3949 tempore
3758 3875 3876 3931 fue-

2282 3972 2370 4039 rit,
2394 3979 2619 4028 vocatus
2649 3972 2718 4027 ab
2748 3970 2852 4026 illis
2907 3969 3175 4041 personis,
3226 3982 3362 4040 quas
3402 3982 3468 4021 ex
3492 3964 3761 4038 progenie
3787 3971 3873 4019 tua

2277 4060 2384 4132 ipsi
2404 4060 2523 4116 loco
2551 4058 2887 4131 praefeceris,
2946 4058 3251 4130 quibusque
3280 4071 3466 4111 curam
3496 4054 3770 4125 potiorem
3796 4051 3878 4107 di-

2276 4149 2516 4218 miseris,
2548 4148 2616 4202 ad
2646 4147 2972 4220 eligendam,
3008 4154 3062 4203 et
3088 4145 3515 4203 consecrandam
3542 4142 3873 4198 abbatissam

2275 4236 2590 4307 simpliciter
2617 4236 2820 4291 ibidem
2874 4235 3144 4304 adveniat,
3197 4242 3250 4289 et
3296 4248 3405 4288 non
3425 4231 3585 4301 ultra,
3621 4246 3785 4303 quam
3837 4244 3872 4284 ι

2273 4333 2327 4381 te
2358 4333 2613 4381 statutum
2642 4333 2743 4392 est,
2774 4324 2830 4379 in
2860 4324 3051 4379 eodem
3083 4329 3324 4379 moretur
3351 4322 3490 4387 loco,
3522 4328 3617 4376 aut
3646 4318 3873 4391 amplius

2286 4414 2563 4487 exigendo
2592 4412 2869 4484 stipendia
2895 4421 3258 4484 praeterquam
3288 4408 3567 4482 praeﬁxum
3597 4417 3701 4478 est,
3733 4408 3873 4463 idem

2284 4501 2673 4557 monasterium
2728 4508 2938 4573 gravet.
3000 4500 3255 4555 Similiter
3308 4514 3542 4570 quoque,
3606 4498 3654 4553 si
3702 4504 3875 4553 ortum

2284 4590 2448 4647 fuerit
2476 4590 2765 4647 discordiae
2796 4598 2889 4645 aut
2942 4589 3310 4660 cujuscunque
3366 4586 3726 4642 dissensionis
3755 4600 3872 4641 ma-

2283 4679 2416 4746 lum,
2451 4680 2679 4734 veniens
2707 4679 2905 4734 sedare
2926 4678 3079 4743 illud,
3115 4685 3169 4733 et
3196 4676 3435 4733 formare
3454 4691 3649 4748 pacem
3668 4675 3876 4730 studeat

2284 4783 2408 4824 cum
2426 4767 2800 4823 moderamine
2818 4766 3138 4837 disciplina.
3164 4765 3222 4821 Si
3244 4774 3430 4821 autem
3453 4764 3691 4836 qualibet
3712 4778 3871 4820 occa-

2285 4856 2457 4923 sione,
2490 4864 2584 4911 aut
2614 4864 2720 4912 tua:
2748 4855 3095 4910 institutionis
3148 4853 3594 4925 praevaricatione
3624 4851 3873 4908 Mediola—

2284 4945 2472 5001 nensis
2498 4945 2944 5015 archiepiscopus
2959 4942 3264 5016 neglexerit
3282 4944 3424 4997 hanc
3454 4940 3657 4997 habere
3687 4955 3869 4997 curam

2284 5043 2337 5090 et
2366 5034 2800 5100 sollicitudinem,
2831 5041 2888 5087 ut
2917 5031 3310 5104 preposuimus
3343 5049 3358 5099 ;
3389 5029 3752 5103 Aquileiensis
3778 5044 3870 5102 pa-

2284 5123 2538 5192 triarcha,
2600 5122 2868 5189 similiter,
2928 5128 2986 5176 ut
3040 5136 3221 5191 supra,
3270 5126 3513 5185 vocatus,
3547 5118 3666 5174 haec
3696 5117 3869 5174 omnia

2283 5207 2515 5265 ﬁdeliter
2539 5218 2919 5282 prosequatur.
2955 5210 3023 5264 Et
3050 5209 3096 5263 si
3151 5207 3442 5280 aliquando
3479 5214 3569 5262 aut
3598 5221 3702 5278 pro
3730 5222 3867 5278 prae-

2285 5298 2497 5370 scriptis
2509 5299 2762 5372 negotiis,
2780 5307 2983 5370 autpro
3016 5297 3200 5369 aliqua
3230 5296 3490 5367 temporis
3525 5296 3865 5362 necessitate,

2283 5395 2372 5442 aut
2415 5387 2578 5442 etiam
2634 5404 2736 5458 pro
2789 5386 3201 5458 malignantium
3252 5385 3533 5441 hominum
3575 5384 3866 5457 gravedine

2283 5476 2582 5546 Oportuerit
2610 5476 2751 5532 hanc
2801 5483 3047 5531 nostram
3100 5472 3452 5545 apostolicam
3482 5472 3667 5528 sedem
3693 5470 3867 5543 appel-

2284 5564 2421 5632 lare,
2452 5564 2803 5620 obsecramus
2840 5572 2895 5620 et
2921 5564 3259 5619 obtestamur
3295 5577 3487 5619 omnes
3517 5574 3864 5619 successores

2280 5660 2499 5711 nostros
2525 5668 2627 5725 per
2680 5653 2873 5711 merita
2898 5653 3002 5711 BB.
3048 5651 3438 5725 apostolorum,
3469 5658 3739 5723 quatenus
3793 5646 3861 5703 ad
