4086 6348
241 369 325 423 873
1451 367 1672 423 EPIST.
1731 368 1824 422 AD
1883 367 2288 426 SIGIBODUM.

3406 371 3509 425 επ

231 491 628 547 sublevationem
659 498 712 546 et
743 490 1118 546 defensionem
1149 491 1254 548 loci
1285 491 1454 562 ipsius
1475 507 1702 561 operam
1725 491 1805 546 vi-
1832 493 1886 553 A
1913 493 2151 549 Joannes
2185 501 2236 548 et
2284 493 2517 548 Marinus
2574 493 2837 566 praesules
2893 494 3004 549 suis
3060 494 3158 548 tibi
3216 493 3515 565 privilegiis

236 581 383 635 riliter
411 597 583 652 usque
613 581 679 635 ad
722 579 972 636 effectum
1018 581 1182 645 dare,
1237 581 1411 636 donec
1462 597 1653 636 omnes
1700 582 1817 650 ejus

237 669 485 740 sapiantur
514 676 636 724 cont
650 670 910 725 roversiae
927 713 939 735 ,
974 670 1242 724 studeant.
1393 677 1396 680 '

293 761 421 814 Inter
450 761 564 815 haec
586 761 896 814 Ravennate
914 759 1336 829 archiepiscopo
1361 774 1485 815 cum
1508 758 1814 836 Ticinense,

243 855 289 903 et
313 847 642 914 Placentino,
679 855 731 901 et
761 847 1061 920 Regiense,
1097 857 1148 901 et
1179 848 1480 903 Mutinense
1509 863 1634 902 cum
1665 849 1818 900 Man-

251 946 411 1004 tuano,
445 944 497 990 et
530 936 840 990 Veronense
871 951 994 990 cum
1026 937 1336 999 Laudense,
1369 943 1422 990 et
1453 936 1817 1001 Vercellense,

249 1024 455 1094 aliisque
484 1024 826 1094 coepiscopis
855 1025 1121 1095 nobisque
1153 1033 1394 1079 sanctam
1426 1025 1692 1094 synodum
1724 1040 1820 1079 ce-

247 1112 581 1180 lebrantibus,
616 1119 667 1166 et
705 1120 806 1167 tuae
837 1111 1099 1167 voluntati
1125 1128 1406 1166 assensum
1432 1112 1817 1182 praebentibus,

245 1200 474 1255 volumus
502 1208 663 1270 atque
701 1200 1064 1266 instituimus,
1116 1209 1172 1254 ut
1217 1201 1584 1271 cujuscunque
1615 1200 1823 1254 ordinis

246 1288 471 1357 clericos,
498 1289 589 1360 qui
609 1288 663 1341 in
686 1289 880 1343 eodem
899 1296 1112 1343 sacrato
1151 1288 1272 1344 loco
1306 1289 1595 1343 missarum
1625 1289 1822 1342 solem-

243 1377 320 1431 nia
361 1377 698 1432 celebrantes
743 1377 1093 1444 deserviunt,
1147 1384 1198 1431 et
1238 1393 1333 1431 eos
1375 1377 1547 1447 quiin
1579 1377 1823 1445 ejusdem

242 1465 544 1520 monasterii
575 1465 796 1536 capellis
823 1465 1134 1536 ubicunque
1178 1465 1360 1519 divina
1399 1465 1602 1535 jugiter
1651 1465 1820 1519 ofﬁcia

237 1554 442 1622 faciunt,
481 1554 640 1609 liceat
668 1553 939 1624 praecipue
972 1553 1362 1608 Mediolanensi
1393 1552 1818 1623 archiepiscOpo,

237 1651 315 1697 aut
340 1641 656 1714 patriarchae
688 1643 1002 1712 supradicto
1034 1657 1380 1712 promovere,
1403 1649 1816 1707 etconsecrare,

1929 583 2287 653 concessisse,
2323 591 2375 638 et
2405 585 2693 638 roborasse
2723 592 3037 654 noscuntur,
3071 584 3345 649 universa,
3398 598 3520 654 qua

1928 672 2056 725 olim
2113 673 2252 727 divae
2283 673 2556 728 memoria:
2586 673 2886 728 Ludovicus
2919 672 3306 729 serenissimus
3339 671 3509 742 impc-

1926 768 2091 828 rator,
2124 761 2375 815 dominus
2407 769 2459 816 et
2488 761 2571 816 vir
2600 770 2741 828 tuus,
2765 777 2866 832 per
2895 777 3047 816 suam
3068 759 3520 834 magnificentiam

1929 849 2310 918 augustalibus
2341 849 2588 919 apicibus
2619 849 2715 903 tibi
2747 850 2874 904 dum
2904 849 3177 904 adviveret
3232 848 3523 904 contulisse

1931 937 2213 1006 probatur,
2249 953 2342 992 seu
2376 938 2538 992 etiam
2570 946 2620 992 et
2653 954 2718 992 ea
2744 954 2864 1009 quae
2895 939 3014 1008 ipsa
3043 938 3385 1007 postmodum
3414 936 3522 990 im-

1929 1025 2219 1094 perialibus
2253 1025 2656 1096 largitionibus,
2687 1026 2773 1081 vel
2804 1026 2966 1081 etiam
2996 1026 3326 1098 quibuslibet
3365 1024 3524 1094 justis

1930 1113 2396 1184 acquisitionibus,
2430 1115 2794 1184 emptionibus
2818 1157 2832 1179 ,
2883 1115 2969 1169 vel
3015 1113 3526 1169 commutationibus

1930 1201 1985 1254 in
2016 1202 2289 1271 preprios,
2325 1203 2437 1256 sive
2463 1203 2577 1270 jam
2606 1203 2733 1257 dicti
2753 1203 3068 1257 monasterii
3091 1203 3167 1256 tui
3187 1219 3320 1256 usus
3341 1201 3529 1272 acqui-
3579 1249 3597 1260 .

1933 1289 2070 1356 sisti,
2123 1305 2218 1344 seu
2266 1289 2322 1343 in
2368 1299 2649 1360 posterum
2686 1291 3016 1362 acquisitura
3045 1307 3142 1356 es;
3176 1290 3446 1360 simulque
3477 1296 3531 1344 et

1933 1393 2018 1446 ea,
2052 1393 2174 1448 qua:
2201 1377 2270 1432 ad
2299 1379 2733 1448 supplementum
2775 1379 3020 1448 ejusdem
3063 1379 3258 1434 sacrati
3303 1377 3441 1446 loci,
3477 1384 3532 1432 et

1931 1473 2039 1518 tam
2071 1482 2282 1535 regum,
2317 1481 2480 1536 quam
2507 1467 2737 1522 aliorum
2763 1467 3129 1538 quorumlibet
3159 1465 3399 1521 ﬁdelium
3430 1465 3529 1519 do-

1932 1552 2166 1622 natione,
2200 1553 2286 1608 vel
2315 1554 2632 1609 liberalitate
2655 1571 2817 1622 nunc,
2851 1555 2935 1610 vel
2964 1555 3311 1625 postmodum
3342 1553 3530 1608 addita

1928 1639 2094 1695 fuisse
2126 1643 2548 1710 comprobantur
2581 1661 2594 1696 :
2627 1644 2821 1698 eodem
2853 1651 3040 1698 tenore
3070 1651 3122 1697 et
3153 1642 3343 1697 ordine
3363 1684 3375 1707 ,
3421 1656 3529 1712 quo

237 1731 315 1786 vel
342 1730 428 1785 alii
457 1730 619 1785 etiam
650 1730 874 1785 cuilibet
902 1730 1178 1800 episcopo,
1211 1746 1369 1801 quem
1403 1730 1684 1784 abbatissa
1713 1729 1817 1784 loci
1846 1739 1898 1797 Β
1930 1729 2047 1791 tibi,
2083 1730 2168 1784 vel
2199 1738 2289 1784 tuo
2317 1731 2710 1800 praenominato
2741 1731 2990 1787 coenobio
3022 1732 3391 1795 advenerunt,
3425 1729 3530 1782 illi-

236 1818 368 1872 illius
392 1819 617 1873 voluerit
648 1834 862 1889 rogare.
891 1819 1018 1873 Haec
1053 1826 1105 1872 et
1136 1818 1242 1872 alia
1279 1817 1636 1873 ecclesiastici
1665 1817 1828 1872 ofﬁcii

236 1906 517 1961 ministeria
538 1906 643 1960 sint
665 1907 720 1960 in
742 1906 1027 1962 abbatissae
1067 1907 1366 1971 voluntate,
1398 1914 1453 1960 ut
1474 1906 1647 1976 possit
1677 1906 1826 1960 vide-

235 1994 350 2052 licet
368 1994 618 2062 chrisma,
646 2003 696 2050 et
719 1995 1071 2050 ecclesiarum
1094 2011 1316 2049 suarum
1335 1994 1822 2060 consecrationem,

236 2099 266 2137 a
293 2099 608 2154 quocunque
640 2083 688 2138 ei
718 2083 926 2137 libitum
968 2082 1167 2153 fuerit,
1199 2083 1346 2138 omni
1389 2092 1630 2153 tempore
1662 2083 1826 2152 impe-

234 2178 368 2226 trare
403 2189 420 2234 :_
448 2172 520 2225 ita
551 2178 750 2237 tamen,
775 2179 832 2225 ut
854 2172 899 2225 si
930 2171 1221 2241 aliquando
1252 2171 1317 2224 ad
1349 2172 1466 2226 haec
1498 2170 1634 2226 forte
1663 2187 1828 2242 roga-

236 2259 372 2313 bitur
398 2259 742 2315 Placentinus
785 2260 1106 2330 episcopus,
1163 2259 1217 2313 in
1265 2259 1526 2329 praedicto
1557 2259 1828 2327 coenobio,

238 2355 288 2402 et
314 2348 650 2403 xenodochio
680 2348 957 2418 rebusque
988 2347 1231 2418 ipsorum
1263 2347 1466 2401 nullum
1517 2363 1575 2402 se
1617 2346 1830 2402 noverit

242 2435 428 2491 amodo
475 2444 525 2491 et
571 2436 830 2506 deinceps
867 2437 956 2504 jus
1005 2436 1287 2506 potestatis
1360 2436 1600 2502 habere,
1652 2452 1829 2506 neque

241 2524 393 2580 etiam
424 2525 493 2579 ad
522 2525 715 2579 missas
745 2525 1101 2580 celebrandas
1126 2525 1278 2594 juxta
1307 2525 1527 2579 Patrum
1565 2524 1824 2589 instituta,

239 2613 340 2667 nisi
368 2613 640 2677 invitatus,
673 2613 944 2668 adveniat.

304 2702 553 2756 Decimas
582 2718 713 2757 vero
744 2701 978 2756 universi
1010 2701 1159 2755 fundi
1209 2701 1526 2772 pertinentis
1556 2702 1622 2755 ad
1651 2701 1829 2771 ipsum

240 2790 642 2855 monasterium,
677 2806 811 2861 quas
842 2790 1082 2860 episcopi
1114 2790 1340 2861 qui......
1385 2791 1498 2844 esio
1530 2799 1668 2855 sunt,
1694 2798 1745 2844 et
1774 2790 1828 2843 in

236 2894 459 2950 quorum
491 2879 708 2950 quidem
739 2879 988 2946 adjacent
1020 2878 1296 2948 parochiis
1320 2921 1332 2943 ,
1364 2895 1465 2948 pro
1495 2878 1593 2932 Dei
1621 2895 1824 2941 amore,

238 2974 654 3037 vestrorumque
694 2967 962 3021 bonorum
992 2966 1373 3022 recordatione
1400 3009 1411 3031 ,
1447 2967 1641 3022 devote
1669 2975 1829 3037 atque

234 3055 466 3109 libenter
496 3055 808 3124 supradicto
841 3055 1136 3110 venerabili
1166 3055 1282 3110 loco
1314 3055 1496 3126 largiti
1530 3063 1652 3108 sunt
1685 3073 1697 3108 :
1734 3071 1829 3109 vo-

1937 1821 2056 1870 bata
2082 1825 2134 1871 et
2164 1817 2436 1887 inviolata,
2472 1827 2633 1890 atque
2665 1821 2991 1874 inconcussa
3038 1825 3423 1889 permaneant,
3475 1824 3532 1872 et

1935 1905 2234 1960 secundum
2267 1915 2371 1960 tuae
2402 1907 2762 1962 ordinationis
2794 1915 2990 1962 statuta
3019 1907 3332 1977 persistant.
3383 1906 3451 1960 Et
3482 1905 3526 1958 si

1935 1994 2075 2064 quis,
2109 1995 2255 2065 quod
2283 2011 2389 2050 non
2421 2003 2698 2065 optamus,
2734 2004 2925 2052 contra
2956 1997 3071 2051 haec
3101 2003 3300 2051 statuta
3343 1993 3399 2047 in
3428 1992 3528 2048 Dei

1934 2082 2320 2152 omnipotentis
2348 2083 2559 2147 oblata,
2606 2084 2694 2138 vel
2738 2099 3000 2139 concessa
3051 2083 3330 2138 servitium
3361 2097 3530 2154 agere

1934 2171 2236 2239 tentaverit,
2264 2173 2351 2226 vel
2376 2172 2648 2243 quippiam
2679 2174 2874 2226 horum
2904 2171 3203 2244 infringere
3244 2169 3533 2226 temerario

1936 2274 2070 2313 ausu
2100 2260 2369 2325 voluerit,
2430 2260 2971 2316 excommunicationi
3028 2259 3330 2313 submissus
3387 2256 3534 2313 omni

1937 2349 2311 2404 ecclesiastico
2358 2349 2632 2404 consortio
2679 2357 2893 2417 careat,
2943 2355 2992 2403 et
3037 2348 3139 2402 nisi
3179 2363 3238 2402 se
3281 2346 3533 2401 continuo

1935 2453 1966 2490 a
1997 2438 2086 2491 tali
2115 2437 2354 2508 nequitia
2384 2439 2621 2508 corrigat
2670 2447 2723 2492 et
2768 2437 3084 2507 resipiscat,
3138 2437 3194 2491 S.
3245 2434 3387 2491 Petri
3429 2449 3534 2489 no-

1938 2525 2140 2596 strique
2173 2526 2506 2595 apostolatus
2552 2526 2872 2580 auctoritate
2921 2523 3272 2580 anathematis
3320 2521 3536 2578 vinculo

1936 2613 2259 2679 innodatus,
2295 2630 2422 2668 reus
2445 2613 2500 2666 in
2531 2613 2702 2669 futuro
2726 2613 2931 2681 judicio
2977 2620 3324 2684 permaneat,
3355 2620 3407 2668 et
3435 2626 3537 2680 pro

1937 2718 2166 2757 excessu
2197 2719 2308 2757 suae
2337 2709 2497 2756 tantae
2530 2701 2982 2772 transgressionis
3011 2718 3130 2755 cum
3191 2701 3327 2754 Juda
3367 2698 3539 2754 tradi-

1938 2799 2052 2845 tore
2083 2789 2404 2859 infrunitus,
2441 2799 2602 2861 atque
2654 2791 2870 2844 rebellis
2917 2789 3084 2844 sancti
3136 2788 3366 2858 Spiritus
3411 2803 3541 2844 sen-

1940 2879 2122 2944 tentia,
2159 2879 2248 2949 qui
2281 2895 2498 2948 semper
2519 2877 2699 2935 tictum
2733 2886 2786 2934 et
2815 2879 3133 2933 mendacem
3178 2875 3401 2947 effugit,
3438 2891 3544 2931 no-

1937 2967 2073 3021 verit
2103 2983 2161 3021 se
2192 2967 2502 3020 habiturum
2533 2968 2837 3036 portionem
2869 2967 2922 3020 in
2944 2964 3361 3038 gehennaignis
3384 2972 3544 3018 aeter-

1941 3055 2014 3108 ni.
2050 3054 2319 3124 Scriptum
2351 3071 2449 3124 per
2494 3071 2709 3108 manum
2759 3054 2954 3109 Leonis
2998 3053 3248 3109 scrinarii
3280 3054 3334 3107 S.
3371 3053 3433 3107 R.
3468 3053 3532 3105 Ε.

235 3143 450 3211 luinus,
501 3152 551 3198 et
595 3143 890 3213 apostolica
949 3144 1302 3198 corrobamus
1360 3144 1680 3198 auctoritate
1707 3187 1719 3208 ,
1777 3152 1830 3198 et
1859 3151 1906 3212 α
1935 3143 1990 3196 in
2021 3159 2207 3197 mense
2238 3143 2428 3212 Aprili,
2464 3142 2758 3197 indictione
2787 3143 2964 3196 tertia.
2997 3142 3141 3196 Bene
3173 3141 3366 3195 valete.
3409 3141 3534 3195 Dat.

229 3233 436 3304 absque
466 3231 840 3304 refragatione,
877 3240 985 3286 tam
1016 3233 1256 3302 ipsorum
1280 3275 1292 3297 ,
1328 3248 1488 3302 quam
1519 3239 1570 3285 et
1600 3247 1825 3286 succes-

231 3335 418 3374 sorum
448 3336 664 3384 eorum,
698 3320 841 3374 velut
869 3321 983 3390 ipsa
1013 3319 1288 3374 instituisti
1315 3361 1328 3387 ,
1377 3334 1531 3374 sacra
1580 3321 1826 3374 xenodo-

228 3407 376 3473 chio,
427 3415 479 3462 et
525 3408 748 3479 capellis
795 3408 1181 3478 perpetualiter
1224 3407 1546 3463 habeantur.
1605 3409 1830 3477 Insuper

231 3495 547 3564 statuimus,
595 3504 647 3550 et
695 3497 989 3567 apostolica
1037 3497 1360 3551 auctoritate
1408 3495 1724 3561 stabilimus,
1773 3503 1829 3550 ut

222 3584 386 3653 juxta
404 3584 548 3656 quod
563 3585 736 3640 nostri
763 3585 1204 3656 prmdecessores
1224 3593 1328 3638 tam
1350 3583 1643 3650 Adrianus,
1669 3599 1829 3654 quam

1934 3246 2012 3284 xv
2041 3231 2162 3284 Kal.
2196 3230 2322 3284 Maii
2366 3247 2464 3300 per
2511 3247 2732 3284 manum
2781 3230 3038 3301 Gregorii
3086 3227 3532 3293 nomenclatoris,

1934 3319 2106 3385 missi,
2140 3327 2191 3373 et
2221 3318 2557 3389 apocrisiarii
2587 3328 2789 3374 sanctae
2819 3319 2966 3372 sedis
2995 3316 3323 3388 apostolicae,
3367 3315 3540 3386 impe-

1937 3415 2091 3462 rante
2121 3408 2319 3462 domno
2350 3407 2594 3477 piissimo
2617 3411 2863 3478 Augusto
2887 3406 3079 3462 Carolo
3101 3421 3134 3460 a
3150 3407 3264 3461 Deo
3282 3413 3540 3462 coronato

1940 3511 2139 3566 magno
2186 3495 2532 3567 imperatore,
2587 3511 2731 3551 anno
2779 3497 2897 3565 ejus
2944 3495 3128 3567 quinto
3154 3535 3168 3564 ,
3243 3494 3538 3550 indictione

1943 3585 2119 3639 tertia.

1366 3836 1786 3920 ADRIAN
1798 3837 1832 3920 Ι
1905 3837 2218 3920 PAPE
2282 3836 2406 3920 III

937 4007 1202 4048 EPISTOLA
1276 4008 1348 4047 AD
1427 3979 1776 4048 SIGIBODUMA

1829 4007 2242 4050 NARBONENSEM

2341 4007 2839 4050 ARCHIEPISCOPUM.

1478 4117 1658 4187 (Apud
1696 4117 1762 4170 D.
1806 4118 2080 4188 Bouquet,
2121 4117 2278 4187 ibid.)

301 4323 525 4379 Maneat
559 4323 876 4378 Girbertum
907 4321 1347 4376 Nemausensem
1377 4322 1694 4392 episcopum
1721 4324 1786 4377 ut
1812 4321 2038 4376 nullam
2068 4322 2283 4390 inferat
2316 4319 2636 4375 molestiam
2665 4319 3008 4377 monasterio
3037 4322 3225 4378 sancti
3251 4319 3474 4393 Aigidii.

306 4501 603 4553 ADRIANUS
633 4498 942 4569 episcopus,
979 4514 1169 4553 servus
1201 4514 1482 4553 servorum
1518 4496 1635 4564 Dei,
1670 4516 1827 4554 reve-
1856 4499 1909 4558 D
1943 4497 2094 4555 cibus
2115 4499 2483 4569 oppressionis
2513 4516 2700 4555 eorum
2731 4501 3011 4556 materiam
3039 4502 3346 4573 relinquere
3371 4520 3382 4556 :
3409 4503 3534 4574 quia

220 4587 550 4643 rentissimo
580 4594 631 4642 et
664 4587 1003 4642 sanctissimo
1053 4587 1313 4657 Sigibodo
1357 4588 1698 4642 Narbonensi
1745 4604 1832 4643 ar-

222 4675 595 4746 chiepiscopo
607 4716 619 4729 .

306 4763 598 4820 Sanctitati
625 4771 730 4818 tua:
761 4771 947 4818 notum
975 4779 1098 4818 esse
1127 4762 1378 4819 volumus
1409 4763 1536 4835 quia
1565 4772 1834 4818 monaste-

221 4852 385 4907 rium
413 4853 582 4908 sancti
610 4852 827 4924 AEgidii,
868 4867 990 4907 cum
1022 4853 1271 4906 omnibus
1319 4853 1430 4906 suis
1468 4852 1832 4922 ‘pertinentiis,

219 4941 342 4996 sub
376 4949 564 5011 nostra
592 4941 888 5012 apostolica
925 4948 1190 5011 potestate
1239 4941 1516 5007 consistit,
1568 4957 1671 4994 una
1714 4958 1838 4996 cum

221 5030 428 5085 Leone
458 5029 713 5102 religioso
743 5029 940 5084 abbate
967 5037 1019 5084 et
1049 5029 1327 5084 monachis
1357 5029 1527 5098 ipsius
1557 5037 1836 5085 monaste-

219 5117 303 5172 rii
341 5135 357 5172 :
396 5117 517 5173 ideo
547 5132 832 5173 monemus
862 5117 1252 5172 fraternitatem
1285 5125 1520 5172 vestram
1549 5126 1604 5172 ut
1638 5119 1838 5172 Giber-

223 5211 359 5260 tum
412 5206 722 5276 episcopum
767 5207 1194 5260 Nemausensem
1223 5204 1488 5259 moneatis
1532 5214 1590 5258 ut
1638 5206 1840 5259 nullam

220 5292 508 5359 forciam,
559 5293 868 5365 nullamque
919 5293 1360 5350 contrarietatem
1406 5300 1458 5346 et
1505 5292 1706 5346 nullam
1739 5309 1840 5364 op-

221 5381 598 5453 pressionem
624 5382 804 5438 facere
835 5391 1130 5453 praesumat
1158 5381 1211 5435 in
1241 5381 1360 5451 ipso
1390 5381 1733 5447 monasterio,
1754 5390 1844 5436 aut

222 5470 294 5524 in
327 5471 639 5538 monachis,
672 5471 759 5528 vel
783 5470 839 5524 in
868 5470 1085 5525 familiis
1117 5470 1252 5539 ejus,
1285 5485 1463 5541 neque
1493 5468 1606 5524 suis
1653 5486 1848 5542 sequa-

1943 4588 2241 4643 certissime
2286 4589 2461 4658 ipsum
2509 4590 2895 4645 monasterium
2921 4633 2934 4656 ,
2969 4607 3092 4646 cum
3123 4591 3372 4645 omnibus
3419 4591 3532 4645 suis

1944 4677 2122 4745 rebus,
2155 4677 2255 4730 sub
2287 4677 2489 4732 ditione
2520 4687 2571 4732 et
2601 4687 2866 4748 potestate
2916 4679 2975 4732 B.
3021 4679 3163 4732 Petri
3207 4679 3438 4748 apostoli
3482 4687 3538 4734 et

1943 4773 2124 4819 nostra
2154 4765 2420 4820 consistit.
2461 4768 2527 4820 Et
2557 4767 2801 4821 volumus
2818 4774 2874 4819 ut
2902 4765 3080 4821 eidem
3110 4767 3366 4837 episcopo
3386 4767 3536 4822 dicas

1944 4861 2001 4906 ut
2030 4853 2208 4907 omnia
2239 4854 2472 4908 reddere
2504 4855 2717 4909 studeat
2764 4870 2883 4925 quae
2927 4854 2997 4908 ab
3044 4853 3163 4924 ipso
3206 4855 3537 4911 monasterio

1945 4957 2044 5011 per
2072 4941 2180 4994 vim
2211 4941 2448 4995 abstulit.
2484 4943 2552 4995 Et
2582 4941 2766 4997 sciatis
2795 4941 2918 5012 quia
2946 4941 3120 5012 ipsum
3152 4943 3540 5002 monasterium

1946 5029 2001 5082 in
2038 5037 2302 5098 potestate
2332 5030 2526 5084 Amelii
2574 5030 2879 5100 presbyteri
2920 5031 3029 5099 jam
3078 5032 3445 5087 concessimus
3475 5033 3542 5088 ad

1947 5117 2342 5189 protegendum
2373 5126 2424 5172 et
2454 5118 2524 5172 ad
2552 5118 2974 5174 defendendum.
3022 5120 3090 5174 Et
3129 5119 3171 5174 si
3202 5120 3318 5193 ipse
3349 5121 3547 5178 Giber-

1951 5212 2036 5259 tus
2067 5205 2355 5276 episcOpus
2384 5206 2731 5276 acquiescere
2768 5206 3000 5262 noluerit
3029 5209 3229 5263 nostris
3269 5218 3320 5265 et
3352 5210 3546 5266 vestris

1951 5294 2204 5359 monitis,
2268 5294 2451 5349 sciatis
2522 5295 2673 5349 illum
2733 5312 2856 5350 esse
2912 5299 3434 5355 excommunicatum
3493 5305 3548 5354 et

1954 5383 2271 5437 damnatum
2300 5382 2820 5453 inrecuperabiliter.
2846 5384 2956 5440 Vos
2984 5385 3054 5440 ita
3085 5386 3232 5460 agite
3262 5386 3419 5444 sicuti
3446 5402 3548 5442 nos

1956 5487 2054 5542 per
2083 5487 2181 5527 vos
2212 5471 2350 5527 bene
2380 5471 2724 5529 conﬁdimus.
2758 5473 2904 5528 Bene
2933 5474 3132 5531 valete.
