4086 6320
615 298 720 356 9'75

1625 295 1683 354 S.
1722 295 2051 354 BEBTARII
2089 291 2377 352 ABBATIS
2415 293 2891 354 CASSINENSIS.

3803 304 3908 358 976

1809 575 1980 618 ANNO
2033 573 2256 616 DOMINI
2314 572 2712 616 DCCCLXXXIV.

1345 715 1522 885 S.
1760 708 3176 886 BERTARIUS

1903 955 2122 1010 ABBAS
2161 953 2616 1010 CASSINENSIS

1217 1097 1679 1184 NOTITIA
1745 1096 2356 1182 HISTORICA
2422 1096 2538 1180 IN
2608 1096 3279 1184 BERTARIUM.

1734 1254 1970 1325 (Fabric.
2013 1253 2150 1308 Bibl.
2189 1254 2337 1310 med.
2379 1262 2432 1309 et
2468 1253 2571 1308 inf.
2619 1253 2762 1324 Lat.)

677 1485 1033 1542 Banraanms
1064 1485 1180 1556 sive
1203 1487 1494 1540 Bertarius
1523 1500 1588 1556 ex
1638 1500 1830 1556 regum
1859 1484 2196 1556 Francorum
2223 1484 2280 1544 A
2309 1483 2546 1556 Massill.
2565 1501 2688 1540 cum
2718 1485 2914 1556 quibus
2943 1501 3037 1540 eos
3066 1502 3208 1541 anno
3241 1489 3376 1542 i530
3419 1487 3588 1542 edidit
3623 1487 3902 1543 Johannes

601 1557 786 1628 stirpe,
819 1557 990 1614 abbas
1019 1555 1356 1628 Cassinensis
1385 1564 1437 1610 et
1453 1571 1497 1628 _a
1523 1555 2196 1628 Saracenisobtruncatus

602 1625 810 1707 martyr
835 1643 980 1707 apno
1010 1630 1110 1707 _88_3
1133 1669 1152 1707 ,_
1195 1629 1265 1707 2.2
1313 1625 1598 1707 Octobris;
1649 1625 1862 1707 scripsit
1892 1642 1956 1680 ex
1989 1625 2196 1707 Veteris

603 1695 820 1755 Codicis
849 1697 955 1753 fide
981 1705 1032 1752 et
1056 1705 1193 1752 teste
1219 1697 1399 1752 Leone
1447 1695 1688 1752 Ostiensi
1731 1695 1822 1750 lib.
1859 1711 1906 1763 ι,
1938 1711 2062 1766 cap.
2102 1699 2192 1760 32.

603 1778 658 1825 et
703 1769 865 1824 Petro
920 1769 1152 1823 diacono
1191 1782 1316 1838 cap.
1368 1771 1466 1833 12,
1517 1768 1683 1823 libros
1739 1767 1876 1822 duos
1925 1781 2195 1838 ᾳᾳτιιιιμένων

601 1840 1032 1896 Sententiarum
1054 1837 1337 1894 .Veteris'et
1349 1839 1483 1893 Novi
1501 1839 1860 1900 Testa-menti,
1886 1837 2058 1892 editos
2075 1837 2194 1890 sine

603 1910 822 1966 nomine
837 1908 1069 1964 auctoris
1088 1927 1101 1973 ;
1123 1907 1362 1973 Basileae,
1378 1911 1534 1973 1530,
1555 1906 1755 1973 in-fol.;
1771 1906 2012 1974 Parisiis,
2032 1909 2188 1973 1530,

603 1980 780 2044 in-8°;
811 1979 1070 2042 Colonia,
1097 1982 1254 2045 1533,
1278 1979 1420 2032 in-8°
1443 1997 1456 2045 ;
1483 1986 1534 2033 et
1549 1978 1790 2042 Parisiis,
1814 1980 1970 2047 1556,
2007 1977 2188 2047 in-l2,

599 2065 726 2107 cum
758 2049 914 2104 libris
930 2049 1112 2104 Junilii
1132 2047 1374 2104 Africani
1395 2066 1410 2103 :
1433 2056 1487 2104 et
1506 2048 1560 2103 in
1597 2047 1942 2104 Bibliothecis
1981 2049 2192 2102 Patrum

599 2121 656 2176 in
685 2120 879 2192 quibus
908 2135 974 2175 ex
1001 2119 1196 2176 Felicis
1237 2119 1476 2174 Toletani
1522 2117 1628 2174 fide
1676 2118 1887 2174 Juliano
1934 2117 2192 2174 Toletano

594 2191 905 2246 tribuuntur
939 2207 955 2246 :
999 2191 1152 2246 cuius
1197 2205 1308 2246 non
1352 2189 1530 2246 magis
1568 2196 1693 2244 sunt
1744 2205 1909 2246 quam
1957 2187 2190 2244 Salviani

617 2205 905 2246 l‘lDllllﬂllll‘
939 2207 955 2258 ;
999 2205 1152 2260 οιῃιιε
1197 2205 1308 2246 non
1352 2205 1530 2263 m8.ng
1568 2205 1693 2244 sunt
1744 2205 1909 2260 quam
1957 2205 2190 2244 Damam

2308 1554 2618 1610 Alexander
2658 1554 3045 1622 Brassicanus;
3090 1557 3175 1612 vel
3223 1557 3441 1612 Ricardi
3503 1557 3899 1622 Cluniasensis,

2303 1625 2371 1696 ad
2401 1641 2564 1696 quem
2596 1625 2898 1680 referuntur
2929 1642 2961 1680 a
2993 1627 3140 1682 Sixto
3172 1627 3436 1692 Senensi,
3469 1629 3572 1682 lib.
3613 1645 3670 1682 ιν
3699 1628 3900 1684 Biblio-

2303 1695 2475 1769 theca;
2503 1711 2692 1762 sacrae,
2724 1713 2852 1769 pag.
2885 1700 3008 1769 371.
3044 1699 3124 1753 De
3153 1699 3364 1754 ceteris
3393 1699 3654 1754 Bertharii
3684 1698 3900 1769 scriptis

2302 1765 2428 1846 nolo
2456 1765 2857 1846 repeteregqu'ze
2871 1767 3001 1846 jam
3019 1775 3200 1846 notata
3229 1784 3262 1823 a
3291 1769 3450 1846 Petro
3497 1765 3900 1846 diacono_ei_in

2299 1837 2567 1912 Johannis
2591 1837 2841 1912 Baptistae
2871 1839 3006 1893 Mari
3037 1839 3107 1912 ad
3153 1855 3274 1912 eum
3303 1841 3444 1912 notis
3469 1884 3482 1906 ,
3533 1849 3588 1895 et
3614 1841 3760 1912 apud
3791 1841 3898 1896 Ca-

2301 1922 2462 1980 veum
2477 1907 2620 1980 ;7nisi
2648 1907 2794 1980 quod
2823 1925 3016 1980 versus
3035 1909 3101 1966 de
3120 1910 3251 1976 vita,
3273 1911 3425 1968 obitu
3440 1929 3506 1968 ac
3521 1907 3822 1967 mirdculi:
3839 1913 3894 1968 S.

2303 1978 2622 2049 Benedicti,
2667 1978 2836 2033 etiam
2865 1979 3041 2034 editos
3069 1997 3294 2036 monere
3335 1981 3484 2049 juvat
3524 1983 3581 2035 in
3609 1981 3764 2038 Actis
3796 1982 3894 2037 SS.

2298 2048 2576 2124 {Benedic}
2613 2057 2744 2124 tom.
2771 2051 2810 2124 I_,
2840 2065 2970 2124 pag.
3001 2055 3100 2115 29-,
3133 2048 3478 2119 Trithemius,
3510 2067 3633 2124 cap.
3668 2055 3814 2116 326;
3845 2061 3899 2107 et

2298 2067 2576 2104 benemor.
2613 2067 2744 2102 tom.
2771 2067 2810 2116 ι,
3001 2067 3100 2115 κυς
3133 2067 3478 2119 ‘t'rltnemlus,
3668 2067 3814 2116 3'25;
3845 2067 3896 2107 ει

2298 2118 2492 2200 ἰῌιιενιῐιιἔ
2525 2120 2856 2200 Benedictin.
2975 2163 2988 2188 ,
3041 2124 3109 2179 72
3128 2165 3145 2188 ,
3191 2123 3562 2179 tantummodo
3605 2139 3896 2179 sermones

2298 2189 2415 2258 ejus
2441 2189 2718 2261 elegantes
2747 2199 3156 2248 commemorat.

617 2350 3893 2395 h____—____—__—__—_______——_

1615 2495 2121 2606 SANCTI
2221 2498 2402 2607 BE
2419 2497 2896 2608 RTARII

1645 2710 1938 2768 CARMEN
1973 2710 2068 2766 DE
2107 2709 2381 2768 SANCTO
2419 2711 2837 2770 BENEDICTO.

965 2861 1150 2934 (Apud
1179 2860 1384 2916 Mabill.
1415 2867 1546 2916 tom.
1579 2860 1630 2926 Ι,
1663 2861 1782 2917 Act.
1819 2858 1922 2916 SS.
1964 2859 2085 2915 ord.
2119 2859 2176 2915 S.
2208 2859 2410 2916 Bened.
2435 2905 2448 2926 ,
2481 2875 2548 2917 ex
2573 2861 2829 2933 Prosperi
2856 2859 3196 2934 Martinengii
3223 2867 3356 2918 tom.
3392 2861 3512 2933 III.)

579 3085 627 3144 Ο
655 3085 945 3143 Benedicta
972 3091 1147 3158 pater,
1179 3083 1388 3141 cunctis
1419 3081 1778 3140 celeberrime
1809 3080 1998 3150 terris,

723 3173 829 3244 Qui
858 3173 1235 3231 confessorum
1260 3173 1476 3229 culmen
1505 3171 1732 3228 honoris
1761 3170 1930 3226 habes
1964 3187 1978 3224 :

574 3264 652 3319 Te
680 3264 830 3319 Deus
857 3279 891 3318 a
918 3278 1087 3334 puero
1115 3261 1321 3336 delegit
1349 3259 1594 3328 caelitus,
1625 3267 1787 3332 atque

719 3351 950 3407 Instituit
977 3351 1152 3408 sancti
1182 3349 1458 3406 Germinis
1487 3365 1612 3404 esse
1640 3355 1874 3420 patrem.

573 3439 652 3496 Tu
679 3440 786 3508 via,
819 3448 876 3496 tu
905 3440 1116 3509 ductor,
1149 3447 1206 3494 tu
1233 3446 1440 3510 pastor,
1473 3437 1668 3494 doctor
1699 3451 1920 3504 eorum,

714 3527 840 3598 Qui,
875 3528 1074 3600 spretis
1105 3527 1264 3583 terris
1285 3569 1298 3594 ,
1331 3526 1522 3582 cmlica
1551 3541 1722 3596 regna
1749 3531 1957 3596 petunt.

571 3617 673 3683 Tu,
705 3616 896 3672 studiis
925 3616 1143 3688 spretis,
1175 3615 1324 3672 orbis
1353 3614 1631 3671 dominam
1660 3613 1806 3684 fugis
1833 3613 2027 3668 urbem
2045 3653 2060 3679 ,

712 3704 782 3758 Et
809 3703 1026 3760 Domini
1056 3703 1245 3758 subdis
1272 3703 1420 3758 mitia
1449 3703 1588 3759 colla
1611 3703 1766 3775 jugo.

569 3792 650 3848 Tu
679 3791 938 3863 precibus
967 3791 1114 3846 vasis
1143 3790 1346 3846 solidas
1373 3790 1685 3862 fragmenta
1713 3788 1988 3862 dirempti,

713 3878 1008 3952 Obsequiis
1039 3879 1238 3936 vestris
1267 3879 1412 3950 quod
1443 3879 1734 3952 pedagoga
1765 3877 1900 3932 tulit.

567 3969 660 4024 1E8
689 3967 882 4039 lapidis
907 3969 1055 4038 jactu
1085 3965 1357 4041 confregit
1381 3966 1580 4022 lividus
1610 3965 1810 4031 hostis,

707 4056 878 4130 Signa
905 4057 1070 4112 dabat
1099 4072 1305 4112 mensae
1335 4057 1501 4128 quod,
1535 4054 1844 4125 Benedicte,
1876 4061 2003 4110 tum.

567 4145 676 4202 Sed
703 4145 926 4202 minime
956 4145 1172 4202 solitam
1201 4144 1299 4200 tibi
1328 4146 1548 4202 tradere
1573 4143 1773 4200 desinit
1800 4159 1985 4200 escam
2005 4187 2018 4210 ,

707 4235 983 4290 Romanus
1007 4233 1208 4288 furtum
1239 4233 1592 4304 subripiendo
1621 4232 1787 4304 pium.

561 4325 788 4394 Aptarat
811 4323 1038 4378 Pascha
1067 4321 1170 4377 sibi
1202 4321 1432 4391 prandia
1460 4335 1660 4392 magna
1689 4319 1966 4387 sacerdos,

711 4410 819 4466 Sed
847 4409 943 4464 tibi
973 4425 1096 4466 cum
1128 4409 1360 4479 dapibus
1389 4409 1621 4463 destinat
1649 4409 1792 4464 hunc
1822 4408 2105 4466 Dominus.

562 4499 729 4555 Tetra
756 4497 918 4553 nimis
947 4497 1186 4554 volucris
1216 4512 1276 4551 se
1306 4496 1544 4551 vultibus
1572 4497 1768 4570 ingerit
1796 4497 1980 4565 almis,

708 4587 776 4641 Et
803 4587 918 4642 visa
949 4585 1226 4656 quondam
1255 4592 1566 4640 concremet
1595 4585 1650 4638 in
1681 4585 1884 4656 specie.

570 4673 680 4732 Sed
709 4673 878 4745 spinis
907 4673 1192 4737 recubans,
1225 4671 1454 4726 stimulis
1483 4680 1536 4728 et
1563 4682 1793 4744 punctus
1822 4688 2032 4742 earum,

709 4762 1021 4832 Exsuperas
1050 4759 1246 4817 vulnus
1276 4760 1422 4816 illico
1451 4761 1785 4816 vulneribus.

570 4849 857 4921 Frangitur
882 4857 995 4904 arte
1025 4847 1200 4905 crucis
1229 4864 1343 4914 vas,
1377 4848 1526 4905 virus
1554 4865 1660 4922 quo
1682 4848 1946 4920 latitabat,

709 4939 844 4993 Cum
873 4938 1052 5011 signat
1081 4937 1209 4992 tanti
1239 4937 1464 4993 dextera
1495 4946 1684 4994 sancta
1710 4938 1907 4992 Patris.

571 5024 747 5094 Quem
774 5043 909 5096 puer
937 5042 967 5080 a
996 5026 1196 5082 sanctis
1221 5026 1478 5098 precibus
1508 5025 1666 5098 niger
1692 5026 1959 5094 eliciebat,

710 5114 878 5188 Virga
909 5116 1083 5170 Patris
1114 5114 1268 5181 sistit,
1304 5131 1370 5172 ac
1399 5131 1533 5186 puer
1560 5123 1679 5171 ater
1707 5116 1835 5170 abit.

569 5201 816 5273 Suscipe,
851 5211 1034 5260 sancte
1064 5205 1242 5270 Pater,
1275 5219 1498 5275 pueros,
1534 5221 1672 5275 quos
1701 5203 1880 5277 gloria
1910 5204 2094 5260 Roma:

709 5291 792 5346 Ad
824 5299 914 5347 tua
943 5291 1241 5347 transmisit
1269 5292 1455 5346 limina
1486 5301 1663 5347 mente
1691 5292 1797 5363 pia.

567 5375 846 5435 Fratribus
875 5379 992 5451 ipse
1020 5379 1115 5435 tibi
1144 5380 1450 5436 commissis
1480 5395 1636 5435 mons
1665 5380 1813 5436 dedit
1837 5397 2078 5448 amnem,

707 5469 861 5539 Rupe
888 5468 1028 5524 latex
1055 5469 1162 5524 exit
1187 5484 1311 5524 curn
1339 5468 1544 5542 rogitas
1573 5469 1884 5526 Dominum.

565 5553 788 5612 Ferrum
817 5557 945 5613 dum
974 5573 1166 5628 vepres
1196 5564 1409 5614 resecat
1441 5557 1672 5624 Gothus,
1705 5558 1871 5613 insilit
1897 5559 2076 5628 undis,

705 5644 816 5702 Sed
846 5647 1044 5720 repetit
1070 5645 1341 5704 manicam
1369 5662 1516 5716 mox,
1551 5647 1642 5703 ubi
1669 5645 1869 5721 tinguis
1897 5663 2056 5720 aqua.

2201 3521 2255 3580 B

2285 3081 2578 3136 Assiduam
2605 3081 2856 3139 Placibus
2886 3081 3016 3137 dum
3045 3081 3212 3138 ferret
3240 3081 3475 3155 gurgitis
3503 3081 3738 3148 undam,

2428 3168 2722 3242 Obsequiis
2752 3170 2955 3227 sanctis
2985 3171 3128 3227 hunc
3156 3169 3275 3225 tulit
3303 3170 3446 3226 unda
3474 3169 3667 3226 ﬂuens.

2287 3257 2526 3332 Pergito,
2560 3259 2744 3315 Manre
2771 3259 2935 3326 celer,
2970 3260 3130 3316 Pater
3157 3259 3301 3316 illico
3329 3259 3618 3331 providus,
3648 3257 3846 3331 inquit,

2423 3348 2546 3402 Jam
2575 3348 2737 3402 trahit
2764 3348 2911 3404 unda
2940 3347 3043 3404 laci
3070 3346 3402 3420 praecipitem
3429 3363 3679 3420 puerum.

2281 3435 2445 3490 Jussa
2472 3435 2656 3491 ferens
2686 3444 2942 3508 properat
2972 3453 3136 3508 super
3162 3437 3368 3504 undas,
3397 3444 3560 3501 atque
3589 3434 3823 3492 recurrit

2422 3523 2628 3596 Erepto
2656 3541 2850 3596 puero,
2883 3541 2982 3582 ceu
3009 3541 3110 3596 per
3138 3525 3362 3580 humum
3391 3524 3666 3598 gradiens.

2281 3611 2569 3682 Promptus
2596 3613 2664 3668 ad
2694 3629 2855 3669 omne
2883 3613 3086 3669 malum
3113 3613 3232 3669 dira
3251 3629 3373 3670 cum
3393 3621 3571 3669 mente
3586 3611 3872 3682 sacerdos,

2419 3700 2621 3757 Toxica
2649 3719 2771 3774 quae
2797 3702 2963 3771 misit,
2997 3701 3208 3758 sustulit
3236 3701 3353 3774 ipse
3383 3701 3554 3772 prius.

2277 3787 2489 3844 Corruit
2518 3805 2646 3846 ecce
2675 3790 2844 3846 miser
2873 3790 3096 3862 collapsi
3125 3789 3362 3846 culmine
3389 3790 3552 3857 tecti,

2418 3876 2658 3949 Corpore
2687 3877 2998 3935 confractus
3024 3887 3222 3934 tartara
3249 3895 3392 3935 saeva
3419 3877 3568 3950 petit.

2275 3963 2425 4020 Talia
2448 3965 2745 4038 discipulus
2775 3967 2904 4022 dum
2931 3966 3136 4038 perfert
3164 3967 3364 4024 nuncia
3391 3966 3618 4028 cursim.

2418 4054 2704 4111 Concussit
2734 4055 2902 4111 sancti
2933 4055 3124 4112 intima
3149 4055 3319 4112 corda
3347 4054 3540 4111 Patris.

2273 4141 2374 4198 Cui
2401 4151 2552 4214 pater
2577 4143 2769 4199 indixit
2793 4144 2866 4199 ob
2896 4144 3016 4199 talis
3045 4144 3241 4218 gaudia
3269 4143 3486 4211 mortis,

2415 4233 2481 4288 Ut
2512 4232 2762 4305 lacrymis
2793 4232 3008 4304 culpam
3035 4232 3236 4288 deﬂeat
3267 4231 3386 4304 ipse
3414 4247 3588 4288 suam.

2272 4319 2474 4375 Panem
2504 4320 2639 4374 tollit
2665 4321 2798 4388 arvis,
2834 4337 2942 4393 quo
2973 4321 3120 4377 virus
3149 4328 3356 4377 texerat
3385 4319 3478 4376 ille
3497 4363 3511 4388 ,

2413 4407 2576 4462 Abdit
2605 4409 2698 4463 ubi
2727 4409 2906 4464 nullus
2935 4425 3160 4465 cernere
3190 4408 3362 4480 possit
3393 4409 3579 4464 homo.

2270 4495 2351 4551 Tu
2380 4495 2590 4552 meritis
2621 4496 2780 4552 almis
2808 4497 3070 4553 falsorum
3099 4497 3298 4569 templa
3325 4498 3574 4564 deorum,

2412 4585 2630 4640 Vertisti
2657 4585 2712 4640 in
2738 4585 2978 4653 laudem,
3012 4595 3194 4642 sancte
3213 4631 3228 4657 ,
3261 4587 3536 4658 decusque
3565 4585 3684 4642 Dei.

2267 4671 2510 4730 Perﬁdus
2537 4674 2627 4730 ille
2657 4675 2818 4731 draco
2849 4675 2987 4732 coelo
3015 4675 3298 4732 demersus
3321 4676 3389 4730 ab
3420 4675 3549 4742 alto,

2411 4763 2472 4816 In
2500 4761 2759 4818 famulum
2789 4763 2986 4819 Christi
3016 4763 3144 4819 talia
3172 4764 3315 4820 dicta
3345 4763 3530 4820 dabat.

2268 4849 2430 4921 Quid,
2449 4851 2754 4918 maledicte,
2771 4852 3092 4909 tibimecum
3103 4854 3222 4908 est?
3242 4852 3387 4922 Quid
3406 4870 3534 4919 non,
3550 4851 3848 4921 Benedicte,

2409 4937 2550 5008 Quid
2580 4957 2667 4996 me
2695 4941 3086 5013 persequeris?
3114 4942 3240 5014 quid
3271 4958 3396 4998 mea
3414 4943 3539 5013 jura
3569 4942 3759 5015 rapis?

2266 5027 2384 5084 Stat
2413 5029 2551 5100 lapis
2581 5029 2835 5086 immotus
2863 5029 3028 5086 nimio
3058 5031 3442 5102 praepandere
3472 5029 3637 5100 ﬁxus,

2406 5117 2580 5187 Quem
2611 5119 2860 5174 residens
2890 5119 3061 5188 hostis
3090 5119 3288 5191 impius
3317 5120 3408 5176 ille
3428 5121 3638 5192 premit.

2261 5205 2492 5262 Tollitur
2515 5217 2568 5261 at
2597 5207 2774 5263 subito
2804 5208 3077 5264 Benedicti
3107 5225 3240 5265 voce
3270 5209 3434 5276 beati,

2404 5297 2556 5368 [tque
2585 5297 2774 5368 procul
2803 5314 3005 5364 sessor,
3039 5299 3324 5368 postmodo
3354 5297 3566 5353 ﬂamma
3597 5313 3775 5354 vorax.

2259 5382 2542 5439 Fratribus
2570 5393 2652 5440 est
2679 5384 2813 5442 falso
2839 5387 3164 5442 comburere
3197 5387 3310 5442 visa
3337 5387 3598 5456 culinam,

2397 5475 2465 5528 At
2491 5474 2647 5530 Pater
2674 5483 2730 5530 ut
2759 5475 2922 5539 venit,
2958 5475 3094 5531 visio
3128 5474 3259 5531 falsa
3290 5473 3447 5550 fugit.

2257 5561 2483 5616 Attritus
2513 5579 2651 5633 puer
2680 5572 2762 5619 est
2791 5564 2982 5620 murali
3010 5565 3156 5620 mole
3183 5574 3518 5636 peremptus,

2398 5649 2630 5706 Suscitat
2656 5652 2820 5720 hunc,
2853 5661 2906 5708 et
2933 5669 3072 5725 opus
3093 5654 3257 5725 jussit
3283 5655 3433 5710 adire
3460 5655 3636 5710 Pater.
