4086 6292
234 259 333 312 977
1389 257 1679 313 CARMEN
1721 255 1816 311 DE
1866 255 1922 310 S.
1980 256 2400 314 BENEDICTO.
3415 264 3518 318 978

237 381 354 437 Non
385 379 543 436 licitis
573 380 824 435 domibus
854 389 1198 452 sumpserunt
1239 382 1464 452 prandia
1495 382 1713 448 fratres,

374 470 586 524 Absens
615 470 731 540 ipse
762 470 908 524 videt
947 470 1126 542 arguit
1158 478 1209 524 et
1238 470 1482 524 nimium.

239 559 442 628 Hospes
471 559 626 612 adest
657 558 904 629 simplex,
940 575 1101 630 quem
1131 559 1271 628 cepit
1303 559 1441 613 calle
1472 560 1659 621 viator,

370 646 618 700 Mollibus
649 646 704 700 in
733 648 902 717 pratis
930 646 1162 716 prandia
1194 663 1302 717 quo
1331 648 1592 702 facerent.

237 735 422 807 Arguit
454 735 595 789 hunc
626 744 815 804 pastor
846 735 938 789 tali
969 751 1070 805 pro
1099 736 1326 790 crimine
1355 744 1592 800 sanctus,

374 825 494 878 Mox
526 823 739 877 veniam
772 824 946 894 culpae
977 825 1172 894 expetit
1204 824 1294 878 ille
1322 841 1453 878 suae.

241 913 396 966 Veste
427 912 571 965 venit
603 912 898 981 splendens
929 911 1231 966 fraudantis
1262 913 1438 984 Riggo
1468 920 1699 983 tyranni,

371 1002 492 1054 Non
524 1008 615 1054 tua
649 1007 792 1062 sunt,
827 1000 1015 1070 inquit,
1049 1017 1169 1071 qua:
1210 1009 1297 1054 tua
1327 1002 1489 1055 dorsa
1518 1009 1718 1073 gerunt

231 1089 400 1144 Totila
425 1104 521 1143 rex
551 1089 772 1142 veniens
803 1096 1075 1158 prostrato
1102 1104 1330 1158 corpore
1362 1086 1607 1160 supplex,

372 1177 643 1232 Praescin't
673 1177 794 1231 vitae
824 1177 1112 1232 commoda
1141 1185 1335 1232 cuncta
1369 1195 1497 1233 suae.

238 1266 321 1320 Bis
346 1265 522 1336 quinis
552 1265 707 1319 annis
738 1265 994 1319 retinebis
1025 1266 1262 1320 culmina
1295 1267 1470 1338 regni,

375 1355 522 1408 Mors
552 1354 636 1408 his
668 1355 940 1419 succedet,
973 1354 1216 1408 moribus
1247 1363 1364 1409 esto
1393 1354 1532 1425 pius.

237 1442 441 1498 Desinit
470 1443 523 1496 in
553 1441 710 1497 factis
742 1451 936 1497 extunc
968 1443 1201 1497 existere
1231 1459 1429 1507 saevus,

371 1531 624 1585 Blandior
653 1539 701 1585 et
732 1531 861 1585 vixit
891 1539 1134 1601 tempora
1170 1532 1313 1587 dicta
1343 1532 1465 1586 sibi.

233 1619 448 1683 Excole,
481 1620 667 1683 Roma,
703 1626 794 1673 tuo
824 1628 999 1674 vatem
1029 1621 1098 1674 de
1139 1621 1391 1692 dogmate
1422 1621 1659 1684 doctum,

372 1708 474 1776 Qui
505 1716 588 1762 tua
617 1724 717 1778 per
744 1709 963 1763 smclum
993 1709 1194 1763 moenia
1226 1709 1373 1764 salva
1402 1709 1565 1764 canit.

233 1797 556 1851 Turbinibus
585 1797 765 1850 multis
808 1798 1176 1868 quassaberis,
1209 1806 1369 1868 atque
1412 1799 1674 1862 coruscis,

377 1884 555 1940 Hostis
584 1885 763 1938 nullus
794 1886 916 1950 erit,
948 1886 1038 1956 qui
1068 1894 1159 1940 tua
1191 1895 1344 1956 septa
1375 1894 1514 1940 ruat.

231 1974 350 2029 Non
379 1989 562 2029 escam
593 1974 791 2040 carnis,
823 1975 921 2029 sed
949 1991 1049 2029 nec
1081 1976 1250 2029 sacris
1290 1975 1498 2030 ordinis
1528 1991 1785 2047 unquam,

372 2062 622 2131 Excipias
653 2072 937 2133 quaestum,
973 2063 1190 2128 clerico,
1226 2064 1412 2118 salvus
1441 2063 1567 2118 eris.

236 2150 358 2205 Haec
388 2151 476 2204 ubi
508 2151 850 2220 contempsit,
883 2151 1079 2220 repetit
1108 2168 1268 2222 quem
1299 2151 1531 2222 liquerat
1558 2152 1708 2217 olim,

371 2240 438 2294 Ut
467 2246 615 2294 vates
643 2247 862 2294 sanctus
900 2239 1124 2304 dixerat,
1159 2239 1246 2293 ille
1278 2240 1473 2294 malus.

232 2326 426 2382 Omnia
456 2344 576 2397 quae
605 2328 886 2382 monachis
915 2328 1170 2400 congessi
1210 2345 1436 2383 munere
1465 2329 1682 2394 Christi,

368 2415 630 2470 Gentibus
660 2416 878 2470 arbitrio
909 2417 1104 2470 tradita
1144 2425 1265 2470 sunt
1297 2417 1530 2472 Domini.

232 2503 326 2557 Vix
355 2504 503 2574 potui
532 2504 783 2573 precibus
815 2505 1100 2558 Dominum
1135 2521 1357 2559 exorare
1397 2522 1706 2576 supernum,

371 2593 438 2646 Ut
467 2592 594 2645 mihi
623 2593 708 2646 vel
739 2591 964 2646 fratrum
991 2594 1208 2648 cederet
1240 2593 1354 2662 ipse
1384 2595 1610 2648 animas.

229 2681 356 2734 Post
383 2680 726 2750 Langobardi
757 2680 1037 2735 venientes
1063 2689 1306 2751 tempore
1336 2681 1529 2748 noctis,

370 2769 576 2823 Caetera
606 2777 878 2824 vastantes
908 2778 1102 2824 cuncta
1123 2770 1290 2824 tulere
1322 2770 1499 2824 simul.

228 2856 427 2912 Eterni
457 2857 603 2927 regis
632 2857 821 2911 salvati
851 2874 1075 2912 munere
1104 2857 1318 2921 fratres,

369 2945 464 2999 Illo
494 2961 595 3000 nec
625 2945 747 2999 laedi
778 2945 845 2999 de
875 2962 1043 3018 grege
1081 2946 1202 3017 quis
1231 2946 1421 3016 potuit.

225 3033 335 3088 Vas
367 3033 560 3088 retinet
589 3050 815 3104 serpens
847 3034 1175 3107 absconsum
1206 3035 1439 3103 tramite,
1476 3034 1570 3103 fili,

369 3123 647 3177 Admoneo
679 3129 735 3175 ut
765 3121 940 3177 solers
970 3139 1200 3194 vergere
1238 3139 1363 3177 mox
1396 3124 1633 3179 studeas.

226 3210 475 3281 Mappula
506 3211 656 3265 testis
685 3212 856 3274 adest,
889 3212 1089 3266 retines
1119 3228 1283 3282 quam
1313 3221 1552 3282 pectore,
1587 3213 1775 3278 frater,

367 3299 474 3353 Cur
500 3299 753 3370 ingressa
783 3307 931 3354 tuum
961 3301 1201 3372 nequitia
1232 3309 1313 3356 est
1356 3301 1627 3373 gremium
1647 3302 1674 3354 ?

219 3388 344 3442 Non
375 3387 515 3442 clam
544 3389 696 3442 Patre
729 3397 968 3455 manent,
1003 3405 1123 3460 quae
1151 3389 1316 3444 voluit
1345 3398 1524 3445 mente
1556 3390 1811 3461 superba,

369 3476 621 3531 Praebens
647 3478 882 3532 cmnanti
919 3477 1134 3531 luminis
1165 3477 1418 3533 officium.

224 3565 441 3619 Fratres
470 3581 535 3620 en
565 3565 726 3620 hodie
758 3565 935 3620 nullus
967 3574 1048 3620 est
1076 3567 1229 3636 panis
1255 3566 1310 3621 in
1346 3567 1509 3636 areis,

365 3653 499 3707 Cras
530 3653 727 3722 pietate
758 3653 856 3709 Dei
885 3654 1039 3724 copia
1067 3654 1220 3724 panis
1251 3655 1364 3710 erit.

223 3741 294 3795 Iis
325 3757 478 3796 sacra
510 3742 740 3796 ccenobii
771 3749 1025 3814 satagunt
1060 3743 1150 3814 qui
1188 3760 1393 3813 ponere
1426 3753 1598 3815 septa,

364 3833 558 3884 Astans
588 3847 687 3900 per
717 3847 964 3885 somnum
997 3832 1233 3886 condere
1265 3841 1527 3887 monstrat
1556 3850 1712 3904 opus.

220 3917 541 3972 Redduntur
568 3919 788 3972 tumulis
817 3936 916 3989 per
945 3936 1088 3988 eum,
1132 3937 1251 3992 quae
1282 3937 1433 3976 more
1465 3938 1680 3976 sorores

368 4006 426 4059 In
457 4005 715 4061 famulum
743 4007 937 4062 Christi
968 4007 1126 4061 noxia
1159 4009 1321 4062 verba
1352 4010 1570 4063 dabant.

221 4093 401 4148 Patria
426 4111 658 4166 namque
686 4111 822 4165 puer
851 4096 979 4149 dum
1007 4103 1147 4150 tecta
1177 4096 1397 4167 requirit
1427 4098 1642 4162 anhele,

367 4184 608 4251 Injussus
639 4200 877 4255 pergens
907 4192 1148 4238 mortuus
1178 4192 1258 4239 est
1287 4185 1437 4238 inibi.

216 4272 392 4341 Hujus
424 4287 529 4325 non
559 4273 730 4342 potuit
759 4288 958 4342 corpus
988 4273 1224 4328 retinere
1271 4273 1596 4344 sepulcrum,

369 4360 476 4415 Sed
507 4360 722 4414 Domini
753 4359 984 4415 famulus
1015 4362 1067 4415 id
1099 4362 1321 4416 sociavit
1352 4363 1536 4417 humo.

217 4447 334 4504 Ore
361 4456 550 4519 patens
580 4449 775 4521 anguis
805 4450 984 4504 medio
1016 4458 1115 4503 stat
1147 4451 1281 4505 calle
1313 4452 1602 4524 malignus,

365 4535 538 4604 Quem
569 4553 796 4592 cernens
829 4537 994 4592 frater
1020 4539 1088 4592 ad
1120 4539 1210 4608 pia
1241 4549 1390 4610 septa
1417 4542 1570 4596 redit.

214 4625 471 4682 Rusticus
502 4626 798 4681 adveniens
827 4627 1034 4681 variato
1063 4643 1291 4698 corpore
1324 4630 1491 4700 lepra,

364 4715 610 4770 Abcessit
642 4731 834 4784 sospes
861 4715 1214 4787 glorificando
1245 4719 1438 4772 Deum.

215 4805 397 4857 Aurea
427 4803 570 4857 dona
595 4803 740 4857 Patri
770 4803 1067 4858 funduntur
1096 4805 1306 4859 coalitus
1335 4807 1497 4875 almo,

367 4893 434 4947 Ut
463 4908 695 4962 poscens
723 4893 936 4962 habeat,
964 4894 1144 4948 debita
1169 4911 1274 4966 quo
1304 4897 1532 4966 redigat.

215 4981 328 5035 Vas
357 4981 586 5035 vitreum
617 4981 816 5035 montis
845 4999 942 5052 per
971 4999 1102 5036 saxa
1141 4985 1376 5053 patentia
1407 5002 1665 5051 mersum,

363 5069 595 5124 lllaasum
625 5078 831 5140 perstat
860 5085 1018 5125 omne
1050 5079 1239 5126 tenens
1269 5072 1467 5128 oleum.

215 5168 351 5223 Post
382 5168 668 5222 Dominum
699 5168 942 5240 rogitans
987 5169 1188 5223 dolium
1219 5171 1508 5241 complevit
1537 5173 1700 5240 olivo,

359 5259 494 5311 Ante
527 5258 671 5328 quod
705 5258 804 5311 hoc
834 5257 1047 5327 penitus
1087 5259 1360 5313 exstiterat
1389 5277 1638 5316 vacuum.

211 5344 340 5414 Quo
371 5361 656 5417 properas.
693 5347 912 5412 Satana,
947 5347 1284 5403 medicorum
1334 5366 1482 5404 more
1511 5359 1729 5422 paratus
1749 5353 1778 5407 ?

350 5517 452 5583 AL,
477 5529 597 5581 quos
619 5517 766 5569 terris
785 5517 947 5584 junxit
972 5520 1021 5570 et
1055 5520 1212 5571 aethra
1237 5521 1384 5576 Deus.

1846 380 1900 440 A

2074 381 2227 436 Vado
2259 381 2360 436 tuis
2389 391 2574 452 potum
2605 382 2862 438 fratribus
2892 392 2948 438 ut
2979 384 3229 439 tribuam.

1923 471 2158 524 Dextera
2187 480 2367 526 sancta
2399 487 2586 526 senem
2616 488 2738 526 mox
2770 473 2860 527 illo
2890 473 3135 528 daemone
3164 480 3383 544 captum

2067 559 2308 614 Salvavit
2341 561 2528 625 Patris,
2562 560 2766 630 depulit
2793 570 2844 615 et
2877 562 3149 616 Satanam.

1923 646 2176 703 Rusticus
2205 649 2502 703 adveniens
2529 650 2854 704 constrictus
2875 649 3096 704 brachia
3117 649 3267 716 loris,

2065 736 2149 789 Ad
2179 736 2414 805 primum
2445 737 2616 791 sancti
2647 737 2872 792 solvitur
2901 737 3168 791 intuitum.

1924 823 2162 878 Postulat
2191 824 2416 878 orbatus
2447 825 2602 878 reddi
2633 825 2734 878 sibi
2765 825 2967 898 pignus
3000 825 3336 896 ademptum,

2065 911 2199 964 Cum
2229 911 2428 984 rogitat
2460 921 2697 980 sanctus,
2732 913 2842 966 vita
2873 913 3010 967 redit
3039 929 3230 983 puero.

1923 999 2090 1054 Sacra
2120 1015 2274 1054 soror
2300 1001 2554 1070 precibus
2584 999 2894 1055 diffundens
2937 1001 3148 1056 cmlitus
3175 1002 3408 1068 inbrem,

2063 1087 2296 1142 Invitum
2328 1105 2513 1142 secum
2544 1097 2704 1144 nocte
2742 1089 2956 1144 Patrem
2987 1090 3196 1144 retinet.

1922 1176 2047 1229 Post
2073 1177 2310 1230 triduum
2341 1175 2508 1230 frater
2540 1177 2790 1248 gaudens
2819 1178 2887 1232 de
2917 1186 3092 1232 morte
3123 1177 3347 1247 sororis,

2063 1265 2212 1318 Hanc
2243 1264 2463 1318 tumulat
2492 1265 2714 1334 proprio
2743 1265 2990 1335 protinus
3026 1265 3081 1319 in
3118 1265 3345 1321 tumulo.

1922 1351 2090 1406 Unica
2121 1361 2430 1406 sanctorum
2464 1353 2657 1408 retinet
2685 1369 2828 1408 nunc
2857 1369 2983 1408 arca
3010 1355 3242 1408 duorum

2063 1441 2314 1510 Pignera,
2399 1457 2534 1512 quos
2566 1443 2749 1496 aethrae
2766 1442 2960 1510 junxit,
3003 1443 3276 1514 humoque
3309 1444 3473 1498 Deus.

1921 1529 2242 1584 Sanctorum
2274 1529 2360 1584 hic
2388 1529 2596 1584 animas
2625 1530 2691 1584 ad
2726 1531 2849 1586 cmli
2877 1531 3072 1600 gaudia
3105 1531 3274 1587 cernit

2061 1617 2339 1687 Angelicis
2367 1617 2508 1671 ulnis
2538 1619 2640 1672 hoc
2669 1635 2768 1688 per
2798 1619 2954 1673 inane
2984 1620 3128 1674 vehi.

1847 1733 1900 1792 B
1921 1705 2084 1759 Totus
2113 1706 2266 1760 adest
2297 1706 2443 1760 orbis
2474 1707 2734 1762 collectus
2767 1707 2896 1762 solis
2925 1708 2994 1761 ab
3024 1707 3211 1773 instar,

2061 1795 2329 1864 Tempore
2359 1795 2456 1848 sub
2487 1795 2659 1850 noctis
2688 1795 2916 1862 visibus,
2949 1796 3107 1864 alme,
3140 1795 3266 1850 tuis.

1918 1882 2094 1937 Testis
2122 1883 2275 1937 adest
2304 1883 2503 1948 meriti,
2539 1884 2852 1939 Servandus
2882 1884 3121 1950 nomine,
3155 1883 3359 1958 magni,

2060 1971 2219 2026 Lucis
2248 1971 2392 2026 enim
2422 1980 2629 2042 partem
2661 1973 2834 2028 cernit
2860 1982 2913 2028 et
2942 1973 3058 2044 ipse
3089 1973 3266 2028 simul.

1920 2059 2146 2132 Regula,
2179 2068 2365 2115 sancte
2394 2062 2567 2129 Pater,
2597 2061 2796 2116 multos
2826 2069 2915 2116 tua
2943 2062 3101 2116 mittit
3131 2063 3196 2116 ad
3227 2063 3475 2128 aethram,

2064 2149 2394 2204 Consocians
2423 2150 2627 2206 sanctis
2649 2151 2755 2207 hoc
2785 2167 2952 2221 super
2984 2159 3126 2206 astra
3157 2151 3356 2207 choris.

1920 2237 2078 2292 Flans
2107 2237 2322 2292 Domini
2353 2237 2587 2293 famulus
2616 2239 2850 2294 animam
2880 2255 3003 2295 cum
3045 2240 3293 2294 laudibus
3324 2239 3483 2294 almis

2063 2324 2284 2380 Mirifica
2315 2327 2460 2381 scala
2489 2328 2704 2382 scandit
2735 2328 2803 2381 ad
2833 2335 2981 2382 astra
3009 2328 3147 2398 poli.

1917 2415 2081 2469 Pallia
2113 2407 2429 2468 sternuntur
2457 2415 2640 2470 divino
2668 2415 2871 2471 lumine
2899 2416 3084 2481 mixta,

2059 2503 2175 2570 Qua
2207 2519 2362 2558 sacer
2393 2504 2638 2557 ascendit
2674 2504 2742 2556 ad
2782 2519 2938 2558 sacra
2969 2520 3138 2575 regna
3167 2505 3342 2558 Pater.

1918 2591 2134 2645 Perdita
2163 2599 2342 2645 mente
2371 2607 2596 2646 manens
2627 2592 2821 2647 mulier
2847 2608 2948 2663 per
2973 2592 3133 2646 devia
3160 2592 3453 2657 scandens,

2059 2679 2228 2747 Hujus
2259 2679 2407 2733 salva
2437 2679 2532 2734 fuit
2563 2696 2687 2735 cum
2717 2696 2914 2751 specus
2943 2681 3162 2737 introiit.

1916 2766 2147 2822 Plurima
2177 2767 2333 2839 signa
2363 2768 2460 2822 tibi
2491 2769 2762 2824 concessit
2799 2770 2977 2840 gratia
3006 2770 3224 2841 Christi,

2056 2855 2103 2909 O
2133 2856 2290 2910 Pater
2320 2856 2570 2926 insignis,
2602 2874 2722 2928 qua;
2741 2857 2906 2914 modo
2935 2874 3096 2914 nemo
3125 2859 3283 2918 sciat.

1916 2943 2023 2998 Sed
2041 2959 2162 3015 quae
2191 2952 2487 2999 noscuntur
2512 2961 2612 3016 per
2641 2945 2826 2999 mundi
2857 2945 3090 3015 climata,
3126 2949 3377 3020 quisnam

2056 3033 2122 3086 Ut
2153 3039 2246 3086 tua
2275 3031 2415 3087 facta
2447 3033 2621 3097 decet,
2656 3049 2895 3106 pangere
2936 3035 3033 3090 rite
3061 3037 3269 3106 queat?

2453 3083 2621 3097 ----
2656 3083 2893 3106 --
2936 3083 3031 3090 --
3063 3083 3221 3106 -
3248 3083 3260 3090 -

1845 3083 1895 3144 C
1916 3117 2118 3186 Quaeve
2147 3119 2350 3174 micant
2377 3120 2540 3174 hodie
2568 3121 2848 3192 signorum
2883 3121 3022 3177 facta
3048 3122 3311 3193 priorum,

2055 3207 2412 3277 Temporibus
2441 3209 2644 3262 nostris
2674 3216 2829 3282 gesta
2855 3209 2961 3264 tuis
2991 3211 3244 3266 meritis?

1913 3295 2164 3350 Andreas
2195 3297 2397 3350 etenim
2427 3297 2704 3352 Germano
2744 3298 2992 3370 germine
3023 3308 3222 3367 cretus,

2057 3384 2237 3438 Rectis
2267 3400 2375 3440 non
2405 3402 2642 3458 unquam
2674 3387 2955 3457 gressibus
2979 3388 3056 3444 ire
3085 3389 3272 3445 valens
3298 3411 3311 3457 ;

1913 3473 2034 3528 Mox
2063 3480 2119 3526 ut
2148 3473 2449 3543 promeruit
2480 3481 2570 3528 tua
2592 3475 2778 3530 limina
2797 3483 3024 3548 tangere
3047 3478 3254 3549 templi,

2055 3561 2338 3631 Extemplo
2370 3579 2561 3632 sospes
2591 3563 2752 3619 dante
2782 3563 2879 3619 fuit
2919 3565 3159 3621 domino.

1914 3649 2064 3703 Alter
2096 3658 2402 3720 serpentem
2433 3659 2653 3722 gestans
2682 3652 2736 3706 in
2767 3660 2956 3708 ventre
2986 3653 3263 3723 latentem,

2057 3737 2372 3793 Obstaclum
2402 3739 2609 3793 nullum
2640 3741 2727 3796 cui
2755 3741 3027 3798 medicina
3057 3741 3252 3811 dabat;

1915 3825 2170 3881 Concitus
2199 3828 2304 3882 huc
2335 3829 2606 3882 scandens
2635 3829 2848 3899 pietatis
2887 3847 3114 3886 munera
3142 3848 3396 3903 poscens,

2057 3916 2142 3969 Ad
2171 3923 2263 3970 tua
2293 3917 2538 3986 parvenit
2566 3917 2764 3972 lumina
2787 3927 2988 3988 sancta,
3023 3921 3200 3976 Pater.

1914 4003 2163 4058 Evomito
2193 4004 2420 4058 colubro
2447 4013 2736 4076 postquam
2768 4014 2860 4060 tua
2888 4007 3075 4062 limina
3104 4009 3334 4074 scandit,

2059 4092 2291 4145 Perstitit
2321 4091 2608 4147 incolumis
2637 4093 2725 4149 hic
2755 4095 2953 4164 pietate
2981 4095 3099 4153 Dei.

1914 4180 2152 4250 Corpore
2183 4189 2494 4236 contractus
2526 4181 2712 4252 genuit
2741 4199 2903 4253 quem
2938 4183 3210 4241 Cimbrica
3239 4185 3402 4242 tellus

2056 4268 2300 4340 Erigitur
2329 4270 2534 4340 templi,
2569 4270 2758 4336 David,
2794 4271 2848 4325 in
2876 4272 2992 4326 aade
3019 4273 3114 4328 tui.

1917 4384 2035 4449 Eia,
2058 4384 2212 4440 beate
2243 4386 2419 4453 Pater,
2454 4393 2601 4442 tanto
2619 4387 2708 4458 qui
2748 4387 2950 4442 lumine
2980 4398 3222 4458 praestas,

1917 4473 2148 4528 Sedibus
2179 4473 2230 4527 in
2263 4475 2476 4545 superis
2505 4483 2656 4530 tanta
2683 4475 2880 4546 pietate
2910 4492 3190 4544 coruscus,

1917 4564 2048 4617 Esto
2078 4562 2180 4616 tuis
2212 4562 2428 4618 famulis
2459 4573 2662 4630 custos,
2699 4565 2993 4636 doctorque
3024 4584 3123 4636 per
3143 4584 3316 4622 aevum
3353 4586 3365 4622 :

1916 4652 1998 4706 Ne
2028 4651 2186 4721 lupus
2215 4653 2499 4720 insidians,
2535 4654 2704 4709 hostis
2735 4669 2803 4708 ne
2831 4653 3058 4723 pestifer
3093 4672 3332 4728 unquam

1914 4751 1993 4805 De
2027 4768 2198 4826 grege
2228 4752 2376 4806 tollat
2404 4769 2580 4819 ovem,
2615 4760 2839 4829 pr0prio
2871 4778 3034 4833 quem
3065 4761 3184 4830 jure
3216 4770 3474 4819 retentas.

1917 4847 2364 4921 Berthariumque
2395 4858 2541 4905 tuum
2575 4851 2832 4911 famulum
2864 4875 2949 4914 me
2978 4867 3225 4930 protege,
3261 4877 3440 4928 serva,

1918 4951 2122 5004 Ductus
2151 4963 2338 5002 amore
2369 4956 2458 5003 tuo
2487 4951 2578 5021 qui
2606 4954 2846 5009 carmina
2877 4957 3004 5012 vilia
3035 4959 3298 5030 prompsi.

1919 5043 2034 5097 Hoc
2062 5044 2208 5097 Deus
2238 5044 2599 5116 omnipotens,
2623 5049 2801 5105 salvos
2830 5051 2918 5123 qui
2949 5053 3031 5106 vis
3062 5052 3178 5108 fore
3207 5066 3453 5114 cunctos.

1917 5141 2022 5211 Qui
2055 5142 2252 5196 coelum
2278 5151 2586 5214 terramque
2618 5148 2766 5220 regis
2798 5165 2897 5219 per
2938 5151 3156 5219 saacula,
3192 5154 3408 5211 Christe

1919 5237 2028 5290 Des
2059 5237 2308 5306 petimus,
2345 5254 2444 5294 nec
2476 5255 2583 5293 non
2614 5242 2852 5310 paradisi
2883 5245 3086 5316 gaudia
3126 5247 3303 5316 nobis,

1913 5331 2180 5395 Omnibus
2209 5343 2260 5393 ct
2289 5353 2447 5392 veras
2478 5337 2682 5394 tribuas
2713 5339 2828 5396 sine
2859 5339 2966 5402 fine
2997 5359 3248 5407 coronas.
