4086 6310
541 249 646 306 9⁸79

1625 247 1927 305 ΑΡΡΕΝΙ).
1985 251 2080 306 ΑΙ)
2121 249 2177 306 S.
2237 251 2661 309 BERTARIUM.

3747 260 3854 312 980

607 761 612 770 ι
1210 589 1694 706 APPENDIX
1789 590 1910 706 ιιι
2007 589 2152 706 scl

2251 590 2422 708 ΡῘΔ
2507 590 2594 708 8.
2652 589 3090 708 BEBTABII

733 805 1174 936 VITA
1269 805 1386 936 S.
1482 801 2775 938 SCHOLASTICZE
2894 812 3699 948 VIRGINIS

1785 1021 1842 1076 S.
1905 1019 2280 1076 BENEDICTI
2332 1020 2654 1080 SORORIS.

588 1139 698 1202 Ea:
741 1141 1017 1204 homilia
1047 1145 1118 1204 in
1145 1145 1289 1220 ejus
1317 1147 1530 1208 natali
1559 1145 1812 1222 habita,
1847 1164 1995 1224 quae
2015 1147 2213 1206 Bedae
2253 1149 2622 1212 Venerabili
2664 1153 2888 1231 vulgo,
2922 1154 3034 1214 sed
3074 1155 3419 1232 immerito,
3452 1157 3800 1220 tribuitur.

616 1439 668 1490 ί.
695 1429 838 1500 Quia
865 1430 1070 1504 beata-4
1090 1431 1442 1489 Scholastica
1485 1433 1725 1488 natalitia
1755 1433 2001 1504 colimus,
2034 1435 2142 1490 fra-
2169 1435 2226 1496 A
2247 1443 2490 1499 midabas
2508 1443 2537 1498 τ
2563 1459 2633 1498 an
2651 1459 2848 1500 munus
2863 1445 3095 1516 parabas
3115 1446 3260 1518 quod
3279 1445 3451 1503 ferres
3465 1446 3493 1500 ?
3521 1463 3590 1502 an
3612 1447 3838 1504 forsitan

546 1533 657 1580 tres
684 1519 1010 1585 charissimi,
1047 1519 1177 1576 libet
1209 1520 1278 1576 de
1311 1521 1428 1591 ejus
1459 1521 1583 1577 vitae
1612 1522 1820 1578 meritis
1850 1523 2056 1595 aliquid
2083 1524 2152 1579 de

545 1611 656 1668 vita
685 1608 984 1665 beatissimi
1016 1606 1294 1665 Benedicti
1324 1609 1452 1664 huic
1489 1610 1752 1681 cpusculo
1781 1611 2148 1678 introducere,

545 1707 606 1757 ut
634 1706 848 1771 quantae
879 1696 1222 1754 excellentiae
1251 1697 1548 1753 sanctitatis
1578 1697 1765 1766 fuerit,
1800 1699 2014 1756 silentio
2041 1716 2152 1755 non

546 1795 785 1860 tegatur.
820 1785 930 1842 Sed
956 1783 1211 1856 primitus
1243 1785 1600 1856 omnipotenti
1615 1787 1730 1842 Deo
1758 1803 1954 1858 preces
1975 1787 2152 1843 mitia-

552 1891 693 1943 mus,
727 1873 821 1946 qui
846 1873 1031 1932 omnia
1076 1871 1158 1946 in:
1175 1873 1439 1946 sapientia
1485 1873 1633 1941 fecit,
1681 1883 1739 1930 ut
1779 1875 1896 1946 ipse
1950 1876 2150 1932 donare

551 1963 828 2036 dignetur,
863 1963 992 2034 quia
1017 1961 1274 2034 dignatus
1317 1969 1401 2016 est
1428 1961 1613 2018 dicere
1639 1981 1650 2016 :
1673 1963 1777 2030 Qui
1791 1964 1920 2019 sitit
1939 1966 2146 2030 veniat,

554 2057 612 2110 et
627 2053 795 2117 bibat,
821 2054 877 2107 et
887 2051 952 2106 de
965 2055 1160 2106 ventre
1175 2051 1298 2122 ejus
1317 2051 1499 2119 ﬂuent
1519 2067 1676 2123 aqua:
1687 2053 1821 2106 vivae
1841 2052 2022 2122 (Joan.
2048 2068 2146 2122 vn,

555 2143 668 2212 37),
700 2146 760 2194 ut
786 2146 966 2210 ccepta
994 2138 1075 2194 sic
1103 2138 1268 2211 digne
1296 2153 1706 2210 prosequamur,
1736 2147 1793 2194 ut
1812 2147 1973 2195 tanta;
2003 2139 2152 2196 festi-

553 2227 736 2286 vitatis
792 2227 1057 2300 pertineat
1111 2226 1183 2281 ad
1238 2226 1520 2294 honorem,
1565 2234 1618 2282 et
1661 2235 1854 2286 vestrae
1901 2229 2152 2286 charitati

555 2317 802 2391 praebeat
830 2315 1244 2372 incrementum.

621 2427 675 2482 2.
710 2421 875 2479 Soror
901 2437 1140 2494 namque
1171 2423 1287 2492 ejus
1330 2421 1662 2478 Scholastica
1709 2422 1798 2494 (ex
1847 2423 2018 2497 Greg.
2051 2425 2145 2490 M.,

552 2512 654 2568 lib.
694 2527 735 2568 ιι
764 2512 1003 2584 Dialog.,
1028 2526 1078 2568 c.
1110 2512 1206 2581 23)
1243 2510 1596 2582 omnipotenti
1639 2511 1872 2567 Domino
1914 2513 1985 2568 ab
2030 2513 2150 2584 ipso

551 2599 790 2657 infantia:
817 2607 1065 2670 tempore
1091 2599 1288 2666 dicata,
1321 2599 1391 2654 ad
1426 2614 1550 2654 eum
1604 2600 1774 2654 semel
1821 2616 1918 2672 per
1947 2616 2150 2656 annum

550 2689 737 2748 venire
767 2695 1150 2746 consueverat.
1191 2687 1448 2742 Primitus
1477 2688 1700 2760 quidem
1737 2689 1993 2744 virtutem
2013 2691 2149 2746 tanti

2255 1539 2460 1587 tantum
2507 1540 2558 1587 et
2589 1533 2758 1588 semel
2803 1533 2862 1588 in
2907 1545 3051 1589 anno
3099 1533 3422 1590 fecundabat
3464 1535 3640 1590 bonus
3677 1537 3851 1592 frater

2251 1636 2370 1676 rore
2399 1620 2554 1676 verbi
2597 1620 2855 1687 ccelestis,
2921 1630 2978 1676 ut
3029 1621 3335 1678 madefacta
3381 1623 3643 1678 mentium
3689 1635 3851 1696 prata

2253 1707 2519 1764 sufﬁceret
2548 1709 2618 1764 ad
2647 1709 3041 1766 incrementum
3067 1710 3259 1766 salutis
3277 1711 3306 1766 ?
3335 1727 3406 1767 an
3435 1713 3488 1766 in
3527 1719 3714 1769 mente
3744 1714 3850 1768 ha-

2251 1796 2421 1853 bebas
2448 1797 2582 1853 illud
2597 1797 2922 1865 Salomonis,
2942 1800 3175 1856 Prohibe
3187 1800 3386 1872 pedem
3409 1804 3567 1856 tuum
3590 1803 3658 1858 de
3679 1801 3842 1859 domo

2247 1889 2503 1959 proximi
2527 1888 2629 1955 tui,
2645 1903 2717 1942 ne
2727 1889 2876 1958 forte
2895 1889 3141 1944 satiatus
3152 1888 3333 1944 oderit
3347 1892 3401 1945 te
3420 1893 3442 1944 ?
3461 1889 3646 1959 (Prov.
3663 1905 3849 1958 xxvu,

2251 1975 2329 2043 6.)
2343 1974 2551 2029 Etillud
2568 1992 2581 2028 :
2598 1975 2700 2030 Mel
2710 1976 3002 2045 invenisti,
3021 1976 3107 2044 ﬁli
3118 1979 3216 2043 mi,
3239 1978 3462 2034 comede
3473 1979 3616 2050 quod
3627 1979 3850 2050 sufﬁcit

2252 2063 2352 2118 tibi
2372 2079 2444 2118 ne
2467 2065 2616 2134 forte
2635 2064 2882 2119 satiatus
2903 2080 3121 2120 evomas
3134 2065 3281 2120 illud
3304 2064 3524 2136 ?(Prov.
3556 2081 3701 2131 xxv,
3739 2067 3852 2138 16.)

2251 2149 2342 2206 Sic
2372 2150 2450 2206 sic
2479 2159 2646 2224 agant
2677 2167 2866 2206 omnes
2897 2166 3137 2219 sorores,
3177 2167 3286 2207 non
3334 2152 3518 2208 densis
3561 2154 3850 2226 gressibus

2249 2237 2472 2294 fratrum
2500 2238 2686 2294 limina
2727 2238 3090 2311 frequentant,
3143 2255 3254 2294 non
3301 2240 3539 2296 carnalia
3567 2242 3722 2296 basia
3751 2259 3847 2298 re-

2249 2327 2480 2398 quirant,
2525 2343 2636 2383 non
2672 2327 2886 2398 ineptas
2926 2336 3182 2384 resonent
3219 2327 3449 2395 fabulas,
3499 2345 3611 2384 non
3648 2345 3851 2386 munus

2249 2413 2494 2470 deferant
2528 2423 2754 2482 tantum,
2800 2415 2945 2488 quod
2991 2416 3096 2471 tela
3138 2416 3401 2490 depingit,
3451 2417 3539 2474 vel
3582 2419 3843 2490 magistra

2249 2519 2442 2558 manus
2471 2503 2697 2559 adornat
2727 2521 2740 2558 :
2775 2519 2884 2559 non
2910 2503 3270 2572 olfactoriola,
3301 2520 3408 2560 non
3437 2505 3716 2562 variorum
3731 2507 3845 2578 pla-

2247 2600 2432 2648 centas
2463 2608 2741 2663 saporum,
2774 2593 2872 2648 sed
2888 2607 3010 2648 cum
3033 2593 3368 2649 Scholastica
3385 2608 3542 2650 sacra
3562 2596 3845 2652 Benedicti

2246 2679 2428 2735 fratris
2484 2680 2740 2752 requirite
2797 2681 3059 2751 scholam,
3117 2688 3178 2736 ut
3229 2683 3408 2755 magis
3437 2681 3562 2738 cibo
3610 2683 3845 2750 cmlesti,

550 2777 788 2834 nominis
816 2776 1171 2850 inquiramus,
1204 2783 1262 2831 ut
1295 2791 1392 2831 suo
1427 2776 1628 2832 decore
1654 2777 1830 2832 oratio
1859 2778 2134 2834 decurrat.
2171 2789 2224 2850 Β
2253 2784 2415 2840 quam
2442 2769 2588 2824 dODO
2619 2776 2830 2825 terreno
2860 2769 3053 2836 satiati,
3085 2771 3286 2826 reverti
3315 2770 3383 2826 ad
3429 2771 3654 2843 propria
3682 2786 3853 2844 quea-

555 2865 888 2924 Scholastica
917 2864 1063 2920 enim
1091 2881 1122 2919 a
1151 2863 1350 2921 Schola
1371 2864 1668 2931 derivatur,
1693 2881 1820 2937 quas
1835 2874 1917 2920 est
1933 2867 2152 2936 sapien-

553 2955 644 3012 tia
672 2955 853 3010 nutrix
883 2971 898 3010 ε
931 2954 999 3010 ab
1029 2952 1148 3025 ipsa
1173 2953 1431 3010 virtutum
1448 2953 1688 3008 onmium
1714 2969 1910 3010 norma
1930 2969 2154 3012 concre-

555 3045 678 3113 scit,
709 3053 764 3101 et
789 3052 902 3100 tota
930 3043 1102 3100 virtus
1131 3042 1329 3098 anima;
1375 3056 1577 3113 procax
1620 3041 1679 3098 ﬁt
1726 3044 1798 3100 ad
1834 3043 2152 3100 discendum

555 3135 701 3191 bona
747 3141 800 3190 et
839 3132 1002 3200 mala,
1035 3139 1093 3188 ut
1137 3141 1284 3188 recto
1331 3131 1500 3188 limite
1545 3147 1762 3188 currere
1810 3134 1982 3204 possit
2010 3134 2152 3190 viam

557 3223 764 3294 salutis,
797 3222 1033 3296 qualiter
1063 3220 1303 3293 peritura
1329 3221 1518 3276 mundi
1550 3221 1830 3292 despiciat,
1883 3237 1952 3278 ne
1982 3223 2150 3278 ober-

561 3328 693 3369 rans
720 3311 926 3369 bonum
953 3311 1116 3367 ducat
1145 3326 1244 3382 pro
1273 3310 1437 3374 malo,
1460 3311 1663 3366 malum
1683 3327 1784 3384 pro
1811 3310 1976 3382 bono,
2000 3319 2154 3368 tene-

555 3402 686 3458 bras
711 3415 810 3473 pro
839 3400 980 3466 luce,
1014 3407 1068 3456 et
1108 3399 1286 3456 lucem
1330 3414 1432 3471 pro
1461 3401 1720 3467 tenebris,
1763 3415 2010 3456 amarum
2051 3417 2151 3472 pro

555 3489 722 3557 dulci,
753 3497 806 3546 et
833 3489 993 3546 dulce
1018 3504 1120 3560 pro
1149 3503 1360 3556 amoro,
1393 3495 1446 3544 et
1471 3487 1787 3545 discernere
1829 3489 2002 3560 possit
2030 3507 2152 3562 quae

553 3578 728 3636 virtus
757 3577 826 3633 sit
854 3577 1093 3649 spiritus,
1125 3593 1246 3650 quae
1275 3576 1478 3644 carnis,
1509 3593 1577 3633 ne
1625 3577 1919 3634 indiscrete
1957 3585 2153 3634 cuncta

549 3682 845 3740 peragens,
879 3666 953 3721 ibi
981 3665 1184 3722 bonum
1214 3666 1421 3738 eligere
1451 3674 1649 3737 speret,
1685 3667 1776 3722 ubi
1802 3675 1914 3722 tota
1942 3675 2024 3722 est
2045 3683 2154 3722 ma-

555 3755 684 3812 litiae
715 3769 909 3811 norma
933 3762 990 3809 ιιι
1019 3763 1102 3810 est
1141 3754 1274 3810 illud
1307 3771 1321 3810 :
1355 3753 1460 3824 Qui
1496 3771 1606 3811 non
1653 3755 1812 3811 fuerit
1853 3755 2152 3827 discipulus

553 3843 816 3911 veritatis,
853 3842 957 3898 erit
983 3842 1249 3916 magister
1288 3843 1510 3899 erroris.

625 3954 678 4008 3.
701 3951 810 4008 Sed
825 3950 1104 4007 videamus
1125 3950 1245 4023 quis
1261 3951 1423 4021 hujus
1441 3957 1603 4007 tantas
1619 3950 1822 4006 sororis
1843 3951 2014 4022 possit
2030 3967 2153 4010 esse

555 4056 854 4115 germanus
881 4055 980 4112 per
1006 4039 1187 4096 omnia
1215 4039 1538 4096 Benedictus
1563 4055 1674 4095 non
1703 4039 1880 4096 solum
1909 4039 2150 4108 nomine,

2252 2856 2342 2912 tis.
2379 2856 2634 2930 Sequitur
2666 2873 2678 2912 :

2323 2983 2376 3036 5.
2406 2980 2490 3036 Ad
2519 2996 2685 3054 quam
2715 2980 2796 3036 vir
2842 2981 2942 3037 Dei
2990 2997 3101 3037 non
3143 2982 3308 3056 longe
3355 2990 3508 3038 extra
3536 2983 3766 3053 januam
3796 2985 3853 3042 in

2250 3069 2599 3140 possessione
2629 3070 2944 3126 monasterii
2975 3070 3362 3127 descendebat.
3397 3070 3573 3140 Quam
3609 3082 3848 3140 sanctus,

2251 3173 2417 3230 quam
2442 3159 2692 3230 pudicus,
2723 3174 2888 3232 quam
2917 3159 3190 3215 discretus
3219 3175 3476 3216 accessus
3501 3159 3514 3216 Ι
3549 3169 3609 3215 ιιι
3640 3161 3850 3236 fragilis

2251 3263 2414 3302 sexus
2464 3263 2576 3302 non
2627 3247 2975 3314 lascesseret,
3033 3247 3226 3304 obvius
3275 3246 3437 3303 frater
3482 3251 3743 3318 occurrit,
3781 3267 3852 3306 ne

2250 3335 2386 3392 forte
2416 3335 2569 3392 labor
2589 3336 2798 3392 itineris
2827 3335 3108 3408 frangeret
3135 3335 3331 3392 mentis
3360 3336 3727 3394 devotionem.
3761 3341 3847 3394 An

2249 3425 2495 3481 illicitum
2523 3425 2798 3492 cernebat,
2825 3432 2883 3480 ut
2916 3424 2972 3480 in
3007 3425 3140 3480 tanti
3169 3425 3334 3480 limen
3372 3425 3622 3481 Cmnobii
3651 3427 3852 3484 calcari

2249 3513 2484 3570 femineo
2515 3514 2653 3584 pede
2681 3514 3008 3570 debuisset?
3037 3530 3105 3568 an
3145 3513 3367 3570 forsitan
3393 3515 3740 3571 saecularium
3769 3516 3847 3572 la-

2248 3609 2417 3657 tratus
2444 3603 2664 3670 vitabat,
2699 3603 2792 3674 qui
2821 3603 2994 3658 bonos
3021 3603 3410 3661 monachorum
3440 3619 3624 3659 mores
3657 3605 3848 3660 canino

2249 3707 2400 3746 more
2452 3691 2758 3758 devastant,
2791 3699 2845 3747 et
2877 3692 2982 3748 hoc
3037 3692 3258 3748 credant
3306 3690 3363 3746 in
3390 3691 3497 3746 illis
3551 3693 3701 3764 quod
3739 3692 3850 3748 suis

2249 3780 2410 3836 malis
2437 3779 2647 3836 actibus
2670 3795 2836 3854 agere
2865 3796 2974 3836 non
3000 3787 3258 3838 recusant
3288 3797 3302 3834 :
3337 3786 3391 3834 et
3413 3779 3460 3835 si
3489 3780 3594 3837 hoc
3613 3781 3684 3837 de
3701 3788 3849 3836 tanto

2251 3869 2404 3924 Patre
2421 3885 2642 3940 sperare
2658 3869 2904 3924 illicitum
2923 3877 3089 3935 esset,
3112 3869 3182 3924 de
3200 3867 3562 3924 tenerioribus
3572 3869 3852 3942 discipulis

2251 3956 2436 4012 inﬂato
2463 3965 2683 4030 gutture
2713 3957 3011 4029 crisparent
3043 3957 3338 4014 cachinnos
3358 3957 3387 4012 ?
3409 3956 3618 4014 Idcirco
3657 3974 3767 4015 non
3793 3957 3847 4013 in

2253 4045 2598 4116 secularium,
2633 4047 2730 4102 sed
2760 4045 2816 4100 in
2857 4046 3092 4118 propriis
3137 4045 3578 4118 possessionibus
3615 4047 3849 4104 descen-

558 4130 656 4187 sed
685 4144 870 4202 opere,
901 4144 1010 4184 non
1041 4129 1220 4185 solum
1245 4129 1300 4183 in
1331 4129 1506 4195 terris,
1548 4129 1646 4185 sed
1688 4129 1850 4184 etiam
1881 4128 1936 4184 in
1974 4129 2148 4184 oculis.
2173 4149 2223 4212 α
2251 4134 2410 4190 bebat
2440 4135 2600 4190 Pater
2625 4133 2912 4191 almiﬁcus.
2947 4134 3204 4206 Sequitur
3238 4153 3252 4190 :

556 4219 662 4274 Ista
691 4234 799 4274 non
830 4219 887 4273 in
916 4218 1364 4290 philosophorum
1401 4217 1591 4273 schola
1622 4217 1959 4274 Scholastica
1989 4217 2148 4285 facta,

560 4308 658 4364 sed
688 4307 906 4374 Christi,
939 4306 1126 4361 mundi
1154 4306 1388 4362 ludibria
1419 4305 1488 4360 ab
1515 4305 1740 4362 infantia
1768 4305 2004 4379 fugiens,
2037 4322 2155 4363 coe-

556 4397 754 4453 lestem
793 4395 897 4450 sibi
945 4411 1209 4465 sponsum
1255 4393 1458 4464 aptavit
1491 4409 1504 4449 :
1535 4393 1638 4450 iste
1667 4410 1796 4450 vero
1843 4411 1873 4450 a
1915 4395 2158 4466 pueritiae

557 4502 671 4542 suae
698 4493 946 4556 tempore
988 4483 1214 4553 abrupta
1255 4482 1508 4538 vitiorum
1556 4491 1608 4538 et
1649 4483 1948 4540 litterarum
1991 4501 2156 4540 mun-

559 4575 821 4630 danarum
867 4572 1054 4628 Romae
1099 4571 1277 4626 studia
1323 4585 1574 4637 cernens,
1621 4572 1779 4628 senili
1817 4573 1982 4629 corde
2029 4589 2155 4628 eum

559 4679 722 4735 quem
750 4662 804 4716 in
834 4661 1092 4733 ingressu
1135 4659 1322 4714 mundi
1363 4668 1640 4730 posuerat,
1686 4662 1905 4717 retraxit
1936 4662 2152 4733 pedem.

559 4751 734 4821 Quam
761 4749 892 4806 felix
920 4747 1137 4804 Nursiae
1165 4747 1343 4818 tellus,
1376 4747 1511 4804 tales
1541 4766 1662 4822 qua:
1680 4750 1840 4806 mittit
1867 4751 2115 4806 alumnos
2139 4750 2152 4806 l

563 4840 704 4896 Nam
747 4837 1019 4909 Canopica
1073 4851 1240 4910 regna
1284 4852 1452 4892 aurea
1489 4838 1708 4894 mittunt
1753 4847 2012 4910 tyrannos
2047 4857 2060 4894 :
2100 4847 2157 4894 tu

565 4927 780 4983 Christo
809 4927 994 4998 proles
1024 4941 1188 4997 super
1215 4927 1418 4983 aethera
1448 4926 1665 5000 dignos.
1709 4927 1756 4982 Ο
1793 4927 1968 4984 felicia
1995 4935 2158 4985 tantae

559 5015 776 5073 viscera
805 5015 1012 5083 matris,
1047 5031 1167 5088 quae
1187 5015 1277 5070 tali
1307 5015 1558 5090 germine
1585 5016 1805 5072 soboles
1823 5017 2025 5074 mundo
2055 5018 2156 5073 de-

557 5104 710 5168 dere.
744 5104 799 5160 id
827 5112 910 5160 est
938 5104 1332 5162 benedictionis
1360 5113 1414 5160 et
1441 5104 1742 5176 sapientiae.
1770 5106 1911 5162 Vere
1943 5107 2046 5162 ista
2076 5115 2159 5162 est

555 5193 648 5250 illa
677 5191 870 5250 fertilis
899 5194 1081 5268 gleba,
1129 5211 1247 5268 quin
1277 5201 1491 5266 sumpto
1535 5195 1743 5250 semine
1790 5194 1936 5251 aliud
1965 5203 2154 5252 cente-

551 5285 770 5350 simum,
804 5282 949 5338 aliud
978 5285 1378 5356 sexagesimum
1405 5283 1642 5339 fructum
1668 5284 1941 5356 produxit.

632 5412 686 5466 ι.
712 5409 821 5466 Sed
843 5423 939 5466 cur
967 5408 1136 5464 semel
1163 5409 1218 5464 in
1247 5424 1391 5466 anno
1421 5417 1612 5466 sancta
1653 5425 1812 5466 soror
1853 5410 2109 5466 veniebas
2129 5410 2158 5466 ?

2325 4264 2376 4316 6.
2411 4257 2652 4328 Quadam
2683 4275 2811 4316 vero
2841 4259 2930 4316 die
2960 4260 3107 4316 venit
3133 4277 3200 4317 ex
3229 4276 3399 4328 more,
3441 4269 3604 4334 atque
3633 4261 3704 4316 ad
3731 4275 3848 4318 eam

2254 4364 2378 4404 cum
2404 4347 2688 4419 discipulis
2715 4349 3039 4405 venerabilis
3070 4349 3188 4418 ejus
3217 4348 3383 4406 frater
3431 4349 3737 4406 descendit.
3768 4351 3848 4406 Ex

2254 4453 2404 4493 more
2432 4437 2576 4492 enim
2607 4437 2770 4502 venit,
2805 4437 2934 4508 quia
2965 4454 3031 4494 ex
3061 4439 3205 4494 bona
3233 4439 3633 4496 oonsuetudine
3651 4438 3849 4495 mentis

2253 4525 2738 4598 appropinquabat,
2773 4534 2828 4582 et
2854 4524 2961 4582 fide
2991 4542 3100 4582 non
3131 4525 3270 4584 ficta.
3303 4527 3480 4598 Quam
3515 4537 3735 4586 sanctus
3765 4543 3850 4584 ac-

2255 4632 2461 4686 cessus,
2497 4632 2658 4687 quam
2687 4623 2906 4671 sanctus
2937 4615 3226 4684 adventus,
3264 4633 3426 4690 quam
3476 4618 3600 4690 pius
3632 4632 3847 4682 cursus,

2255 4704 2346 4777 qui
2373 4704 2550 4778 magis
2579 4719 2766 4760 amore
2795 4704 2995 4760 mentis
3014 4705 3261 4762 currebat
3276 4706 3345 4760 ad
3365 4705 3660 4776 Christum,
3693 4721 3848 4779 quam

2254 4793 2544 4850 devotione
2589 4794 2788 4864 pedum
2837 4793 2905 4848 ad
2950 4792 3197 4864 fratrem,
3229 4795 3338 4850 imo
3377 4803 3430 4851 et
3473 4795 3542 4850 ad
3581 4795 3848 4850 Christum

2253 4882 2476 4938 fratrem
2502 4881 2514 4937 ι
2539 4883 2680 4938 Nam
2709 4890 2762 4938 et
2791 4882 2909 4954 ipse
2941 4881 3103 4939 dicit:
3126 4884 3188 4940 Si
3207 4885 3330 4958 quis
3349 4886 3551 4956 fecerit
3585 4885 3846 4940 volunta—

2257 4975 2370 5026 tem
2387 4973 2576 5028 Patris
2594 4973 2728 5036 mei,
2748 4971 2844 5044 qui
2859 4972 2922 5026 in
2937 4971 3092 5028 oculis
3105 4976 3208 5043 est,
3227 4975 3346 5043 ipse
3361 4989 3520 5029 meus
3534 4974 3738 5044 frater,
3754 4988 3842 5028 so-

2253 5076 2348 5116 ror
2358 5063 2605 5116 etmater
2616 5060 2926 5130 est(Matth.
2941 5075 3042 5127 xu,
3059 5059 3172 5132 50).
3195 5061 3304 5117 Sed
3319 5060 3460 5133 quali
3481 5061 3766 5118 devotione
3785 5060 3848 5115 is-

2253 5158 2306 5203 ta
2338 5157 2542 5216 currat,
2578 5149 2862 5204 Psalmista
2879 5148 3011 5205 dicit
3038 5149 3230 5206 :Sicut
3249 5165 3445 5206 cervus
3467 5149 3752 5206 desiderat
3779 5149 3848 5205 ad

2253 5240 2440 5310 fontes
2455 5256 2734 5312 aquarum
2750 5239 2835 5294 ita
2855 5238 3139 5294 desiderat
3157 5240 3356 5296 anima
3374 5255 3503 5295 mea
3522 5237 3596 5295 ad
3617 5243 3689 5306 te,
3705 5241 3846 5296 Deus

2255 5327 2426 5396 (Psal.
2456 5343 2549 5393 xL,
2581 5327 2658 5400 2).
2681 5326 2789 5384 Sed
2801 5343 2968 5399 quare
2989 5327 3276 5384 Psalmista
3304 5327 3516 5399 metapb
3527 5327 3678 5382 orice
3699 5325 3846 5383 cervi

2253 5415 2597 5487 proposuerit
2639 5416 2968 5473 mentionem
2992 5459 3006 5484 ,
3058 5424 3117 5472 ut
3167 5417 3243 5472 ita
3313 5423 3496 5472 currat
3550 5415 3728 5471 anima
3779 5415 3848 5470 ad

557 5498 788 5561 forsitan
816 5497 1155 5573 longitudine
1183 5498 1390 5556 itineris
1423 5513 1458 5556 a
1485 5506 1572 5557 tua
1611 5507 1799 5558 tenera
1821 5499 2008 5574 planta
2034 5498 2154 5558 for—
2173 5511 2226 5574 D
2255 5505 2448 5574 Deum,
2480 5513 2540 5562 ut
2595 5521 2790 5565 cervus
2845 5506 2914 5562 ad
2960 5505 3186 5574 fontem,
3215 5521 3327 5563 non
3371 5520 3543 5566 vacua
3578 5503 3848 5581 mysteriis
