4086 6302
243 259 343 312 981

1242 254 1405 310 VITA
1463 253 1750 310 SANCTE
1807 250 2296 314 SCHOLASTICIE
2354 258 2542 315 VIRG.

3429 267 3532 322 982

247 388 488 442 manent,
520 379 774 451 Nunquid
803 379 954 435 solus
980 395 1175 436 cervus
1204 386 1257 433 et
1286 395 1395 434 non
1429 379 1695 447 columba,
1731 388 1836 434 tur-
1865 382 1920 442 A
1939 397 2127 454 rogas,
2161 391 2218 436 ut
2243 382 2490 438 insolitus
2521 393 2666 439 extra
2694 385 2882 440 cellam
2914 400 3181 455 maneam,
3233 387 3379 459 quod
3425 387 3532 442 im-

248 478 336 524 tur
364 477 416 524 et
447 485 636 540 passer
669 467 869 524 fontem
901 468 1186 540 requirunt
1213 467 1240 520 ?
1270 467 1377 522 Sed
1421 468 1575 522 aliter
1617 484 1835 534 cervus,

249 559 403 613 aliter
447 558 714 621 columba,
775 558 842 611 ad
892 557 1053 612 fontis
1097 572 1310 610 amnem
1380 566 1685 612 recurrunt.
1733 557 1839 613 Iste

250 663 409 702 cursu
438 647 655 716 pedum,
688 645 792 699 ista
821 647 971 700 aerio
999 646 1182 700 volatu
1213 645 1471 700 descendi
1507 663 1520 698 :
1555 646 1653 700 iste
1697 645 1841 700 inse-

249 743 402 790 cutus
432 733 743 804 frequenter
773 741 885 788 arte
915 741 1235 788 venatorum
1264 734 1628 787 lassabundus
1675 735 1841 789 currit

251 824 321 878 ad
346 838 560 894 aquam,
593 823 707 877 hazc
737 838 868 876 vero
897 821 1176 891 infatigata
1194 821 1349 876 solita
1365 821 1592 876 accedit.
1614 820 1771 889 Quod
1796 822 1840 875 si

250 911 476 982 mystice
507 925 733 981 pensare
762 911 1031 976 volumus,
1065 909 1350 964 invisibilis
1388 910 1568 963 anima
1615 910 1841 964 visibilis

249 1000 494 1054 animalis
517 999 676 1052 habet
693 998 945 1064 formam,
961 1013 1068 1070 qua
1089 1014 1196 1052 uno
1212 1014 1374 1053 cursu
1393 997 1740 1070 fatigationis,
1760 998 1844 1053 hic

252 1088 431 1161 pergit
449 1088 515 1142 ad
537 1086 737 1142 fontem
757 1095 1048 1153 terrenum,
1073 1087 1187 1141 haec
1204 1087 1273 1140 ad
1297 1086 1500 1140 fontem
1523 1087 1801 1141 caelestem
1828 1104 1840 1140 :

250 1177 354 1231 iste
374 1176 626 1248 fatigatus
648 1176 872 1230 vocibus
893 1191 1110 1244 canum,
1136 1175 1235 1228 ista
1252 1182 1544 1230 consecuta
1567 1174 1844 1244 spiritibus

252 1264 524 1336 malignis,
555 1279 652 1334 pro
683 1280 791 1335 quo
821 1264 888 1317 ad
914 1263 1120 1318 fontem
1168 1262 1319 1316 illum
1365 1262 1694 1318 currendum
1743 1270 1842 1331 est,

252 1353 345 1425 qui
375 1361 454 1408 est
485 1351 602 1406 fons
633 1353 806 1417 vivus,
840 1361 1036 1422 puteus
1054 1351 1247 1406 domus
1266 1351 1453 1418 Jacob,
1478 1367 1542 1405 ex
1562 1367 1668 1421 quo
1690 1366 1847 1421 aqum

251 1458 388 1497 vena
419 1441 660 1495 salientis
692 1440 879 1494 ebullit
911 1441 964 1494 in
995 1440 1158 1494 vitam
1186 1447 1466 1495 aeternam.
1489 1440 1656 1515 ‘Certe
1699 1447 1850 1493 tanta

253 1546 412 1585 soror
439 1529 529 1584 tali
560 1527 665 1584 fide
696 1529 844 1584 venit
872 1529 940 1582 ad
989 1528 1235 1584 fratrem.
1285 1529 1424 1582 Nam
1471 1527 1628 1582 aliter
1673 1544 1845 1599 aeger,

252 1619 406 1673 aliter
437 1634 625 1688 sospes
655 1618 721 1672 ad
751 1617 1020 1671 medicum
1051 1617 1197 1671 vadit
1229 1635 1241 1670 :
1277 1616 1376 1670 iste
1400 1624 1452 1670 ut
1473 1631 1638 1670 sanus
1661 1631 1850 1668 sanum

1939 469 2089 540 plere
2119 471 2341 526 minime
2373 487 2614 542 possum.
2649 473 2695 528 0
2743 473 3042 529 sanctitatis
3089 482 3318 542 amator,
3366 491 3530 547 quare

1940 575 2218 630 germanae
2247 561 2488 631 denegas
2519 562 2662 632 quod
2720 561 2878 615 etiam
2935 563 3204 617 extraneis
3259 563 3475 633 prabes
3506 564 3534 618 Ἰ

1941 647 2038 700 sed
2067 647 2171 701 hoc
2201 648 2395 719 religio
2427 647 2568 712 facit,
2602 665 2712 703 non
2737 665 2901 704 causa
2927 649 3150 704 doloris.
3177 650 3294 706 Scis
3314 650 3531 705 Domini

1940 743 2271 805 praeceptum
2297 753 2308 788 :
2343 737 2446 803 Qui
2465 737 2654 807 diligit
2670 741 2894 808 patrem
2911 741 3012 792 aut
3031 743 3272 794 matrem
3283 743 3385 794 aut
3403 741 3531 809 fra-

1945 827 2109 888 trem,
2137 825 2222 878 vel
2239 841 2482 879 sororem
2507 827 2637 896 plus
2659 843 2827 896 quam
2848 842 2956 891 me,
2977 843 3091 882 non
3109 831 3191 882 est
3210 843 3297 882 me
3331 827 3537 899 dig-nus

1943 910 2162 978 (Matth.
2196 927 2259 978 χ,
2290 913 2402 980 37).
2437 913 2678 983 Ideoque
2707 914 2776 968 ad
2806 921 3084 968 assuetum
3132 913 3372 970 recurris
3415 929 3542 969 ora-

1943 998 2104 1052 tionis
2133 999 2332 1062 locum,
2368 999 2459 1054 ubi
2490 1001 2667 1071 magis
2699 1002 2814 1055 Deo
2846 1018 3007 1072 quam
3040 1001 3217 1057 sorori
3245 1002 3434 1057 solitus
3485 1017 3543 1058 es

1945 1088 2248 1142 adhaerere.
2285 1089 2394 1143 Sed
2424 1090 2770 1160 praesumenti
2802 1105 2934 1145 voce
2964 1089 3196 1145 dicimus
3228 1109 3240 1144 :
3287 1089 3545 1161 Nunquid

1945 1191 2055 1230 non
2087 1178 2233 1230 Deus
2263 1176 2349 1231 hic
2397 1185 2478 1231 est
2526 1177 2617 1231 ubi
2663 1178 2803 1232 bona
2850 1194 3015 1232 soror
3063 1186 3407 1234 sacramenta
3448 1177 3548 1234 Dei

1945 1265 2234 1335 perquirit,
2271 1281 2395 1320 cum
2427 1266 2543 1335 ipse
2587 1265 2730 1321 dicat
2762 1283 2774 1321 :
2815 1268 2909 1324 Ubi
2945 1267 3050 1323 duo
3071 1269 3154 1322 vel
3178 1271 3293 1324 tres
3316 1283 3540 1338 congre-

1945 1355 2065 1424 gati
2083 1354 2305 1423 fuerint
2326 1354 2388 1408 in
2432 1356 2662 1409 nomine
2682 1371 2820 1420 meo,
2850 1357 2912 1410 in
2948 1355 3125 1411 medio
3153 1371 3348 1410 eorum
3375 1355 3547 1411 sum?

1947 1441 2168 1506 (Matth.
2203 1457 2364 1507 xvm,
2397 1442 2512 1511 20.)
2544 1443 2686 1497 Ecce
2719 1459 2826 1497 non
2859 1451 3032 1514 rogat,
3065 1451 3122 1496 ut
3149 1443 3315 1515 longo
3347 1451 3400 1498 te
3422 1450 3552 1499 tem-

1949 1545 2081 1598 pore
2111 1537 2298 1584 cernat
2329 1546 2483 1585 more
2513 1538 2814 1600 parentum,
2849 1531 2946 1586 sed
2986 1531 3146 1586 unius
3196 1531 3372 1586 noctis
3417 1545 3552 1602 spa-

1949 1615 2082 1670 tium
2129 1617 2320 1686 poscit,
2372 1634 2480 1688 quo
2529 1619 2778 1688 praebeas
2827 1618 3094 1689 colloquia
3141 1635 3314 1674 sacra.
3376 1619 3548 1689 Quam

252 1707 448 1774 visitet,
483 1707 582 1759 iste
611 1713 666 1759 ut
697 1706 1044 1777 languentem
1063 1721 1226 1758 sanus
1247 1712 1520 1774 procuret.
1547 1705 1686 1758 Nam
1708 1711 1759 1758 et
1781 1703 1849 1758 ad
1877 1732 1931 1791 B
1953 1705 2085 1759 dure
2118 1705 2371 1771 attendis,
2404 1715 2586 1760 sancte
2617 1705 2798 1770 frater,
2834 1722 3024 1776 preces
3054 1706 3275 1773 sororis,
3327 1708 3399 1762 ob
3443 1715 3548 1763 tuae

254 1794 456 1850 fontem
504 1794 661 1849 aliter
710 1793 896 1847 sitiens
941 1792 1178 1858 festinat,
1240 1792 1396 1847 aliter
1446 1792 1758 1862 crapulalus
1821 1809 1851 1846 a

256 1884 402 1939 vino.
439 1884 542 1937 Iste
569 1891 626 1936 ut
656 1883 845 1936 hausto
870 1881 1135 1936 refocillet
1166 1889 1422 1946 mentem,
1458 1881 1550 1935 ille
1595 1889 1652 1934 ut
1700 1889 1851 1935 recto

259 1972 449 2026 itinere
481 1971 728 2024 insitiens
759 1978 974 2041 pergat.
1008 1970 1173 2024 Soror
1202 1985 1335 2024 vero
1365 1969 1466 2022 ista
1496 1969 1548 2022 in
1579 1978 1723 2023 tanto
1739 1968 1852 2022 fra-

257 2069 337 2114 tre
367 2061 553 2114 ambas
585 2059 788 2129 gratias
819 2075 1068 2122 cernens,
1100 2058 1344 2128 sapiente
1389 2058 1524 2127 pede
1574 2057 1855 2128 infatigata

256 2149 402 2204 venit
437 2166 448 2202 :
483 2147 650 2217 prius,
685 2155 741 2200 ut
785 2163 917 2200 sana
966 2163 1152 2200 sanum
1194 2146 1412 2210 visitet;
1445 2154 1751 2216 sequenter,
1801 2153 1857 2199 ut

255 2253 462 2308 agram
492 2252 600 2290 non
630 2251 882 2306 corpore,
917 2235 1014 2290 sed
1043 2244 1221 2289 mente
1252 2243 1404 2289 curet
1425 2235 1748 2290 documento
1773 2249 1860 2288 sa-

259 2325 404 2390 lutis,
441 2324 566 2395 quia
597 2339 698 2378 nec
720 2324 840 2393 ipsa
869 2331 1015 2377 astra
1046 2323 1244 2376 munda
1293 2331 1416 2376 sunt
1465 2322 1518 2376 in
1565 2329 1858 2392 conspectu

257 2414 378 2478 Dei,
411 2421 463 2468 et
495 2413 792 2468 secundum
823 2412 1164 2482 Apostolum,
1199 2427 1300 2466 nec
1333 2410 1508 2465 infans
1540 2411 1698 2465 unius
1728 2411 1856 2465 diei.

265 2501 518 2572 Sequitur
550 2518 562 2554 :

320 2592 373 2644 7.
407 2589 511 2657 Qui
542 2596 707 2643 totum
737 2588 882 2643 diem
912 2587 968 2641 in
986 2588 1084 2642 Dei
1105 2587 1356 2642 laudibus
1374 2587 1653 2658 sacrisque
1689 2586 1862 2642 collo-

258 2677 418 2750 quiis,
452 2677 731 2740 ducentes,
757 2675 1196 2732 incumbentibus
1221 2677 1333 2743 jam
1379 2676 1552 2730 noctis
1593 2675 1856 2740 tenebris,

256 2765 415 2822 simul
445 2781 706 2836 accepere
737 2765 940 2819 cibum.
993 2765 1153 2818 Beata
1199 2764 1320 2817 talis
1368 2763 1506 2817 visio
1550 2771 1857 2833 parentum,

257 2870 372 2926 prae
400 2853 570 2908 oculis
608 2853 874 2907 habentes
913 2852 1129 2907 Domini
1173 2859 1510 2921 praeceptum
1542 2871 1560 2906 :
1604 2852 1863 2906 Primum

257 2943 491 3015 quwrite
515 2958 750 3012 regnum
767 2943 884 3006 Dei,
910 2945 965 2995 et
976 2941 1271 3010 justitiam
1292 2942 1430 3010 ejus,
1456 2943 1510 2995 et
1533 2939 1647 2994 haec
1671 2939 1864 2994 omnia

255 3029 993 3101 adjicienturvobis(Matth.
1029 3043 1104 3093 v1,
1139 3030 1250 3096 33).
1282 3029 1441 3083 Beata
1471 3028 1599 3082 talia
1630 3026 1850 3093 fercula,

257 3119 352 3174 ubi
380 3119 530 3188 prius
561 3117 772 3188 ponitur
800 3117 954 3187 panis
983 3117 1305 3188 angelorum
1332 3132 1492 3188 quam
1524 3116 1801 3170 hominum
1838 3131 1851 3170 :

259 3215 313 3262 et
343 3207 432 3261 ubi
463 3207 614 3277 prius
643 3205 976 3260 refocillatur
1020 3221 1176 3259 mens
1236 3221 1394 3277 quam
1451 3213 1656 3259 venter.
1713 3204 1853 3258 Nam

257 3295 346 3351 hic
375 3295 654 3367 reponitur
681 3294 854 3360 cibus,
889 3294 981 3365 qui
1011 3294 1228 3364 placere
1260 3293 1430 3364 possit
1459 3309 1663 3347 mensae
1691 3292 1855 3347 coele-

245 3385 328 3439 sti
360 3401 373 3437 :
406 3383 480 3458 ibi
510 3399 640 3438 vero
669 3398 799 3438 esca
824 3389 1028 3450 manet,
1063 3398 1222 3452 quam
1266 3381 1563 3454 indigeries
1608 3380 1856 3450 corporis

255 3472 436 3527 mittit.
470 3473 536 3526 Et
568 3472 760 3526 beatus
791 3487 972 3525 sermo
1003 3471 1092 3542 qui
1121 3478 1232 3524 toto
1265 3470 1372 3524 diei
1406 3470 1582 3540 spatio
1611 3469 1854 3539 protela-

254 3569 340 3616 tur
367 3561 528 3616 laude
559 3560 764 3625 divina,
799 3568 851 3615 et
883 3559 975 3632 qui
1008 3575 1040 3613 a
1070 3559 1243 3629 primo
1272 3558 1408 3613 lucis
1439 3565 1560 3612 ortu
1589 3547 1760 3629 usque
1789 3558 1856 3612 ad

253 3665 531 3716 occasum,
585 3648 890 3704 alternatim
921 3647 1327 3718 reciprocantur
1354 3646 1739 3719 praedicamina
1769 3663 1858 3701 sa-

258 3745 559 3795 crosancta.
594 3737 849 3808 Sequitur
882 3753 895 3792 :

329 3831 378 3882 8.
413 3827 654 3897 Cumque
684 3826 859 3882 adhuc
889 3825 956 3880 ad
988 3840 1231 3880 mensam
1262 3823 1607 3879 considerent
1637 3831 1688 3878 et
1718 3823 1858 3879 inter

253 3930 412 3972 sacra
442 3914 714 3986 colloquia
744 3914 954 3968 tardior
985 3930 1043 3968 se
1073 3915 1209 3968 hora
1248 3914 1606 3984 protraheret,
1662 3913 1858 3968 eadem

253 4003 684 4059 sanctimonialis
719 4002 920 4058 femina
950 4018 1110 4057 soror
1143 4001 1260 4070 ejus
1299 4019 1422 4056 eum
1470 4001 1714 4072 rogabat,
1768 4000 1858 4055 di-

256 4108 388 4148 cens
420 4110 432 4146 :
465 4091 663 4161 Quaeso
693 4099 744 4147 te
774 4107 841 4146 ne
870 4091 974 4145 ista
1006 4098 1163 4145 nocte
1194 4106 1279 4143 me
1312 4091 1552 4152 deseras,
1585 4097 1639 4142 ut
1688 4105 1859 4160 usque

255 4196 419 4235 mane
447 4181 650 4253 aliquid
677 4181 745 4234 de
777 4179 1016 4235 caelestis
1047 4179 1169 4234 vitae
1199 4178 1414 4249 gaudiis
1446 4177 1752 4247 loquamur.
1777 4177 1860 4232 Ad

256 4284 504 4325 mensam
535 4269 744 4336 sedent,
780 4269 962 4324 cibum
995 4275 1232 4332 sumunt,
1265 4283 1374 4321 uno
1401 4266 1563 4320 dente
1585 4265 1860 4320 charitatis

257 4358 526 4413 ruminant
557 4373 754 4429 panem
786 4366 838 4412 et
865 4356 1137 4428 colloquia
1183 4371 1358 4420 sacra,
1391 4363 1448 4408 ut
1500 4371 1667 4408 unum
1716 4361 1861 4408 esset

1954 1809 2172 1850 causam
2202 1809 2372 1848 sacrae
2403 1794 2704 1864 religionis.
2739 1794 2835 1847 llla
2867 1794 3006 1849 bene
3054 1795 3263 1866 quaerit,
3313 1803 3370 1848 ut
3416 1811 3446 1849 a
3495 1803 3548 1851 te

1953 1882 2172 1947 habeat,
2208 1891 2261 1936 tu
2293 1882 2539 1936 similiter
2567 1890 2624 1936 ut
2657 1883 2852 1936 redeas
2884 1900 2897 1936 :
2931 1882 3024 1936 illa
3056 1880 3163 1937 ﬁde
3193 1891 3249 1936 tu
3278 1880 3384 1938 fide
3419 1900 3432 1937 :
3460 1882 3553 1938 illa

1955 1987 2142 2026 amore
2176 1971 2290 2034 Dei,
2327 1978 2382 2024 tu
2412 1971 2612 2040 pariter
2641 1979 2698 2024 ut
2729 1970 2821 2024 illa
2855 1989 2868 2024 :
2902 1970 2990 2025 illa
3022 1981 3078 2025 ut
3109 1987 3230 2026 cum
3263 1987 3452 2026 sorore
3497 1971 3552 2026 in

1954 2059 2340 2130 praedicatione
2374 2068 2586 2128 tempus
2616 2059 2787 2113 noctis
2816 2059 3085 2123 exsolvas,
3119 2066 3176 2112 tu
3206 2068 3264 2113 ut
3292 2074 3415 2114 cum
3448 2058 3560 2114 fra-

1957 2148 2131 2201 tribus
2161 2147 2350 2202 solitas
2383 2148 2616 2202 Domino
2674 2146 2882 2202 referas
2939 2147 3147 2201 laudes.
3209 2147 3318 2201 Sed
3373 2147 3555 2219 quise

1958 2236 2172 2290 duobus
2202 2236 2413 2302 melius,
2450 2252 2683 2307 sequens
2730 2236 2994 2290 sententia
3046 2243 3334 2291 monstrat.
3386 2237 3556 2291 Tanta

1959 2340 2090 2378 vero
2121 2332 2235 2378 erat
2264 2325 2385 2379 coeli
2418 2325 2705 2387 serenitas,
2740 2332 2796 2378 ut
2825 2324 2969 2378 nulla
2999 2323 3051 2377 in
3083 2339 3207 2378 aere
3239 2324 3412 2379 nubes
3462 2339 3558 2394 ap-

1959 2421 2188 2482 pareret.
2224 2413 2364 2466 Vere
2394 2412 2541 2466 nulla
2571 2412 2744 2466 nubes
2777 2427 2898 2465 esse
2925 2411 3116 2481 potuit,
3151 2411 3241 2464 ubi
3303 2419 3420 2466 erat
3469 2411 3559 2468 lux

1959 2516 2091 2554 vera
2124 2517 2243 2570 quae
2273 2499 2537 2554 illuminat
2579 2515 2796 2554 omnem
2836 2498 3109 2554 hominem
3152 2499 3460 2555 venientem
3505 2499 3561 2555 in

1961 2590 2108 2642 hunc
2139 2589 2418 2642 mundum.
2453 2588 2710 2659 Sequitur
2743 2605 2755 2641 :

2037 2679 2120 2730 10.
2156 2675 2592 2730 Sanctimonialis
2622 2683 2804 2730 autem
2833 2673 3034 2730 femina
3065 2690 3188 2732 cum
3232 2675 3398 2730 verba
3449 2674 3565 2730 fra-

1961 2764 2059 2818 tris
2089 2765 2337 2836 negantis
2367 2765 2630 2829 audisset,
2667 2764 2901 2820 insertas
2931 2763 3113 2834 digitis
3163 2779 3356 2818 manus
3403 2780 3568 2834 super

1962 2869 2205 2908 mensam
2237 2852 2434 2922 posuit,
2469 2860 2521 2907 et
2552 2860 2711 2921 caput
2744 2852 2796 2906 in
2841 2852 3092 2907 manibus
3137 2852 3566 2922 omnipotentem

1966 2941 2258 2996 Dominum
2289 2949 2538 3010 rogatura
2561 2939 2866 2995 declinavit.
2910 2939 3027 3006 Dic,
3063 2939 3218 3010 virgo
3241 2941 3418 3004 beata,
3461 2956 3566 2996 cu-

1958 3030 2048 3098 jus
2079 3038 2128 3084 te
2156 3029 2342 3084 schola
2372 3029 2572 3096 docuit,
2608 3045 2727 3099 quae
2758 3036 2944 3083 contra
2975 3028 3293 3100 magistrum
3338 3036 3562 3085 senten-

1955 3118 2080 3171 tiam
2111 3117 2372 3187 pI‘OpOIliS
2400 3117 2427 3170 ἱ)
2456 3116 2715 3188 Nunquid
2747 3131 2854 3171 non
2876 3115 3006 3171 dicit
3025 3135 3038 3171 :
3060 3119 3352 3187 Perfectus
3369 3119 3556 3172 omnis

1953 3201 2264 3276 discipulus
2285 3205 2472 3270 erit,si
2491 3205 2568 3259 sit
2583 3205 2731 3260 sicut
2744 3206 3014 3275 magister
3035 3204 3552 3276 ejus?(Luc.v1,40.)

1952 3295 2020 3349 Et
2050 3295 2103 3348 in
2135 3293 2434 3366 Evangelio
2451 3293 2623 3364 inquit
2648 3311 2660 3346 :
2682 3295 2908 3349 Nesciat
2926 3294 3165 3348 sinistra
3187 3297 3288 3348 tua
3303 3293 3436 3366 quid
3451 3297 3544 3364 fa-

1955 3385 2072 3438 ciat
2088 3384 2324 3438 dextera
2347 3386 2446 3436 tua
2469 3381 2690 3453 (Matth.
2723 3397 2798 3447 v1,
2832 3382 2886 3451 3)
2921 3399 2934 3436 :
2969 3389 3020 3436 et
3044 3389 3098 3435 tu
3129 3381 3320 3436 ambas
3365 3397 3560 3438 manus

1955 3471 2185 3526 inuectis
2215 3472 2241 3524 ‘2
2263 3479 2315 3526 et
2343 3471 2473 3524 illud
2499 3488 2512 3524 :
2538 3471 2738 3525 Mittite
2766 3471 2827 3524 in
2857 3471 3154 3525 dexteram
3190 3471 3405 3541 navigii
3439 3473 3564 3526 rete

1959 3561 2141 3628 (Joan.
2162 3575 2282 3624 xm,
2318 3560 2393 3629 6),
2423 3567 2474 3613 et
2506 3566 2561 3612 tu
2591 3567 2826 3630 utroque
2854 3557 3029 3613 latere
3060 3565 3206 3614 recte
3224 3557 3508 3631 immergis
3529 3558 3558 3613 ?

1957 3649 2047 3702 ille
2078 3664 2111 3702 a
2139 3648 2342 3702 dextris
2371 3663 2501 3702 oves
2530 3646 2780 3712 collocat,
2840 3654 2897 3700 tu
2953 3646 3112 3700 etiam
3171 3645 3225 3701 in
3282 3645 3504 3701 sinistra
3530 3645 3559 3699 7

1956 3735 2245 3790 Psalmista
2273 3736 2398 3791 hinc
2428 3752 2458 3789 a
2488 3735 2694 3790 dextris
2724 3735 2875 3805 ponit
2905 3735 3092 3790 dicens
3127 3753 3140 3789 :
3172 3736 3336 3790 Dixit
3368 3735 3564 3791 Domi-

1958 3842 2066 3881 nus
2083 3826 2316 3881 Domino
2337 3841 2478 3890 meo,
2503 3824 2638 3880 Sede
2659 3841 2692 3878 a
2715 3824 2940 3880 dextris
2961 3825 3102 3880 meis
3124 3824 3302 3894 (Psal.
3325 3838 3437 3892 (ιιι,
3475 3823 3560 3894 1):

1957 3930 2060 3970 nec
2089 3930 2198 3969 non
2229 3915 2466 3970 dextera
2482 3915 2708 3969 Domini
2727 3913 2866 3984 fecit
2888 3914 3179 3979 virtutem,
3199 3913 3441 3968 dextera
3453 3915 3565 3969 Do-

1959 4004 2105 4057 mini
2124 4003 2412 4058 exaltavit
2433 4018 2521 4056 me
2543 4002 2716 4071 (Psal.
2741 4016 2914 4064 cxvu,
2953 4002 3080 4070 l6);
3120 4008 3172 4055 et
3200 4000 3254 4054 in
3289 4000 3513 4055 Cantico
3549 4017 3564 4055 :

1960 4094 2208 4147 Dextera
2258 4095 2374 4154 tua,
2421 4090 2673 4153 Domine,
2724 4089 3040 4159 gloriﬁcata
3087 4093 3172 4144 est
3217 4091 3278 4144 in
3350 4089 3562 4144 virtute

1960 4179 2274 4248 (Exodxv,
2302 4179 2377 4246 6),
2403 4185 2546 4243 etc.;
2589 4184 2639 4230 et
2658 4185 2710 4230 tu
2741 4176 2840 4229 ista
2884 4177 3180 4246 derogans,
3230 4191 3337 4230 non
3383 4175 3561 4230 solum

1959 4283 2152 4321 manus
2175 4266 2459 4336 implectis,
2496 4265 2593 4319 sed
2616 4265 2776 4318 ctiam
2798 4263 2997 4334 digitos
3019 4264 3218 4319 inseris
3251 4263 3278 4318 ?
3299 4263 3563 4318 Dominus

1959 4355 2088 4411 dicit
2139 4355 2195 4408 in
2231 4353 2562 4424 Evangelio:
2610 4354 2685 4408 Tu
2714 4356 2906 4407 autem
2940 4369 3070 4408 cum
3105 4354 3368 4417 oraveris,
3405 4353 3564 4407 intra

257 4463 342 4513 os,
375 4462 480 4518 quo
511 4454 785 4501 terrenum
829 4462 1026 4516 panem
1074 4445 1403 4516 frangerent,
1456 4451 1509 4497 et
1557 4443 1858 4498 caelestem.
1889 4439 1942 4499 D
1962 4447 2023 4500 in
2041 4444 2364 4501 cubiculum
2403 4447 2584 4508 tuum,
2603 4443 2866 4498 etclauso
2884 4443 3024 4497 ostio
3046 4458 3145 4496 ora
3164 4443 3393 4497 Patrem
3409 4444 3573 4496 tuum

254 4536 396 4590 Nam
456 4543 644 4590 venter
696 4535 889 4605 plenus
946 4534 1092 4599 cibo,
1148 4549 1304 4586 mens
1334 4539 1444 4587 erat
1475 4532 1653 4586 adhuc
1679 4531 1860 4599 jejuna

258 4623 431 4679 verbo
463 4623 648 4677 salutis
683 4641 695 4676 :
729 4623 931 4678 idcirco
963 4622 1115 4693 quasi
1148 4620 1400 4677 famelica
1446 4629 1620 4690 rogat,
1676 4627 1733 4673 ut
1771 4619 1860 4674 di-

264 4713 404 4766 vinis
433 4713 650 4767 cibariis
680 4719 916 4766 mentem
948 4711 1169 4765 satiaret
1211 4709 1579 4780 perjucundus
1623 4707 1862 4764 caelestis

260 4818 437 4872 usque
468 4801 520 4854 in
550 4801 748 4868 lucem,
781 4809 837 4854 ut
868 4800 958 4871 qui
992 4799 1166 4854 fuerat
1191 4799 1309 4854 luce
1341 4799 1447 4853 dici
1465 4797 1743 4869 magister,
1769 4795 1863 4852 fie-

263 4898 344 4945 ret
375 4891 537 4944 etiam
568 4889 706 4945 inter
733 4889 988 4944 tenebras
1019 4889 1210 4943 doctor
1241 4887 1446 4941 herilis.
1481 4887 1737 4958 Sequitur
1776 4904 1789 4940 :

336 4990 387 5040 9.
405 4986 500 5042 Cui
522 4986 610 5041 ille
625 4986 931 5057 respondit:
953 4985 1095 5054 Quid
1116 4985 1354 5056 estquod
1374 4983 1632 5054 loqueris,
1679 4983 1874 5038 soror?

263 5090 485 5130 manere
519 5084 672 5130 extra
702 5075 898 5130 cellam
930 5075 1236 5129 nullatenus
1274 5088 1516 5143 possum.
1559 5072 1704 5126 Ecce
1733 5088 1865 5142 per-

269 5171 525 5220 contatur
553 5163 718 5218 frater
748 5179 1014 5230 sororem,
1047 5162 1312 5235 magister
1343 5160 1684 5230 discipulam,
1735 5176 1866 5214 san-

270 5261 389 5309 ctus
426 5260 685 5320 sanctam,
719 5252 872 5324 quasi
902 5268 1010 5306 non
1053 5251 1231 5307 sciens
1273 5249 1402 5321 quid
1449 5249 1644 5303 dixerit
1691 5263 1865 5304 soror.

275 5341 384 5397 Sed
413 5341 514 5396 ista
545 5341 820 5412 inquisitio
849 5340 1029 5413 magis
1059 5338 1341 5395 irascentis
1371 5346 1472 5403 est,
1520 5352 1682 5408 quam
1731 5337 1871 5392 inter

284 5429 552 5501 rogantis,
587 5431 716 5484 dum
746 5431 883 5485 bene
913 5432 1072 5484 Pater
1100 5428 1341 5483 audisset
1389 5425 1534 5498 quod
1582 5441 1738 5480 soror
1783 5441 1872 5480 ro-

282 5519 510 5595 gaverit.
542 5520 824 5592 Tanquam
853 5519 900 5574 si
927 5519 1128 5575 diceret
1162 5537 1175 5572 :
1197 5518 1319 5573 Non
1339 5515 1477 5573 bene
1500 5522 1582 5573 est
1601 5516 1706 5575 hoc
1726 5515 1873 5592 quod

1963 4534 2182 4604 (Matth.
2208 4548 2283 4600 v1,
2309 4532 2363 4602 6)
2393 4539 2481 4586 :et
2497 4539 2550 4584 tu
2573 4531 2640 4584 ad
2663 4546 2875 4585 cmnam
2897 4530 3114 4594 sedens,
3138 4538 3263 4585 ante
3297 4530 3564 4584 humanos

1963 4622 2150 4678 oculos
2170 4637 2365 4692 preces
2403 4620 2783 4691 lacrymasque
2823 4617 3051 4673 fundis?
3089 4618 3196 4673 Sed
3237 4633 3397 4689 quam
3433 4617 3559 4673 lau-

1964 4711 2140 4766 danda
2158 4718 2279 4765 sunt
2296 4718 2384 4764 tua
2404 4708 2561 4774 facta,
2586 4724 2619 4762 o
2636 4707 2978 4762 sanctissima
3012 4705 3335 4761 feminarum
3361 4703 3372 4758 l
3414 4703 3558 4772 Quid

1965 4808 2020 4855 tu
2040 4800 2092 4854 in
2115 4799 2358 4855 conclavi
2382 4798 2534 4866 facis,
2559 4797 2774 4869 quando
2792 4797 2921 4850 talia
2939 4795 3144 4866 patenti
3158 4794 3297 4850 coelo
3313 4794 3572 4865 peragis?

1963 4889 2105 4943 Nam
2127 4888 2250 4942 ideo
2272 4887 2367 4940 tibi
2383 4901 2490 4940 una
2507 4894 2590 4941 est
2611 4885 2799 4940 dextra
2816 4884 3056 4954 laevaque
3077 4898 3220 4952 pars,
3241 4881 3366 4953 quia
3399 4880 3565 4936 fabri-

1967 4992 2085 5032 cam
2107 4976 2342 5031 attendis
2363 4975 2526 5042 illius,
2552 4973 2642 5045 qui
2664 4973 2862 5027 nullam
2881 4971 3043 5027 habet
3064 4971 3357 5056 sinistram,
3393 4977 3449 5024 ut
3482 4971 3565 5024 di-

1967 5064 2039 5120 cit
2072 5080 2083 5118 :
2129 5064 2274 5119 l'idit
2297 5065 2436 5118 Deus
2453 5065 2659 5117 cuncta
2693 5077 2814 5132 quae
2839 5062 3074 5130 fecerat,
3110 5063 3166 5114 et
3199 5062 3365 5113 erant
3404 5059 3563 5114 valde

1969 5154 2287 5224 bona(Gen.
2309 5153 2350 5222 ι)
2378 5169 2391 5205 :
2415 5152 2482 5205 Et
2510 5150 2564 5204 in
2605 5149 2827 5204 Cantico
2867 5148 3205 5204 canticorum
3240 5149 3400 5203 Laeva
3439 5150 3560 5220 ejus

1969 5243 2069 5298 sub
2109 5245 2292 5315 capite
2323 5257 2442 5296 meo
2478 5244 2533 5296 et
2566 5239 2804 5294 dextera
2835 5238 2995 5292 illius
3031 5237 3558 5309 amplexabiturme

1971 5333 2160 5403 (Cant.
2189 5333 2250 5401 1).
2273 5330 2341 5385 Et
2361 5330 2415 5384 in
2435 5328 2650 5384 Psalmo
2677 5344 2688 5382 :
2723 5327 2916 5384 Manus
2949 5330 3080 5395 tuae,
3116 5326 3369 5389 Domine,
3407 5327 3560 5395 fece-

1972 5425 2113 5477 runt
2131 5435 2234 5489 me,
2257 5421 2606 5492 plasmavere
2622 5433 2710 5472 me
2725 5415 2901 5488 (Psal.
2927 5415 3102 5485 cvm).
3126 5415 3192 5468 Et
3209 5413 3339 5468 illud
3358 5414 3409 5466 in
3433 5411 3568 5466 Can-

1973 5511 2013 5566 ti
2027 5526 2094 5568 co
2121 5528 2134 5566 :
2163 5511 2355 5568 Manus
2371 5524 2508 5564 mea:
2525 5507 2814 5563 stillavere
2852 5505 3148 5582 myrrham
3174 5505 3362 5575 (Cant.
3402 5517 3456 5572 v,
3486 5501 3562 5578 ὅ),
