4086 6290
577 265 682 318 983

1712 254 2018 313 APPEND.
2078 256 2174 311 AD
2233 254 2290 310 S.
2337 252 2761 311 BERTARIUM.

3774 255 3871 311 98‘

573 385 689 441 Hac
710 383 909 456 quippe
930 381 1246 439 auctoritate
1266 397 1427 455 quam
1447 380 1684 454 pulchrae
1697 388 1800 436 tuae
1819 395 2013 435 manus
2029 394 2177 435 com-
2206 378 2263 439 Α
2283 377 2443 434 lectio
2474 392 2633 433 sacra
2660 384 2836 433 sonat.
2867 376 3014 433 Ecce
3028 376 3142 446 jam
3159 374 3504 432 Scholasticis
3521 390 3733 432 nomen
3757 377 3870 431 vir-

573 473 746 545 plexae
768 472 1085 539 consistunt,
1108 488 1274 543 super
1294 487 1432 542 quas
1453 478 1614 541 caput
1631 469 1916 533 reclinans,
1938 467 2168 522 imbrem

576 560 1116 632 coelituslacrymans
1133 558 1391 615 eﬁ‘udisti.
1438 558 1544 613 Sed
1582 557 1727 628 quod
1769 546 1950 626 caput,
1989 558 2171 626 Apos-

577 648 721 703 tolus
771 648 947 704 dicat:
993 650 1174 721 Caput
1205 648 1467 703 mulieris
1501 646 1605 712 vir,
1648 648 1821 717 caput
1867 645 1977 699 viri
2030 645 2172 698 Deus

572 736 768 807 (Zach.
791 752 867 805 v1,
896 737 1005 807 12).
1030 737 1168 790 Nam
1191 735 1341 804 cujus
1369 734 1467 788 viri
1497 732 1603 788 nisi
1641 733 1805 797 illius,
1847 732 1992 786 unde
2029 731 2172 785 Pro-

574 824 738 895 phete
761 823 890 879 dicit
919 842 932 879 :
964 826 1052 881 Vir
1089 824 1288 879 Oriens
1321 838 1526 879 nomen
1563 823 1685 893 ejus
1706 825 1728 876 ?
1748 821 1799 890 (Ι
1815 820 1935 876 Cor.
1973 834 2056 884 χι,
2093 817 2172 889 3.)

573 913 720 968 Ecce
753 911 843 967 ille
883 912 974 983 qui
1013 928 1114 983 pro
1150 911 1319 965 salute
1353 910 1592 965 omnium
1624 910 1678 962 in
1717 924 1881 964 cruce
1915 907 2172 963 inclinato

576 1000 753 1071 capite
784 1000 1004 1055 tradidit
1025 999 1289 1071 spiritum,
1315 1014 1413 1053 suo
1446 997 1620 1069 capite
1641 1012 1784 1053 nunc
1803 1004 1923 1051 tuas
1942 995 2178 1051 declina-

577 1088 653 1144 vit
672 1088 727 1142 in
746 1088 973 1159 palmas,
992 1097 1049 1142 ut
1088 1088 1171 1141 sui
1207 1086 1451 1158 mysterii
1485 1087 1629 1158 quod
1666 1093 1849 1141 mente
1890 1085 2173 1156 quaerebas

575 1190 857 1245 arcanum,
881 1175 976 1230 tibi
997 1182 1242 1231 manaret
1262 1176 1328 1229 ab
1346 1175 1528 1229 astris.
1555 1173 1688 1243 Quae
1709 1182 1917 1229 tantum
1950 1172 2173 1227 insertis

577 1262 763 1336 digitis
780 1263 941 1336 egisti
960 1263 1301 1333 miraculum,
1343 1263 1473 1335 quid
1508 1261 1720 1318 faceres
1759 1262 1805 1316 si
1833 1260 2045 1332 palmas
2074 1276 2172 1314 ex-

576 1350 848 1406 tendisses
867 1351 934 1406 ad
953 1353 1185 1423 preces?
1205 1352 1449 1424 Cumque
1469 1351 1669 1406 levaret
1689 1350 1758 1405 de
1779 1364 1968 1404 mensa
1988 1354 2169 1419 caput,

578 1445 739 1495 tantae
757 1440 1152 1495 coruscationis
1172 1447 1223 1494 et
1244 1438 1465 1495 tonitrui
1496 1438 1685 1503 virtus,
1724 1445 1980 1508 tantaque
2008 1436 2173 1490 inun-

576 1526 724 1582 datio
751 1527 950 1599 pluviaa
976 1527 1173 1598 erupit,
1191 1536 1250 1582 ut
1269 1543 1447 1599 neque
1468 1525 1796 1582 venerabilis
1826 1525 2171 1586 Benedictus.

575 1631 753 1686 neque
775 1614 969 1671 fratres
989 1615 1225 1688 quicum
1245 1631 1310 1671 eo
1335 1615 1583 1680 aderant,
1599 1622 1748 1669 extra
1765 1613 2045 1669 locilimen
2065 1629 2173 1684 quo

2272 474 2453 521 tutum-
2490 466 2653 521 laude
2700 474 2956 522 coruscat
2995 482 3009 521 :
3053 480 3183 521 ecce
3230 464 3375 520 illius
3420 464 3686 521 miraculo
3716 464 3870 536 plebs

2271 563 2458 610 sancta
2489 554 2796 627 congaudet
2831 570 2844 609 :
2878 569 3005 609 ecce
3034 569 3196 626 quam
3237 553 3455 609 cultasti
3494 553 3715 608 sarculo
3755 568 3868 609 cce-

2271 642 2415 711 lesti,
2448 642 2652 699 fructus
2682 642 2788 698 fert
2818 641 3119 714 signorum.
3151 642 3404 714 Sequitur
3434 659 3447 696 :

2344 735 2430 787 12.
2464 732 2615 787 Tunc
2645 731 2726 786 vir
2754 731 2855 786 Dei
2885 730 3026 786 inter
3054 745 3316 786 coruscos
3346 730 3580 785 tonitrus
3600 736 3775 802 atque
3792 729 3869 784 in-

2270 820 2450 893 gentis
2477 818 2674 890 pluviae
2703 818 3129 887 inundationem,
3160 818 3352 874 videns
3382 834 3442 874 se
3470 819 3537 873 ad
3584 826 3869 874 monaste-

2271 907 2413 962 rium
2442 923 2551 963 non
2581 923 2744 979 posse
2772 923 3033 973 remeare,
3067 907 3231 979 coepit
3260 906 3521 979 conqueri
3572 906 3871 963 contrista-

2270 1003 2377 1062 tus,
2421 994 2610 1052 dicens
2642 1014 2655 1050 :
2706 996 2897 1051 Pareat
2941 994 3038 1050 tibi
3084 995 3427 1067 omnipotens
3471 996 3636 1064 Deus,
3689 1010 3868 1059 soror,

2272 1083 2400 1156 quid
2430 1092 2513 1139 est
2540 1084 2686 1156 quod
2716 1082 2892 1140 fecisti
2920 1084 2950 1139 ?
2977 1083 3158 1153 Quare
3187 1083 3407 1156 quaeris,
3439 1084 3523 1139 vir
3564 1083 3687 1149 Dei,
3742 1084 3871 1155 quid

2272 1188 2431 1228 soror
2458 1172 2647 1228 fecerit
2668 1172 2696 1227 ?
2722 1172 2979 1244 Nunquid
3005 1167 3113 1227 non
3143 1172 3320 1228 cernis
3364 1172 3494 1244 quid
3539 1172 3660 1243 ipsa
3720 1171 3869 1227 fece-

2270 1261 2395 1316 rit?
2431 1259 2691 1332 Nunquid
2730 1275 2841 1315 non
2884 1260 3037 1315 vides
3071 1260 3266 1331 pluvia
3321 1260 3547 1331 guttas?
3607 1259 3873 1331 Nunquid

2271 1365 2381 1405 non
2411 1349 2567 1404 audis
2597 1355 2993 1419 concrepantes
3022 1348 3263 1421 mugitus
3291 1348 3506 1405 aetheris
3538 1352 3561 1404 .9
3600 1348 3867 1420 Nunquid

2270 1453 2380 1493 non
2409 1437 2578 1492 sentis
2606 1436 2870 1492 miracula
2896 1452 3204 1503 coruscare,
3236 1436 3391 1509 signa
3419 1436 3609 1505 ﬂuere,
3663 1436 3872 1491 funda-

2269 1525 2418 1581 mina
2463 1525 2657 1581 domus
2702 1526 3144 1590 contremiscere,
3191 1532 3246 1581 et
3289 1525 3424 1581 dicis
3461 1525 3590 1597 quid
3637 1524 3871 1581 fecisti?

2271 1613 2528 1685 Nunquid
2557 1614 2675 1685 ipsa
2705 1614 2809 1669 hoc
2837 1613 2985 1680 fecit,
3020 1614 3163 1685 quod
3180 1614 3354 1684 magis
3376 1620 3464 1668 tua
3484 1622 3669 1669 sancta
3696 1628 3871 1685 nega-

578 1703 964 1770 consederent,
994 1705 1189 1774 pedem
1213 1719 1435 1760 movere
1473 1703 1794 1774 potuissent.
1829 1701 2002 1771 Quam
2032 1717 2175 1756 nova
2202 1731 2250 1793 B
2269 1703 2344 1758 tio
2374 1702 2500 1758 fecit
2524 1719 2537 1758 :
2573 1702 2699 1774 quia
2728 1702 2774 1757 si
2803 1718 2913 1757 non
2941 1718 3225 1776 negasses,
3258 1702 3575 1758 miraculum
3598 1718 3717 1756 non
3738 1718 3871 1757 eve-

575 1790 836 1846 miracula
869 1791 1094 1858 mundo,
1129 1806 1293 1863 quam
1342 1791 1550 1847 cunctis
1593 1791 1865 1846 laudanda
1898 1789 2173 1861 praeconia

573 1879 751 1935 saeclis
775 1877 788 1933 l
821 1878 916 1935 ubi
943 1879 1087 1934 nulla
1104 1887 1218 1935 erat
1245 1880 1439 1934 umbra
1466 1879 1645 1945 nubis,
1690 1894 1788 1934 aer
1814 1879 2024 1933 intonat
2052 1877 2171 1933 cla-

570 1966 813 2022 moribus
833 1983 1025 2023 omnes
1056 1983 1069 2023 :
1103 1976 1156 2023 et
1185 1969 1354 2023 densa
1393 1968 1630 2023 tonitrua
1659 1975 1875 2033 sonant,
1912 1967 2008 2023 ubi
2047 1966 2173 2021 nul-

571 2054 676 2110 lius
707 2063 826 2110 erat
855 2056 1144 2112 concussio
1171 2056 1338 2112 venti.
1371 2057 1507 2111 Nam
1538 2073 1678 2111 unus
1706 2056 1827 2111 fons
1869 2056 2171 2123 oculorum,

576 2150 631 2199 et
659 2158 908 2199 mensam
935 2144 1147 2217 rigabat
1175 2145 1450 2216 lacrymis,
1483 2152 1535 2200 et
1550 2146 1721 2200 aether
1735 2144 2001 2199 imbribus
2020 2159 2172 2200 arva.

580 2230 696 2287 Stet
724 2247 869 2289 nunc
898 2239 1086 2289 sancta
1115 2233 1347 2289 charitas
1378 2231 1505 2300 ﬁxa,
1536 2241 1680 2288 stent
1720 2233 2029 2288 immobiles
2079 2248 2174 2303 pe-

577 2318 676 2374 des
704 2318 933 2376 fraterni
966 2339 979 2375 :
1013 2321 1160 2393 quod
1190 2336 1347 2377 soror
1375 2320 1568 2393 poscit,
1603 2337 1711 2377 non
1752 2322 1988 2394 deneget
2035 2321 2176 2376 dile-

574 2406 683 2464 ctio
710 2405 896 2464 fratris
928 2426 942 2463 :
975 2409 1062 2478 da,
1095 2409 1285 2465 volens
1314 2409 1528 2477 nolens,
1560 2424 1767 2481 pernox
1798 2425 1956 2466 sacra
2000 2409 2175 2466 collo-

575 2495 723 2568 quia,
758 2496 937 2552 Pater.
970 2498 1116 2553 Ecce
1144 2497 1246 2553 ista
1274 2507 1606 2570 praeceptum
1658 2498 1873 2555 Domini
1918 2498 2171 2569 complet,

575 2583 711 2655 petit
738 2592 797 2639 ut
824 2585 1072 2656 accipiat,
1107 2586 1297 2658 quaerit
1326 2594 1384 2641 ut
1410 2586 1668 2655 inveniat,
1714 2587 1897 2657 pulsat
1941 2594 1999 2641 ut
2046 2602 2176 2657 ape-

579 2672 751 2727 riatur
778 2673 848 2728 ei.
882 2672 1024 2743 Quid
1053 2675 1207 2745 petit,
1241 2675 1362 2747 ipsa
1391 2675 1555 2731 dicat.
1587 2674 1655 2731 Ut
1684 2691 1858 2747 usque
1888 2691 2048 2730 mane
2080 2674 2178 2729 ali-

577 2760 709 2831 quid
729 2760 797 2817 de
818 2761 1057 2817 caelestis
1076 2762 1201 2818 vitae
1214 2764 1432 2836 gaudiis
1454 2764 1763 2835 loquamur.
1780 2764 1920 2818 Nam
1941 2764 2066 2819 ideo
2082 2764 2179 2819 de-

577 2847 839 2903 scendisti
868 2849 1078 2916 obvius,
1126 2858 1184 2905 ut
1237 2851 1343 2905 ista
1400 2851 1545 2906 dona
1594 2850 1917 2921 proferres:
1974 2849 2179 2923 perﬁce

575 2935 722 3007 quod
749 2937 981 3009 coepisti.
1014 2939 1152 2993 Nam
1182 2953 1291 2994 non
1320 2937 1471 2994 initio
1499 2939 1784 3010 praemium
1833 2947 2028 3003 exstat,
2081 2941 2180 2996 sed

576 3022 631 3077 in
659 3022 765 3081 fine
795 3040 1023 3097 operum
1053 3027 1342 3083 bonorum.
1376 3027 1589 3083 Idcirco
1614 3044 1644 3083 e
1669 3028 1884 3099 superis
1913 3028 2052 3084 fudit
2074 3030 2183 3085 Βο-

568 3111 750 3168 minus
781 3112 1032 3182 imbrem,
1084 3123 1142 3170 ut
1187 3123 1243 3171 tu
1292 3132 1399 3172 non
1442 3117 1684 3188 deneges
1726 3116 2171 3189 praedicaminum

569 3215 807 3258 amnem.
843 3204 983 3259 Vere
1010 3220 1119 3261 non
1151 3205 1328 3276 poscit
1355 3221 1554 3260 munus
1575 3205 1859 3273 caducum,
1882 3206 1979 3261 sed
2009 3207 2169 3279 regni

570 3289 810 3347 ccelestis
841 3292 1041 3363 expetit
1068 3293 1300 3349 lucrum.
1337 3294 1591 3365 Sequitur
1622 3312 1635 3349 :

641 3400 728 3452 11.
764 3398 1204 3456 Sanctimonialis
1235 3408 1414 3455 autem
1439 3399 1658 3467 femina,
1692 3408 1854 3472 caput
1884 3400 1942 3456 in
1989 3401 2171 3457 mani-

569 3484 673 3540 bus
701 3486 1004 3554 declinans,
1034 3488 1394 3560 lacrymarum
1423 3488 1616 3545 fluvios
1646 3488 1702 3543 in
1732 3505 1917 3545 mensa
1943 3489 2171 3550 fuderat,

567 3590 671 3645 per
699 3592 835 3648 quos
866 3576 1214 3633 serenitatem
1245 3579 1388 3633 aeris
1436 3586 1487 3633 et
1532 3577 1776 3649 pluviam
1822 3580 1980 3634 traxit
2013 3597 2026 3633 :
2072 3596 2175 3636 nec

570 3663 735 3732 paulo
760 3665 963 3720 tardius
1002 3674 1126 3737 post
1171 3667 1473 3721 orationem
1520 3666 1796 3722 inundatio
1844 3668 1937 3722 illa
1988 3678 2177 3724 secuta

569 3757 653 3805 est
686 3769 699 3805 :
732 3753 830 3807 sed
862 3760 1012 3807 tanta
1041 3753 1137 3808 fuit
1166 3755 1546 3809 convenientia
1575 3755 1835 3810 orationis
1865 3764 1919 3812 et
1949 3756 2179 3815 inunda-

570 3837 753 3905 tionis,
786 3847 844 3894 ut
871 3841 940 3895 de
968 3857 1160 3896 mensa
1189 3849 1350 3913 caput
1374 3843 1485 3911 jam
1529 3859 1651 3899 cum
1696 3843 1896 3898 tonitru
1944 3844 2173 3913 levaret,

572 3935 842 3999 quatenus
873 3946 1040 3984 unum
1070 3929 1326 4003 idemque
1355 3938 1500 3987 esset
1531 3940 1889 3999 momentum,
1924 3941 1975 3987 et
1997 3933 2182 3990 levare

571 4024 731 4088 caput
761 4025 813 4073 et
842 4018 1083 4089 pluviam
1100 4021 1393 4092 deponere.
1420 4019 1594 4090 Quam
1625 4021 1802 4076 bonus
1827 4022 1973 4076 Deus
2004 4023 2177 4080 Israel

570 4106 733 4162 rectis
764 4108 950 4176 corde,
1011 4126 1170 4181 quam
1225 4109 1330 4181 piae
1385 4110 1580 4166 animae
1639 4112 1900 4182 quaerenti
1954 4111 2105 4166 illum
2147 4114 2176 4168 ?

568 4194 713 4251 Ecce
744 4196 833 4267 qui
878 4206 1149 4253 scrutator
1196 4207 1278 4253 est
1326 4200 1585 4254 mentium
1639 4208 1692 4253 et
1737 4200 1902 4263 corda
1934 4201 2176 4255 omnium

572 4284 765 4351 cernit,
798 4284 889 4356 qui
919 4302 1020 4356 per
1049 4286 1389 4341 Psalmistam
1410 4287 1540 4343 dicit
1564 4305 1576 4341 :
1603 4289 1885 4343 [avocabit
1905 4305 1993 4344 me
2010 4293 2066 4344 et
2082 4305 2175 4361 ego

570 4372 879 4428 exaudiam
901 4390 1048 4439 eum,
1073 4392 1205 4430 cum
1228 4378 1344 4444 ipso
1363 4392 1490 4430 sum
1519 4377 1582 4430 in
1605 4377 1972 4433 tribulatione
1993 4378 2170 4447 (Psal.

2198 3080 2247 3144 Ο

2270 1791 2430 1846 niret.
2463 1790 2579 1846 Hoc
2607 1791 2851 1846 Christus
2879 1790 3053 1864 gessit
3078 1790 3294 1862 pietatis
3327 1798 3552 1846 amator.
3592 1792 3740 1845 Nam
3769 1807 3871 1862 pe-

2272 1879 2404 1935 tenti
2433 1880 2742 1935 Chananeaa
2783 1879 3000 1935 mulieri
3042 1895 3235 1951 preces
3283 1879 3472 1935 audire
3513 1879 3747 1945 distulit,
3813 1888 3872 1934 ut

2274 1968 2387 2037 ejus
2424 1966 2587 2023 ﬁdem
2636 1967 2840 2023 faceret
2886 1967 3205 2034 acutiorem,
3254 1975 3311 2022 ut
3356 1968 3619 2039 quaerenti
3670 1967 3871 2023 catello

2272 2056 2460 2125 micas,
2492 2054 2588 2110 filii
2617 2056 2841 2111 daretur
2868 2056 3043 2127 panis.
3080 2055 3189 2111 Sed
3213 2055 3308 2111 illa
3334 2063 3392 2110 ut
3413 2063 3672 2111 extranea
3692 2072 3726 2111 a
3750 2055 3871 2111 fini-

2275 2144 2377 2200 bus
2406 2152 2533 2200 tunc
2561 2144 2727 2211 venit,
2745 2144 2858 2212 jam
2879 2160 2988 2200 non
3006 2151 3266 2199 extranea
3284 2159 3317 2199 a
3338 2143 3611 2200 consortio
3626 2144 3827 2199 Christi
3851 2163 3865 2199 :

2274 2234 2377 2288 ista
2404 2249 2537 2289 vero
2565 2249 2595 2287 a
2626 2232 2907 2289 cunabulis
2936 2232 3150 2288 Christo
3178 2232 3376 2299 dicata,
3406 2248 3527 2287 cum
3561 2232 3729 2287 Maria
3751 2233 3871 2304 glo-

2274 2321 2422 2377 riosa
2452 2321 2676 2395 Virgine
2705 2321 2890 2377 audire
2918 2321 3115 2377 meruit
3147 2337 3159 2377 :
3193 2322 3476 2394 Optimam
3506 2325 3731 2393 partem
3760 2322 3872 2377 ele-

2274 2412 2362 2483 git
2379 2411 2532 2480 (Luc.
2553 2427 2604 2477 x,
2640 2411 2748 2481 42).
2780 2411 2850 2464 Et
2878 2426 3047 2483 quare
3076 2411 3236 2465 Pater
3282 2409 3633 2466 contristatus
3679 2409 3818 2466 dicis
3848 2429 3863 2465 :

2278 2500 2469 2555 Pareat
2496 2497 2593 2553 tibi
2613 2499 2955 2569 omnipotens
2986 2500 3154 2566 Deus,
3189 2513 3362 2563 soror,
3383 2498 3512 2569 quid
3527 2505 3611 2552 est
3629 2498 3780 2570 quod
3799 2497 3872 2554 fe-

2277 2586 2398 2642 cisti
2425 2587 2452 2641 ?
2480 2586 2526 2642 Ο
2556 2586 2640 2643 vir
2670 2588 2789 2652 Dei,
2825 2587 2921 2641 tibi
2970 2586 3254 2641 hominum
3302 2594 3511 2641 mentes
3553 2594 3861 2657 patescunt,

2277 2675 2373 2730 tibi
2402 2690 2499 2731 aer
2525 2675 2853 2730 numismata
2901 2675 3094 2741 fundit,
3127 2674 3224 2729 tibi
3283 2674 3439 2729 arida
3488 2674 3632 2729 dolia
3690 2675 3865 2730 oleum

2277 2772 2522 2825 manant,
2554 2763 2650 2818 tibi
2680 2763 2790 2819 alta
2812 2763 3064 2835 profundi
3093 2763 3195 2818 laci
3239 2762 3445 2819 ferrum
3491 2762 3764 2819 reducunt
3801 2763 3868 2817 ab

2279 2852 2408 2918 imo,
2443 2851 2546 2923 ipsi
2576 2851 2733 2907 inferi
2763 2851 2995 2907 animam
3026 2852 3279 2921 reddunt,
3314 2859 3365 2907 et
3392 2867 3533 2907 nunc
3563 2852 3721 2923 quasi
3740 2866 3870 2908 eon-

2281 2941 2519 2995 tristatus
2549 2941 2800 2996 nesciens
2830 2940 2985 3007 dicis,
3016 2940 3148 3013 quid
3177 2938 3396 2996 fecisti?
3424 2938 3471 2995 Ο
3500 2940 3662 2995 Pater
3690 2940 3862 3007 beate,

2282 3029 2327 3083 si
2358 3028 2440 3084 fas
2470 3037 2552 3085 est
2579 3029 2782 3095 dicere,
2816 3036 3070 3101 quantum
3102 3028 3271 3084 fuerat
3285 3028 3482 3097 justius
3513 3028 3715 3098 dicere,
3743 3030 3867 3084 Par-

2290 3125 2374 3173 cat
2402 3118 2533 3173 mihi
2561 3118 2903 3190 omnipotens
2931 3118 3094 3185 Deus,
3130 3117 3222 3189 qui
3250 3125 3367 3173 tuas
3392 3116 3566 3172 bonas
3593 3132 3706 3172 non
3717 3118 3872 3173 audio

2270 3223 2464 3277 preces
2496 3225 2508 3262 :
2542 3223 2705 3279 quam
2734 3208 2965 3264 diceres.
2998 3208 3187 3263 Parca!
3217 3206 3312 3261 tibi
3334 3205 3676 3277 omnipotens
3697 3207 3862 3273 Deus,

2273 3296 2403 3368 quid
2459 3305 2541 3353 est
2596 3298 2740 3370 quod
2796 3296 3028 3354 fecisti?
3057 3299 3170 3352 Hoc
3212 3302 3296 3351 est
3347 3295 3479 3349 illud
3537 3295 3861 3361 Salomonis,

2273 3387 2454 3459 Argue
2471 3388 2784 3459 sapientem
2805 3391 2862 3443 et
2890 3388 3089 3459 diliget
3107 3392 3162 3444 te
3194 3388 3375 3459 (Prov.
3408 3400 3487 3454 Ix,
3540 3383 3616 3455 8).
3668 3385 3864 3458 Sequi-

2274 3482 2361 3529 tur
2395 3492 2408 3528 :

2348 3584 2432 3635 13.
2466 3579 2565 3635 Cui
2595 3579 2683 3634 illa
2713 3580 2991 3652 respondit
3025 3600 3038 3636 :
3070 3583 3216 3640 Ecce
3246 3590 3297 3639 te
3328 3586 3537 3658 rogavi,
3585 3593 3640 3641 et
3680 3584 3865 3642 audire

2274 3686 2361 3725 me
2391 3668 2629 3735 noluisti,
2662 3669 2854 3741 rogavi
2883 3670 3174 3726 Dominum
3199 3688 3399 3741 meum,
3431 3681 3484 3729 et
3511 3674 3719 3731 audivit
3757 3690 3861 3730 me.

2275 3757 2637 3813 Subaudiatur
2669 3776 2682 3812 :
2715 3759 2789 3813 Te
2817 3759 3036 3830 quidem
3065 3761 3258 3834 rogavi
3286 3769 3344 3816 ut
3374 3760 3618 3830 fratrem,
3669 3762 3767 3818 sed
3809 3770 3864 3817 tu

2274 3855 2330 3900 ut
2351 3861 2667 3917 germanam
2715 3845 2932 3901 noluisti
2978 3847 3188 3904 audire.
3249 3849 3545 3920 Sperabam
3585 3859 3643 3905 ut
3688 3858 3864 3906 mente

2275 3934 2506 3989 haberes
2563 3934 2773 3989 viscera
2825 3935 3033 4003 matris,
3092 3945 3283 4008 partus
3335 3938 3599 4005 dolorem,
3666 3939 3863 3996 lacteas

2275 4039 2562 4089 mammas,
2598 4039 2762 4079 cunas
2791 4024 3038 4092 nutricis,
3071 4026 3286 4082 lavacra
3314 4027 3650 4098 obstetricis,
3673 4027 3863 4083 fascias

2276 4112 2620 4182 temporales,
2670 4112 2865 4184 quibus
2905 4113 3128 4169 infantia
3176 4115 3307 4170 olim
3353 4116 3593 4173 nutrivit.
3660 4116 3768 4171 Sed
3809 4125 3861 4170 tu

2274 4216 2362 4254 me
2393 4200 2609 4255 uoluisti
2643 4200 2852 4269 audire,
2887 4210 2939 4256 et
2981 4203 3155 4274 magis
3202 4202 3496 4259 festinabas
3538 4204 3606 4259 ad
3654 4205 3858 4268 fratres,

2275 4304 2413 4360 quos
2439 4288 2533 4342 tibi
2563 4290 2677 4344 sola
2706 4290 2941 4344 charitas
2978 4290 3171 4345 Christi
3204 4291 3331 4348 facit
3360 4309 3675 4365 germanos,
3728 4308 3861 4365 quos

2279 4377 2442 4433 etiam
2470 4378 2650 4433 nescis
2676 4395 2705 4431 a
2736 4394 2842 4449 quo
2872 4378 3038 4433 limite
3069 4380 3137 4433 ad
3166 4388 3253 4433 tua
3283 4381 3553 4436 cunabula
3584 4383 3685 4437 hos
3716 4398 3863 4436 mun-

569 4475 662 4526 xc,
688 4460 777 4531 12)
812 4478 824 4514 :
860 4476 988 4516 ecce
1017 4438 1125 4516 non
1153 4438 1379 4527 distulit,
1413 4479 1521 4517 non
1544 4463 1739 4519 multas
1761 4438 2033 4536 expedivit
2053 4479 2175 4537 pre‘
2193 4438 2246 4499 D
2276 4467 2377 4521 dus
2406 4438 2987 4523 transmittat..[dcirco
3017 4469 3203 4541 rogavi
3236 4469 3525 4524 Dominum
3555 4487 3755 4537 meum,
3812 4478 3863 4525 et

567 4564 680 4613 ces,
714 4548 813 4603 sed
842 4548 897 4602 in
924 4550 1031 4605 ictu
1061 4550 1202 4603 oculi
1233 4558 1286 4604 et
1312 4559 1512 4620 puncto
1568 4552 1749 4607 cordis
1804 4554 2004 4624 petenti
2061 4556 2163 4609 tri-

569 4636 684 4692 buit
727 4636 948 4691 donum.
993 4638 1132 4691 Nam
1174 4637 1354 4693 levato
1402 4639 1471 4694 de
1519 4641 1770 4695 manibus
1819 4644 2015 4712 capite,
2060 4660 2165 4698 una

567 4725 669 4781 fuit
710 4726 1084 4781 convenientia
1126 4726 1390 4782 orationis
1437 4736 1489 4784 et
1530 4728 1919 4786 inundationis.
1973 4732 2163 4787 Gaude

568 4821 621 4870 et
652 4813 854 4879 laetare,
880 4814 1121 4869 virorum
1144 4816 1502 4884 sanctissime,
1536 4819 1663 4890 quia
1692 4835 1819 4875 ecce
1850 4827 2001 4875 tenes
2018 4823 2164 4893 quod

566 4902 804 4969 voluisti,
857 4918 986 4959 ecce
1025 4903 1193 4959 habes
1240 4906 1385 4976 quod
1431 4924 1649 4979 semper
1690 4908 1975 4979 quaesisti:
2034 4926 2161 4967 ecce

566 4990 822 5045 miracula
870 4992 1046 5047 cernis
1108 4992 1363 5067 insignia,
1412 4996 1551 5051 coelo
1609 5005 1858 5068 terraque
1912 4999 2156 5069 probata.

568 5078 711 5134 Vere
743 5079 789 5133 si
820 5095 928 5135 non
959 5098 1221 5155 negasses
1252 5084 1399 5155 quod
1444 5085 1756 5156 expetebas,
1802 5103 1911 5142 non
1953 5087 2163 5143 fuerant

564 5168 724 5241 signa
753 5169 1004 5225 humanis
1028 5172 1201 5227 oculis
1252 5181 1399 5241 nata,
1451 5190 1572 5245 quae
1593 5182 1702 5230 toto
1726 5191 1944 5247 semper
1958 5178 2162 5232 mundo

657 5313 852 5383 fErant
871 5326 986 5383 ergo
1008 5316 1203 5378 gemelli
1229 5318 1516 5369 Benedictus
1540 5323 1590 5369 et
1608 5321 2027 5383 Scholastica,uno
2061 5324 2163 5374 sci-

562 5380 693 5451 licet
711 5385 852 5443 partu
874 5382 988 5451 editi
1002 5396 1029 5451 A:
1060 5395 1157 5433 non
1182 5385 1309 5434 enim
1338 5398 1432 5435 una
1458 5386 1514 5435 iis
1552 5387 1725 5438 alicubi
1754 5380 1939 5439 mansio
1963 5395 2057 5448 est,
2080 5391 2161 5451 qui

565 5446 659 5497 sibi
680 5446 729 5496 in
754 5448 977 5498 eumdem
1001 5448 1159 5499 locum
1187 5456 1293 5512 post
1330 5451 1586 5504 intervalla
1629 5455 1915 5507 succedunt.
1960 5446 2161 5508 Trith'e-

568 5513 694 5567 mius
714 5513 763 5566 in
791 5514 877 5567 lib.
906 5529 941 5579 ι,
968 5515 1029 5567 de
1056 5516 1181 5569 Viris
1216 5518 1371 5571 illust.
1436 5518 1552 5574 0rd.
1602 5522 1655 5574 S.
1707 5522 1788 5588 B.,
1837 5535 1883 5586 c,
1948 5525 2029 5587 1.,
2099 5525 2160 5576 de

2265 4555 2470 4610 audivit
2527 4572 2633 4611 me.
2666 4556 2746 4610 Tu
2777 4572 2885 4611 non
2941 4558 3262 4613 attendebas
3320 4559 3465 4630 quod
3523 4576 3664 4613 unus
3710 4567 3860 4631 pater

2264 4645 2547 4700 amborum
2578 4644 2797 4700 contulit
2828 4646 3092 4711 membra,
3144 4653 3198 4701 tu
3246 4663 3354 4702 non
3403 4649 3668 4703 cernebas
3696 4664 3857 4703 unam

2265 4733 2421 4788 nobis
2448 4733 2783 4788 mansionem
2815 4742 2838 4768 ³
2861 4750 2982 4789 esse
3015 4734 3112 4807 [aL
3138 4733 3327 4809 fuisse]
3349 4736 3489 4791 inter
3510 4737 3648 4793 uteri
3666 4746 3817 4809 septa
3840 4754 3853 4789 :

2264 4822 2466 4878 idcirco
2497 4823 2567 4877 ad
2594 4822 2746 4877 illum
2775 4830 2986 4894 patrem
3017 4824 3252 4891 cucurri,
3287 4825 3377 4897 qui
3408 4826 3565 4881 nobis
3624 4826 3852 4880 animam

2264 4912 2429 4978 dedit,
2465 4912 2556 4983 qui
2587 4920 2807 4968 terrena
2838 4911 3040 4979 tribuit,
3077 4921 3128 4969 et
3160 4913 3399 4969 cmlestia
3416 4931 3524 4969 non
3546 4915 3850 4988 denegavit.

2262 5000 2423 5054 Modo
2453 5017 2587 5071 ergo
2617 5002 2662 5055 si
2691 5009 2865 5072 potes,
2889 5002 3177 5073 egredere,
3211 5010 3263 5058 et
3281 5019 3367 5058 me
3390 5003 3633 5067 dimissa,
3654 5004 3719 5058 ad
3740 5019 3852 5058 mo-

2261 5089 2557 5144 nasterium
2587 5089 2723 5144 redi.
2760 5090 2917 5145 Modo
2948 5090 3091 5145 enim
3118 5093 3406 5162 praesentis
3433 5100 3515 5147 est
3545 5092 3797 5164 temporis
3834 5109 3848 5145 :

2263 5179 2423 5233 modo
2454 5179 2617 5244 enim,
2666 5179 2882 5250 quando
2928 5179 3023 5233 tibi
3072 5180 3416 5251 omnipotens
3469 5182 3613 5236 Deus
3661 5182 3847 5235 itinera

2261 5322 2566 5373 Abundantia
2594 5334 2764 5373 eorum
2786 5326 2943 5373 matre
2983 5336 3169 5385 agens:
3200 5325 3333 5387 Haec,
3360 5325 3532 5388 inquit,
3578 5324 3844 5387 periclitata

2261 5389 2311 5439 in
2334 5395 2475 5452 partu
2520 5390 2737 5452 geminos
2783 5390 2951 5452 edidit,
2997 5391 3146 5441 tilium
3182 5392 3369 5446 scilicet
3415 5391 3747 5455 Benedictum,
3796 5394 3842 5445 et

2261 5455 2409 5507 ﬁliam
2438 5457 2631 5507 nomine
2655 5456 3040 5510 Scholasticam.
