4086 6296
302 271 412 324 985

1334 267 1496 323 VITA
1545 265 1832 324 SANCTE
1890 265 2382 322 SCHOLASTICJE
2419 267 2608 323 VIRG.

3501 267 3604 320 986

301 391 496 447 clausit
539 407 551 445 :
601 390 785 456 modo,
829 391 1045 462 quando
1089 390 1292 445 aditum
1355 390 1517 445 eundi
1565 388 1852 461 denegavit
1887 391 1979 450 :A
2011 398 2161 444 erant
2190 391 2256 444 ad
2290 389 2542 445 invicem.
2594 389 2702 444 Sed
2732 389 2847 445 haec
2864 396 2944 444 est
2961 387 3197 460 perfecta
3220 386 3460 444 charitas
3482 404 3604 458 qua

305 481 493 544 modo,
527 479 571 534 si
601 488 775 550 potes,
806 496 892 533 me
929 479 1172 544 dimissa,
1203 481 1272 534 ad
1318 479 1706 534 monasterium
1764 477 1902 533 redi.

304 570 495 636 Etcur,
517 570 692 636 Pater,
718 567 966 640 fatigaris
986 569 1014 622 ἲ
1041 568 1296 640 Nunquid
1309 584 1417 622 non
1433 568 1515 622 hic
1540 575 1621 622 est
1644 575 1908 620 monaste-

303 657 445 711 rium
475 657 566 710 ubi
615 665 668 711 tu
719 672 798 724 es,
832 656 922 728 qui
979 665 1142 726 caput
1178 674 1238 711 es
1259 657 1498 711 omnium
1544 655 1905 709 monasterio-

305 761 444 810 rum,
492 753 542 799 et
597 745 789 798 doctor
841 745 1084 798 omnium
1131 747 1539 812 monachorum,
1615 743 1739 797 dum
1797 759 1907 796 non

304 833 460 888 locus
489 832 780 896 hominem,
829 833 926 887 sed
995 835 1154 887 homo
1223 832 1522 888 sanctificet
1558 831 1735 886 locum
1758 833 1784 886 ?
1815 833 1905 886 Sta

304 937 470 985 nunc,
503 922 663 975 Pater
692 921 1047 985 sanctissime,
1087 921 1305 988 invitus,
1339 929 1397 975 ut
1433 919 1654 974 alterius
1695 919 1801 973 diei
1822 919 1903 973 sol

305 1009 402 1064 tibi
436 1009 671 1080 praebeat
699 1025 946 1080 gressus.
983 1008 1240 1080 Sequitur
1274 1028 1286 1063 :

373 1099 495 1168 Ipse
554 1105 733 1152 autem
791 1097 940 1151 exire
998 1105 1146 1151 extra
1178 1106 1378 1153 tectum
1422 1115 1530 1155 non
1561 1103 1772 1169 valens,
1811 1105 1904 1176 qui

305 1202 528 1241 manere
558 1192 749 1255 sponte
778 1185 944 1240 noluit
977 1185 1032 1239 in
1062 1185 1202 1251 loco,
1229 1187 1423 1240 mansit
1481 1189 1699 1246 invitus.
1729 1192 1904 1260 Quam

307 1275 494 1329 multis
526 1273 727 1328 sanctis
769 1273 896 1328 viris
945 1273 1113 1327 factus
1169 1291 1227 1328 es
1249 1275 1332 1329 vir
1363 1275 1459 1330 Dei
1508 1293 1753 1350 compar,
1814 1281 1904 1352 qui

307 1363 460 1418 inviti
490 1362 735 1417 fecerunt
771 1362 1041 1417 bonorum
1101 1361 1258 1418 facta.
1294 1365 1432 1418 Nam
1480 1367 1649 1423 Jacob
1705 1369 1904 1424 invitus

308 1451 532 1506 fratrem
563 1450 716 1523 fugit,
748 1451 838 1522 qui
860 1460 1047 1521 postea
1077 1452 1238 1506 rediit
1268 1468 1387 1507 cum
1435 1455 1636 1510 multis.
1681 1457 1770 1512 Sic
1813 1458 1904 1512 Jo—

309 1541 442 1610 seph
465 1539 659 1594 invitus
688 1539 862 1611 pergit
892 1539 960 1592 ad
1020 1540 1225 1605 sedem,
1284 1549 1339 1594 ut
1366 1542 1558 1598 doctor
1615 1542 1770 1600 fieret
1805 1561 1902 1616 po-

308 1628 437 1698 pulo
469 1627 586 1681 Dei.
621 1627 711 1682 Sic
733 1627 922 1681 Daniel
955 1627 1100 1681 vadit
1139 1628 1470 1699 Babylonem
1499 1632 1565 1685 ad
1607 1649 1811 1699 arcem,
1846 1642 1902 1688 ut

2008 478 2157 532 Deus
2173 487 2291 546 .est,
2324 495 2430 550 qua
2456 479 2543 533 hic
2574 478 2696 548 plus
2745 494 2851 532 una
2883 477 3052 548 potuit
3101 493 3265 548 quam
3323 476 3495 530 alter:
3529 476 3603 530 de

2006 581 2114 636 qua
2157 566 2285 621 dicit
2322 567 2611 637 Apostolus
2649 584 2661 620 :
2704 566 2962 621 Charitas
3022 567 3120 620 Dei
3155 565 3372 636 diffusa
3414 568 3501 618 est
3540 565 3603 618 in

2004 655 2258 711 cordibus
2287 657 2498 710 nostris
2535 672 2639 729 per
2673 656 2950 726 Spiritum
2989 659 3272 720 sanctum,
3305 655 3400 726 qui
3433 653 3601 707 datus

2004 746 2092 798 est
2118 744 2274 798 nobis
2300 745 2476 813 (Rom.
2502 761 2562 809 v,
2592 745 2666 813 5).
2701 742 2954 814 Sequitur
2981 760 2993 796 :

2078 833 2161 886 l5.
2195 832 2439 902 Cumque
2471 833 2558 885 die
2590 831 2762 885 altero
2793 831 2982 886 eadem
3017 829 3345 886 venerabilis
3391 829 3602 884 femina

2002 915 2071 968 ad
2104 915 2296 970 cellam
2329 915 2607 986 prepriam
2637 915 2976 977 recessisset,
3003 915 3082 969 vir
3111 915 3212 970 Dei
3242 916 3309 969 ad
3340 925 3608 971 monaste-

2004 1003 2145 1057 rium
2177 1003 2334 1057 rediit
2367 1022 2379 1058 :
2411 1012 2462 1058 et
2491 1019 2618 1059 ecce
2648 1019 2773 1058 cum
2799 1012 2920 1073 post
2951 1003 3188 1058 triduum
3217 1003 3270 1056 in
3302 1004 3442 1060 cella
3470 1023 3606 1063 con-

2003 1090 2221 1157 sistens,
2255 1091 2551 1146 elevatisin
2582 1107 2712 1147 aera
2730 1091 2922 1160 oculis,
2955 1091 3088 1146 vidit
3119 1092 3364 1160 ejusdem
3401 1097 3606 1150 sororis

2003 1194 2116 1233 suae
2144 1179 2378 1232 animam
2411 1179 2478 1234 de
2509 1180 2624 1248 ejus
2653 1195 2885 1250 corpore
2915 1195 3218 1250 egressam,
3254 1180 3309 1234 in
3339 1181 3606 1240 columbae

2004 1267 2186 1336 specie
2215 1267 2337 1322 caeli
2391 1275 2598 1322 secreta
2640 1276 2942 1338 penetrare.
3005 1266 3182 1334 Quam
3241 1267 3426 1324 felices
3479 1280 3605 1326 sunt

2002 1355 2143 1409 oculi
2174 1355 2266 1426 qui
2295 1355 2506 1410 animas
2557 1363 2785 1426 possunt
2835 1355 3190 1427 contemplari
3250 1357 3456 1428 beatas,
3515 1360 3607 1431 qui

2003 1443 2208 1498 carnali
2239 1443 2430 1500 intuitu
2461 1444 2725 1514 spiritalia
2754 1459 2979 1499 cernere
3011 1452 3213 1515 queunt
3244 1445 3271 1499 ?
3304 1446 3413 1500 Ista
3443 1447 3608 1502 lumi-

2002 1533 2157 1586 naria
2186 1548 2294 1587 non
2324 1533 2572 1601 adjacent
2603 1533 2656 1586 in
2684 1532 2990 1587 fundamine
3038 1531 3249 1599 frontis,
3307 1534 3405 1588 sed
3463 1536 3606 1591 intus

2002 1621 2332 1675 renitescunt
2355 1622 2424 1675 ad
2456 1621 2637 1676 cordis
2667 1621 2935 1675 fenestras
2969 1621 3037 1676 de
3069 1621 3263 1692 quibus
3292 1623 3420 1677 dicit
3452 1640 3464 1678 :
3502 1625 3608 1691 Qui

310 1716 516 1786 primus
546 1713 695 1769 fieret
715 1715 1049 1785 sapientibus
1088 1718 1314 1772 cunctis.
1339 1718 1427 1773 Sic
1478 1720 1675 1775 Saulus
1704 1721 1900 1776 invitus

2007 1713 2142 1764 sunt
2159 1711 2257 1764 isti
2288 1711 2384 1782 qui
2428 1714 2490 1764 ut
2530 1711 2701 1765 nubes
2724 1711 2934 1776 volant,
2961 1714 3016 1764 et
3063 1711 3213 1765 sicut
3234 1713 3500 1767 columbae
3537 1713 3610 1767 ad

311 1803 480 1859 factus
520 1811 600 1858 est
657 1803 872 1868 Paulus,
931 1812 987 1857 ut
1035 1803 1186 1859 fieret
1250 1807 1491 1876 gentium
1555 1810 1900 1879 praedicator.

310 1892 547 1963 Ideoque
577 1899 664 1945 tua
711 1907 818 1945 non
867 1892 1166 1962 requiescat
1221 1894 1472 1961 charitas,
1559 1906 1745 1953 sancte
1801 1899 1902 1964 vir,

311 1987 457 2034 stare
485 1979 703 2047 invitus,
737 1987 793 2033 ut
824 1979 1023 2034 Christi
1057 1981 1262 2035 tribuas
1316 1983 1644 2040 documenta
1693 1987 1900 2041 salutis.

313 2067 568 2139 Sequitur
598 2085 610 2120 :

384 2158 470 2210 14.
506 2155 702 2228 Sicque
731 2155 933 2211 factum
963 2165 1063 2222 est,
1101 2165 1156 2210 ut
1184 2166 1399 2214 noctem
1448 2167 1614 2216 totam
1663 2163 1901 2236 pervigi-

309 2245 418 2300 lem
448 2245 727 2308 ducerent,
759 2253 916 2316 atque
945 2261 1044 2315 per
1075 2261 1233 2302 sacra
1281 2248 1534 2318 spiritalis
1578 2250 1701 2305 vitae
1731 2252 1904 2308 collo-

309 2328 437 2400 quia
466 2344 587 2383 sese
617 2329 815 2384 vicaria
844 2329 1103 2384 relatione
1134 2331 1576 2389 satiarent.Ecce
1593 2351 1736 2391 nunc
1763 2352 1905 2391 nova

311 2416 572 2486 spiritalia
603 2417 799 2489 gaudia
830 2426 1078 2488 surgunt,
1113 2418 1235 2488 quia
1265 2436 1477 2492 negans
1515 2422 1682 2492 prius,
1732 2423 1904 2480 factus

311 2513 394 2559 est
423 2521 566 2560 nunc
620 2505 906 2560 attributor
955 2506 1192 2560 coelestis
1225 2523 1239 2561 :
1276 2517 1326 2562 et
1384 2509 1667 2581 colloquiis
1733 2513 1904 2567 sacris

309 2592 513 2648 vicaria
543 2592 802 2648 relatione
833 2609 892 2648 se
927 2593 1142 2661 satiant,
1181 2595 1272 2666 qui
1330 2597 1481 2666 prius
1513 2607 1669 2653 erant
1725 2616 1756 2654 a
1781 2615 1904 2656 con-

309 2681 494 2736 cordia
522 2679 823 2736 discordes.
860 2681 1070 2750 Quanta
1101 2691 1224 2737 sunt
1254 2685 1595 2755 omnipotens
1624 2693 1714 2741 tua
1733 2688 1902 2743 mira-

311 2769 459 2836 bilia,
491 2768 669 2824 Deusl
703 2770 840 2824 Nam
871 2770 1050 2824 omnia
1082 2771 1254 2841 proba
1311 2772 1545 2838 voluisti,
1610 2773 1804 2843 fecisti,
1840 2785 1893 2832 et

309 2872 418 2912 non
449 2864 530 2911 est
559 2857 650 2928 qui
673 2858 890 2912 resistat
918 2865 1022 2912 tuae
1039 2859 1334 2927 majestatis
1365 2863 1638 2930 potestati.
1664 2865 1903 2936 Ideoque

310 2945 533 2999 laudant
563 2953 614 2998 te
643 2945 786 3014 coeli,
820 2962 928 3012 aer,
964 2955 1124 3015 terra,
1157 2963 1330 3014 mare,
1376 2955 1428 3003 et
1458 2959 1650 3006 cuncta
1698 2970 1820 3024 qua:
1848 2955 1904 3008 in

310 3033 389 3087 eis
415 3041 537 3086 sunt
569 3051 582 3087 :
616 3033 743 3104 quia
773 3049 990 3104 semper
1042 3034 1270 3090 innovas
1327 3036 1486 3108 signa
1515 3047 1569 3093 et
1633 3041 1900 3096 mirabilia

2007 1801 2292 1869 fenestras
2324 1815 2458 1854 suas
2496 1803 2553 1867 ?t
2578 1800 2683 1872 [δα.
2717 1814 2811 1864 1.x,
2848 1803 2904 1853 8.
2937 1798 2956 1868 )
2986 1799 3130 1854 Ecce
3153 1800 3287 1867 jam,
3319 1800 3609 1856 Benedicte

2007 1887 2182 1951 Pater,
2214 1886 2316 1940 ista
2349 1886 2603 1941 columba
2631 1887 2700 1940 ad
2729 1894 2848 1940 tuas
2873 1887 3004 1955 jam,
3038 1887 3218 1942 cordis
3249 1887 3394 1943 volat
3451 1887 3606 1944 fene-

2007 1983 2168 2042 stras,
2203 1983 2261 2028 ut
2293 1983 2396 2029 tua:
2435 1975 2638 2030 sororis
2669 1975 2844 2028 anima
2886 1993 2986 2046 per
3040 1993 3131 2030 eas
3190 1977 3480 2042 transiens,
3538 1978 3606 2032 ad

2006 2063 2285 2118 cmlestem
2314 2063 2461 2116 illam
2491 2062 2693 2118 deferat
2713 2071 2924 2134 portam
2957 2081 2970 2117 :
3007 2071 3062 2118 ut
3091 2063 3181 2118 illa
3213 2063 3366 2119 fieret
3397 2065 3607 2122 ductrix

2005 2151 2198 2206 animae
2231 2160 2409 2217 tantae,
2444 2169 2564 2224 quae
2592 2151 2690 2206 fuit
2736 2152 2852 2206 avis
2909 2152 3184 2223 quondam
3243 2153 3509 2223 portatrix
3539 2153 3606 2208 ad

2004 2255 2186 2294 arcam
2215 2239 2424 2294 reddita
2454 2239 2624 2311 pacis.
2659 2239 2835 2308 Quam
2864 2239 2991 2295 felix
3019 2241 3132 2294 ales
3162 2241 3360 2295 talibus
3397 2249 3606 2312 myste-

2004 2327 2099 2382 riis
2127 2335 2358 2399 compta,
2390 2345 2510 2399 quae
2531 2327 2722 2382 meruit
2751 2328 2914 2382 etiam
2937 2345 3100 2398 super
3119 2328 3408 2384 Dominum
3439 2328 3601 2384 Chri-

2005 2423 2145 2470 stum
2176 2417 2433 2487 Spiritum
2465 2425 2707 2472 sanctum
2756 2415 2938 2470 ferre!
2973 2417 3078 2470 Ista
3123 2415 3378 2488 frequens
3435 2417 3603 2472 obse-

2002 2504 2142 2576 quiis
2173 2504 2335 2559 instat
2365 2505 2528 2576 Regis
2558 2504 2763 2570 azterni,
2797 2504 2899 2558 ista
2937 2504 3167 2558 assuetis
3214 2503 3407 2574 pennis
3435 2505 3600 2560 dear-

2002 2593 2233 2665 geutatis
2293 2609 2424 2647 auro
2491 2593 2652 2648 dorsa
2737 2592 3032 2666 refulgens,
3100 2592 3356 2664 paradiso
3417 2593 3606 2648 nuntia

2002 2679 2174 2735 defer.
2208 2682 2286 2735 De
2343 2683 2446 2737 hac
2504 2681 2559 2735 in
2590 2681 2812 2736 Cantico
2858 2680 3200 2735 Canticorum
3247 2680 3417 2736 dicit:
3460 2682 3601 2737 Sur-

2000 2787 2084 2841 ge,
2117 2772 2302 2825 amica
2329 2787 2456 2826 mea
2485 2787 2710 2842 sponsa,
2745 2773 2801 2824 et
2831 2771 2960 2824 veni
2991 2789 3027 2840 :_
3059 2770 3314 2824 columba
3369 2784 3496 2825 mea
3539 2769 3603 2824 in

2000 2860 2374 2930 foraminibus
2405 2863 2599 2931 petrae,
2651 2859 2712 2913 in
2743 2874 2985 2914 caverna
3030 2857 3516 2928 maceriaewant.
3541 2871 3600 2923 ιι,

2003 2947 2111 3016 14).
2145 2947 2401 3018 Sequitur
2431 2965 2446 3002 :

2075 3039 2155 3089 16.
2195 3035 2301 3103 Qui
2330 3045 2490 3091 tanta:
2532 3037 2646 3105 ejus
2721 3036 2913 3107 gloriae
2954 3035 3325 3106 congaudens,
3360 3032 3610 3104 omnipo-

310 3127 422 3186 tua,
455 3129 512 3176 ut
543 3128 592 3176 te
620 3093 762 3176 totus
793 3093 942 3176 orbis
975 3093 1410 3193 agnoscatsuum
1423 3142 1543 3181 esse
1566 3093 1900 3199 Redempto:
1931 3093 1980 3155 Ο
2005 3124 2136 3178 tenti
2168 3093 2282 3179 Deo
2311 3125 2366 3177 in
2397 3093 2612 3195 hymnis
2642 3134 2694 3179 et
2720 3093 2974 3180 laudibus
3003 3093 3209 3194 gratias
3231 3093 3362 3195 egit,
3383 3093 3607 3193 ejusque

309 3225 442 3263 rem.
476 3211 554 3263 Da
576 3210 686 3278 jam
717 3210 837 3281 plus
867 3211 956 3280 pio
989 3211 1129 3264 Patri
1167 3213 1458 3268 Benedicto
1496 3215 1600 3269 iter
1637 3217 1900 3272 redeundi

308 3298 376 3352 ad
408 3297 619 3364 cellam,
648 3299 856 3370 stringe
888 3299 1093 3353 aerium
1122 3315 1357 3366 amnem,
1392 3301 1519 3356 tolle
1546 3303 1744 3373 pluvia
1772 3313 1900 3375 gut-

311 3393 413 3453 tas,
455 3386 525 3440 da
578 3387 882 3441 serenitatis
932 3388 1125 3455 solem,
1187 3396 1244 3442 ut
1302 3389 1392 3458 qui
1439 3389 1594 3445 laetus
1646 3394 1898 3460 accessit,

309 3473 554 3544 gaudens
600 3475 864 3530 recedat:
917 3484 974 3530 ut
1005 3476 1162 3531 simul
1215 3479 1332 3547 ejus
1386 3495 1540 3534 soror
1593 3481 1903 3537 valedicens

307 3560 478 3630 fratri,
511 3562 578 3616 ad
608 3563 833 3633 propria
863 3572 1176 3632 revertatur,
1211 3577 1268 3622 ut
1297 3569 1458 3624 simul
1505 3569 1808 3639 gaudentes
1852 3577 1904 3626 et

308 3651 659 3716 exsultantes,
694 3659 783 3705 tuo
813 3652 880 3706 de
912 3669 1132 3708 munere
1161 3657 1230 3710 ad
1270 3674 1367 3712 sua
1405 3665 1544 3713 tecta
1610 3659 1902 3713 vehantur.

313 3739 564 3810 Sequitur
595 3757 607 3792 :
644 3739 760 3808 Qua
791 3740 859 3794 de
879 3757 940 3795 re
969 3741 1078 3795 dixi
1109 3759 1234 3798 eum
1264 3747 1502 3801 voluisse
1542 3745 1765 3818 aliquid,
1807 3747 1904 3802 sed

309 3827 530 3881 minime
560 3827 803 3898 potuisse
864 3845 1014 3900 :qua
1045 3830 1088 3883 si
1147 3834 1476 3889 venerabilis
1523 3835 1621 3889 viri
1667 3842 1904 3890 mentem

310 3915 625 3985 aspicimus,
651 3916 876 3970 dubium
906 3933 1015 3972 non
1058 3928 1160 3986 est,
1195 3923 1343 3992 quod
1383 3923 1630 3978 eamdem
1655 3924 1909 3979 serenita-

307 4011 418 4058 tem
459 4003 712 4070 voluerit,
737 4005 790 4058 in
835 4021 942 4076 qua
984 4006 1368 4076 descenderat,
1421 4028 1776 4082 permanere:
1811 4013 1906 4066 sed

312 4101 497 4148 contra
529 4094 632 4148 hoc
664 4093 805 4165 quod
838 4093 1022 4163 voluit,
1055 4096 1108 4149 in
1139 4097 1364 4152 virtutes
1395 4100 1781 4169 omnipotentis
1804 4101 1902 4154 Dei

310 4198 378 4236 ex
409 4181 642 4236 femineo
664 4190 885 4251 pectore
923 4183 1247 4240 miraculum
1292 4187 1515 4242 invenit.
1550 4188 1664 4242 Nec
1711 4189 1903 4242 mirum

313 4269 460 4341 quod
491 4269 613 4340 plus
641 4270 732 4324 illo
762 4270 980 4339 femina,
1007 4290 1127 4343 quae
1156 4274 1247 4328 diu
1269 4274 1485 4330 fratrem
1505 4275 1692 4331 videre
1713 4276 1905 4347 cupie-

310 4359 424 4423 bat,
457 4358 510 4412 in
533 4359 725 4413 eodem
801 4366 1047 4430 tempore
1115 4363 1324 4417 valuit:
1381 4365 1506 4435 quia
1535 4364 1679 4420 enim
1749 4365 1902 4433 juxta

2003 3212 2208 3266 obitum
2241 3211 2496 3266 fratribus
2536 3212 2892 3267 denuntiavit.
2917 3211 3265 3266 Denuntiavit
3286 3209 3428 3265 enim
3487 3225 3609 3263 san-

2003 3309 2120 3355 ctus
2151 3301 2310 3354 Pater
2337 3301 2612 3367 fratribus,
2645 3300 2788 3372 quod
2820 3301 3014 3355 meruit
3056 3315 3211 3354 sacro
3265 3298 3459 3352 intuitu
3488 3312 3607 3353 cer-

2004 3405 2136 3443 nere
2167 3397 2436 3444 secretum
2472 3407 2484 3442 :
2517 3398 2570 3444 et
2599 3389 2800 3444 talibus
2831 3388 3184 3459 congaudens
3213 3386 3372 3456 votis,
3430 3383 3605 3440 omni-

2003 3479 2210 3550 potenti
2242 3479 2355 3533 Deo
2392 3478 2591 3548 gratias
2649 3478 2779 3548 egit,
2809 3476 2933 3549 quia
2982 3492 3144 3547 quam
3192 3483 3317 3530 ante
3366 3474 3605 3528 triduum

2003 3584 2129 3622 rore
2160 3567 2310 3622 verbi
2343 3567 2582 3622 caelestis
2627 3566 2958 3636 perfuderat,
3006 3565 3077 3619 ad
3139 3565 3375 3619 aetherea
3432 3577 3603 3633 regna

2004 3656 2060 3712 in
2091 3656 2357 3712 columbae
2387 3656 2569 3726 specie
2599 3655 2862 3710 scandere
2893 3653 3086 3709 cernit.
3139 3652 3421 3723 Sequitur:

2079 3747 2162 3798 l7.
2200 3743 2349 3812 Quos
2379 3743 2539 3798 etiam
2569 3743 2817 3814 protinus
2845 3741 3010 3806 misit,
3043 3750 3100 3796 ut
3129 3742 3246 3810 ejus
3276 3755 3477 3810 corpus
3532 3739 3602 3793 ad

2007 3833 2388 3888 monasterium
2418 3831 2716 3901 deferrent,
2747 3839 2907 3903 atque
2937 3831 2993 3884 in
3023 3830 3274 3901 sepulcro
3323 3827 3470 3899 quod
3500 3825 3604 3881 sibi

2006 3922 2123 3993 ipse
2170 3929 2468 3992 paraverat,
2519 3927 2800 3992 ponerent.
2863 3919 2982 3988 Quo
3056 3918 3197 3974 facto
3244 3918 3488 3989 contigit,
3547 3923 3605 3970 ut

2007 4027 2237 4083 quorum
2268 4027 2422 4064 mens
2453 4025 2562 4064 una
2591 4025 2806 4079 semper
2835 4009 2888 4061 in
2921 4009 3154 4063 Domino
3173 4007 3366 4072 fuerat,
3403 4021 3597 4062 eorum

2006 4115 2220 4170 quoque
2252 4114 2486 4168 corpora
2516 4113 2616 4152 nec
2646 4096 2926 4167 sepultura
2959 4101 3253 4165 separaret.
3289 4096 3450 4160 Ecce,
3485 4094 3602 4150 fra-

2006 4194 2138 4251 tres,
2171 4185 2467 4257 margarita
2495 4185 2731 4241 cmlestis
2753 4201 2784 4240 a
2814 4184 3151 4256 negotiatore
3173 4183 3375 4237 dudum
3397 4189 3600 4253 empta,

2007 4283 2221 4346 aptatur
2250 4275 2562 4330 cmlestibus
2593 4273 2943 4338 ornamentis,
2991 4273 3104 4342 jam
3134 4272 3274 4326 inter
3318 4271 3427 4325 lilia
3473 4287 3602 4326 can-

2009 4365 2187 4419 dentia
2227 4380 2475 4435 pascens,
2529 4363 2770 4435 sequitur
2813 4364 3028 4432 Agnum
3085 4375 3409 4432 quocunque
3462 4359 3600 4415 ierit.

317 4446 541 4502 Joannis
563 4463 772 4516 vocem,
806 4450 950 4503 Deus
990 4451 1240 4506 Charitas
1269 4456 1351 4506 est
1383 4454 1436 4522 (Ι
1460 4455 1619 4509 Joan.
1663 4469 1738 4518 ιν,
1778 4454 1866 4524 16)
1891 4472 1904 4508 :
1933 4445 1986 4506 D
2009 4455 2152 4509 Ecce
2182 4453 2237 4519 in
2267 4452 2522 4524 paradiso
2553 4452 2769 4507 Domini
2799 4451 2869 4506 ab
2898 4450 3108 4524 angelis
3139 4449 3455 4514 collocatur,
3475 4463 3605 4504 ecce

303 4535 452 4605 justo
481 4536 640 4590 valde
660 4537 964 4606 judicioilla
995 4538 1117 4609 plus
1147 4541 1337 4610 potuit,
1377 4558 1496 4612 quze
1521 4542 1642 4612 plus
1673 4544 1898 4598 amavit.

313 4624 469 4678 Brevi
499 4641 749 4680 sermone
790 4627 857 4680 de
892 4627 979 4680 his
1045 4627 1424 4684 disserendum
1483 4646 1592 4685 non
1639 4639 1739 4686 est.
1772 4633 1911 4686 Nam

313 4714 612 4768 secundum
643 4715 1047 4787 grammaticos,
1081 4719 1318 4773 charitas
1349 4720 1530 4775 media
1560 4721 1771 4792 species
1807 4730 1906 4788 est,

308 4802 438 4856 dum
467 4802 606 4857 inter
641 4804 814 4858 bonos
844 4812 895 4858 et
924 4805 1096 4859 malos
1136 4807 1374 4861 charitas
1432 4825 1553 4863 esse
1608 4810 1799 4879 possit,
1859 4818 1908 4864 et

308 4891 700 4946 interlatrones
731 4901 781 4947 et
809 4893 929 4963 pios
960 4895 1280 4949 :utestillud
1317 4913 1327 4950 :
1366 4899 1623 4967 Perfecta
1655 4900 1907 4953 charitas

310 4983 467 5051 foras
499 4983 684 5036 mittit
717 4984 977 5037 timorem
998 4983 1301 5052 (ibid.,l7).
1337 4985 1494 5039 Certe
1513 4986 1814 5056 siperfecta
1836 4995 1915 5040 est

309 5068 430 5132 ista,
466 5086 586 5139 quae
616 5069 755 5124 inter
785 5071 956 5124 bonos
987 5070 1134 5125 foras
1176 5072 1335 5126 mittit
1375 5073 1624 5128 timorem
1662 5093 1674 5128 :
1706 5075 1910 5144 imper-

308 5156 448 5211 fecta
479 5157 828 5212 nihilominus
859 5158 974 5213 fore
1005 5159 1265 5218 creditur.
1305 5178 1426 5231 qua:
1464 5161 1601 5216 inter
1635 5163 1806 5218 malos
1846 5179 1908 5218 ac

311 5246 578 5315 superbos
608 5247 861 5318 nequitiae
890 5249 1234 5303 concordiam
1275 5257 1508 5319 praestat.
1555 5251 1645 5306 Sic
1679 5252 1733 5305 in
1791 5268 1911 5322 pas-

309 5335 462 5388 sione
493 5336 707 5389 Domini
741 5336 942 5391 Pilatus
973 5337 1154 5391 Jesum
1199 5336 1415 5392 mittens
1452 5339 1674 5402 Herodi,
1711 5356 1742 5393 a
1800 5356 1908 5411 quo

308 5423 468 5476 Jesus
495 5424 563 5476 ad
598 5424 822 5478 Pilatum
852 5425 1046 5479 iterum
1101 5426 1388 5491 remissus,
1423 5426 1582 5480 amici
1615 5427 1738 5482 facti
1785 5437 1910 5482 sunt

313 5513 555 5569 Herodes
586 5521 638 5570 et
663 5514 868 5569 Pilatus
916 5514 970 5569 in
1009 5515 1131 5588 ipsa
1160 5515 1248 5571 die
1285 5534 1298 5571 :
1343 5531 1469 5571 nam
1511 5523 1669 5574 antea
1706 5515 1910 5573 inimici

2010 4543 2064 4597 in
2103 4542 2263 4598 terris
2309 4542 2699 4597 monachorum
2742 4540 2992 4595 manibus
3035 4545 3249 4610 aptatur
3297 4538 3352 4591 in
3401 4537 3606 4592 tumulo

2010 4632 2209 4702 fratris,
2245 4640 2303 4686 ut
2331 4648 2526 4686 munus
2555 4631 2699 4702 quod
2728 4646 2832 4684 una
2863 4637 3036 4683 mater
3062 4626 3306 4693 contulit,
3349 4641 3452 4681 nec
3479 4625 3605 4682 caeli

2004 4724 2188 4793 janua,
2224 4737 2326 4777 nec
2356 4729 2514 4776 terra:
2545 4719 2822 4790 sepultura
2853 4724 3132 4788 separaret
3166 4734 3178 4769 :
3212 4723 3263 4770 et
3280 4714 3476 4786 quibus
3496 4730 3607 4769 una

2012 4812 2109 4867 fuit
2139 4827 2353 4881 semper
2393 4826 2548 4864 meus
2593 4809 2646 4862 in
2697 4807 2926 4873 Christo,
2971 4821 3080 4860 una
3124 4812 3268 4860 esset
3316 4818 3604 4873 corporum

2013 4917 2161 4956 area.
2195 4902 2338 4955 Ecce
2365 4907 2614 4970 reparata
2645 4905 2768 4951 sunt
2797 4905 2886 4950 tua
2918 4896 3147 4960 damna,
3175 4892 3446 4964 paradise.
3464 4893 3606 4948 Ecce

2010 4990 2166 5058 virgo
2197 4989 2295 5042 Dei
2317 5003 2479 5042 manu
2502 4986 2752 5050 formata,
2779 5000 2940 5056 quam
2963 4985 3028 5038 de
3050 4991 3142 5037 tuo
3163 4980 3388 5052 pestifer
3406 4981 3598 5044 hostis,

2010 5077 2229 5132 abstulit
2256 5077 2396 5140 loco,
2424 5076 2537 5144 jam
2568 5075 2704 5129 redit
2735 5073 2804 5128 ad
2835 5071 3072 5128 culmina
3115 5070 3257 5137 coeli,
3305 5071 3415 5138 jam
3450 5085 3602 5125 reco-

2011 5166 2224 5238 gnoscit
2254 5165 2332 5218 sui
2369 5164 2609 5234 palmam
2638 5162 2923 5218 structoris
2948 5181 2962 5227 ;
2990 5162 3106 5229 jam
3136 5159 3264 5230 quia
3294 5159 3438 5214 victa
3483 5157 3600 5220 fuit,

2021 5255 2213 5310 victrix
2244 5253 2416 5308 calcat
2446 5252 2618 5307 hostis
2660 5251 2798 5307 colla
2827 5249 3072 5320 maligni.
3122 5248 3240 5316 Dic,
3265 5248 3370 5313 dic,
3407 5244 3599 5300 inferni

2009 5344 2276 5408 minister,
2310 5342 2418 5409 dic,
2451 5350 2686 5396 tartaree
2716 5341 2893 5402 miles,
2925 5339 3031 5404 dic,
3066 5337 3380 5409 orcigenum
3425 5347 3598 5405 genus

2009 5432 2250 5487 omnium
2280 5445 2614 5486 venenorum
2645 5428 2835 5483 fraude
2864 5428 3152 5498 repletum,
3193 5425 3321 5497 quid
3348 5422 3439 5476 tibi
3471 5420 3597 5476 fecit

2009 5523 2222 5597 plasma
2247 5519 2646 5577 sanctissimum
2685 5518 2803 5586 Dei,
2857 5517 2986 5591 quid
3027 5516 3124 5571 tibi
3171 5513 3353 5571 nocuit
3398 5510 3602 5572 femina
