4086 6356
482 221 589 276 98⁸7

1181 217 1483 275 APPEND.
1531 218 1626 275 AD
1675 218 1731 275 S.
1787 216 2211 274 BERTARIUM.
2272 216 2367 272 DE
2414 216 2710 275 JEJUNIIS
2758 218 2895 276 PER
2934 218 3202 276 ANNUM.

3671 222 3781 275 988

485 346 627 401 bene
681 342 906 400 formate
927 344 956 399 ?
987 341 1174 412 Quave
1227 358 1397 399 causa
1458 343 1604 399 ultro
1661 351 1713 400 te
1740 342 2078 399 consiliarius
2098 342 2153 403 A
2182 341 2342 413 phis;
2376 343 2603 411 exsulta,
2638 343 2928 400 Benedicte
2971 344 3135 399 Pater
3164 342 3504 400 sanctissime
3535 344 3776 412 Patrum,

485 431 737 503 iniecisti,
770 438 828 487 ut
882 432 1240 487 manducaret
1265 433 1412 504 quod
1451 440 1601 487 tuum
1646 448 1753 486 non
1783 430 1933 486 fuit?
1962 430 2078 496 Dic,

484 520 709 593 pestifer
736 519 841 587 fur,
874 520 1003 592 quia
1057 536 1166 575 non
1212 520 1438 592 potuisti
1468 536 1662 591 rapere
1690 518 2084 591 partem'regni

488 610 607 676 Dei,
640 609 764 664 ideo
791 609 1007 665 voluisti
1054 625 1250 680 rapere
1280 626 1382 681 per
1442 617 1751 680 serpentem
1781 616 2083 664 creaturam

487 698 589 754 Dei
619 698 728 753 imo
760 698 937 770 qualis
975 694 1260 766 Dominus,
1294 697 1455 753 talem
1483 697 1738 752 famulam
1760 696 1937 750 mittit.
1971 697 2082 750 Tu-

490 802 722 858 serpens
762 786 1026 853 lubricus,
1073 785 1163 840 ille
1215 802 1443 857 serpens
1487 793 1802 850 tortuosus;
1838 792 1895 839 tu
1939 783 2087 840 omni

492 874 682 930 dolore
710 874 925 945 plenus,
958 874 1046 929 ille
1076 874 1223 930 omni
1253 890 1500 941 veneno;
1535 882 1588 928 tu
1629 874 1822 930 mortis
1862 872 2087 929 consilia

493 963 653 1031 dans,
686 963 779 1018 ille
811 962 922 1017 suis
949 963 1168 1036 organis
1197 962 1438 1031 sibilans,
1471 962 1661 1017 mortis
1699 962 1926 1018 consilia
1954 976 2087 1033 pro-

492 1050 666 1123 pinat.
698 1051 957 1123 Nunquid
986 1067 1094 1106 non
1128 1051 1349 1122 potuisti
1392 1052 1448 1105 in
1497 1051 1753 1123 paradiso
1802 1051 1902 1105 Dei
1946 1050 2090 1105 aliud

498 1138 695 1194 animal
727 1140 990 1205 invenire,
1035 1140 1181 1210 quod
1227 1139 1332 1194 tuis
1379 1139 1520 1194 votis
1563 1140 1941 1205 concordaret,
1988 1138 2092 1192 nisi

498 1236 811 1299 serpentem
832 1227 859 1281 ?
885 1228 1027 1283 Vere
1057 1243 1185 1282 non.
1218 1228 1299 1282 Tu
1328 1228 1573 1284 callidior
1616 1228 1824 1299 angelis
1866 1227 2089 1294 sanctis,

496 1314 589 1371 ille
621 1315 869 1372 callidior
898 1315 1261 1371 animantibus
1291 1316 1535 1383 cunctis;
1569 1324 1624 1371 tu
1655 1316 1831 1372 bonus
1869 1315 1925 1370 in
1953 1315 2093 1371 coelo

497 1402 763 1459 formatus
794 1420 873 1470 es,
907 1412 1098 1475 sponte
1128 1405 1301 1459 malus
1332 1403 1559 1460 eﬂ'ectus
1590 1421 1687 1471 es;
1720 1404 1811 1459 ille
1833 1404 2010 1459 bonus
2041 1403 2096 1458 in

500 1492 753 1563 paradiso
784 1499 1000 1547 creatus
1028 1501 1131 1552 est.
1162 1509 1262 1563 per
1292 1500 1345 1547 te
1374 1509 1521 1560 reus,
1549 1491 1773 1549 effectus
1800 1500 1899 1547 est.
1925 1492 2095 1566 Virgo

498 1580 618 1647 Dei,
650 1579 865 1651 plasma
893 1580 1014 1649 Dei,
1048 1580 1248 1636 femina
1276 1581 1377 1636 Dei
1404 1582 1544 1636 bona
1574 1588 1755 1637 creata
1782 1589 1884 1650 est,
1916 1597 2017 1651 per
2042 1588 2096 1635 te

2181 430 2372 486 doctor
2425 431 2738 488 dulcissime
2810 432 3135 487 doctorum:
3170 433 3314 505 quia,
3390 434 3784 489 consummatis

2182 518 2437 590 Operibus
2486 521 2708 586 sanctis,
2757 522 2956 592 pariter
3003 522 3356 595 congaudetis
3400 539 3564 593 super
3608 538 3784 594 regna

2184 608 2465 663 caelorum.
2492 609 2811 665 Intercedite
2839 624 2940 680 pro
2971 610 3124 665 vobis
3154 610 3481 676 commissis,
3508 609 3785 680 postulate

2184 712 2286 768 pro
2332 697 2489 752 nobis
2518 697 2747 764 afﬂictis,
2796 705 2986 769 rogate
3030 714 3131 769 pro
3180 699 3380 753 nostris
3410 698 3644 764 delictis,
3677 714 3784 769 po-

2188 785 2323 841 scite
2351 785 2622 840 Christum
2650 802 2759 842 non
2804 786 2978 842 solum
3008 803 3106 857 pro
3136 787 3419 842 monachis
3449 786 3786 856 commissis,

2188 874 2286 929 sed
2316 874 2474 928 etiam
2503 890 2605 945 pro
2634 875 2831 930 vestris
2860 875 3091 941 ancillis,
3125 884 3182 930 ut
3212 876 3390 930 omnis
3421 883 3575 942 aetas,
3607 874 3789 930 omnis

2190 979 2373 1029 sexus,
2407 963 2584 1017 omnis
2615 962 2781 1033 Ordo,
2815 963 2907 1035 qui
2937 963 3132 1019 vestris
3160 964 3449 1035 praeceptis
3477 964 3621 1020 colla
3650 963 3788 1018 sub-

2190 1052 2425 1117 mittunt,
2474 1051 2717 1123 peritura
2762 1052 2949 1107 mundi
2996 1051 3315 1123 despiciant,
3358 1053 3557 1126 gaudia
3587 1060 3791 1107 eterna

2192 1140 2596 1212 concupiscant,
2649 1157 2821 1212 regna
2868 1142 3024 1196 beata
3070 1150 3344 1212 appetant,
3379 1156 3640 1213 prospera
3670 1140 3792 1195 ani-

2192 1246 2402 1284 marum
2461 1238 2513 1284 et
2568 1246 2863 1301 corporum
2925 1230 3243 1301 percipiant.
3304 1230 3464 1285 Nulla
3520 1228 3795 1285 diabolica

2195 1317 2385 1375 fraude
2413 1318 2789 1388 molestentur,
2814 1318 2976 1373 nullis
3005 1318 3408 1374 incursionibus
3426 1318 3793 1390 malignorum

2196 1407 2515 1481 afﬂigantur,
2588 1407 2861 1478 nullisque
2930 1407 3324 1464 calamitatibus
3398 1406 3792 1462 annihilentur.

2196 1497 2370 1569 Euge,
2421 1497 2575 1550 Pater
2613 1496 2786 1561 beate,
2820 1495 2942 1551 fave
2985 1495 3354 1567 precantibus,
3384 1511 3595 1566 appone
3626 1510 3795 1550 aures

2196 1585 2454 1657 precibus
2500 1584 2824 1639 famulorum
2867 1592 3098 1652 tuorum,
3149 1584 3218 1638 da
3248 1583 3459 1639 veniam
3508 1583 3796 1654 poscenti-

501 1677 554 1724 et
582 1678 891 1739 serpentem
920 1668 1109 1724 illicita
1138 1670 1408 1741 gustando
1439 1668 1633 1726 effecta
1670 1677 1752 1724 est
1797 1668 2091 1740 peccatrix.
2126 1699 2179 1759 B
2201 1674 2319 1739 bus,
2353 1674 2424 1728 da
2454 1673 2598 1727 dona
2626 1673 3013 1744 quaerentibus,
3045 1688 3208 1744 parce
3239 1672 3587 1742 peccantibus
3620 1689 3634 1725 :
3669 1672 3797 1742 quia

503 1756 607 1826 Qui
635 1756 862 1812 demens
893 1757 959 1812 de
990 1757 1074 1811 his
1124 1757 1220 1812 tibi
1266 1757 1512 1829 profuit?
1541 1759 1620 1812 Tu
1662 1758 1759 1812 tibi
1809 1765 2099 1828 perpetuos
2129 1756 2165 1759 ᾔ
2202 1770 2257 1817 tu
2306 1769 2491 1833 pastor
2520 1778 2598 1826 es,
2630 1777 2730 1816 nos
2777 1777 2904 1817 vero
2947 1777 3099 1827 oves,
3130 1760 3254 1815 audi
3286 1768 3342 1814 tu
3373 1760 3579 1815 balatus
3611 1760 3799 1815 ovium

504 1845 665 1917 ignes
697 1845 1000 1911 cumulasti,
1033 1844 1123 1900 ille
1152 1854 1356 1900 terram
1374 1846 1622 1901 comedet
1646 1847 1853 1901 cunctis
1874 1846 2099 1900 diebus:

505 1940 559 1988 tu
606 1932 814 1988 catenis
866 1932 1044 2004 igneis
1090 1932 1332 2007 illigatus
1368 1953 1382 2000 ς
1430 1934 1522 1989 ille
1569 1933 1811 1989 omnium
1854 1934 1934 1987 ira
1983 1948 2104 2003 pre-

504 2021 686 2088 mitur,
747 2021 1017 2077 calcaneis
1072 2022 1341 2087 tunditur,
1400 2022 1720 2077 verberibus
1777 2021 2102 2093 ﬂagellatur.

506 2108 623 2173 Vae,
658 2125 739 2164 vae
765 2125 863 2179 per
889 2109 1068 2163 omnia
1100 2110 1275 2165 vobis.
1310 2111 1454 2167 Ecce
1485 2109 1687 2165 femina
1735 2117 1979 2180 reparata
2026 2115 2109 2163 est

510 2196 777 2268 sanguine
806 2197 1021 2264 Christi,
1055 2213 1182 2254 ecce
1228 2214 1329 2269 pro
1372 2198 1666 2254 amissione
1705 2198 1907 2253 terreni
1945 2214 2107 2268 para-

511 2284 636 2350 disi,
672 2284 762 2339 illa
792 2300 936 2340 nunc
965 2285 1196 2340 culmina
1245 2286 1370 2341 cceli
1415 2286 1626 2353 retinet,
1676 2287 1820 2341 unde
1862 2300 2110 2357 praeceps

512 2372 685 2427 ruisti.
723 2373 951 2428 Versum
983 2381 1065 2428 est
1096 2372 1168 2428 fel
1217 2382 1367 2429 tuum
1415 2374 1471 2429 in
1518 2375 1865 2431 dulcedinem
1911 2373 2107 2438 mellis,

516 2459 670 2516 fraus
699 2460 940 2533 maligna
969 2470 1060 2516 tua
1087 2461 1141 2516 in
1173 2463 1562 2533 reparationem
1590 2463 1832 2518 omnium
1876 2470 1929 2517 et
1960 2461 2111 2516 salu-

518 2558 650 2604 tem.
703 2549 984 2605 Perforata
1031 2558 1114 2605 est
1157 2550 1372 2606 maxilla
1413 2551 1648 2625 gutturis
1692 2552 1788 2619 tui,
1842 2550 2115 2606 neminem

522 2637 802 2705 mordens,
837 2638 1109 2693 neminem
1138 2654 1339 2694 vorans
1371 2639 1487 2695 sine
1516 2641 1632 2696 Deo
1670 2640 1905 2696 volente.
1956 2639 2023 2692 Et
2070 2636 2117 2692 si

516 2741 683 2798 quem
711 2726 1009 2797 voraveris,
1054 2727 1253 2798 pietate
1301 2728 1401 2783 Dei
1446 2727 1771 2799 praefocatus
1820 2743 1943 2784 cum
1990 2741 2117 2781 san-

514 2814 682 2887 guine
723 2813 934 2882 rejicies
963 2814 1134 2883 illum,
1166 2823 1219 2871 et
1247 2816 1315 2873 de
1344 2816 1648 2873 visceribus
1689 2816 1795 2872 tuis
1844 2816 2116 2872 abstrahet

522 2901 679 2956 illum
709 2902 878 2957 Deus.

575 2992 665 3045 18.
698 2988 890 3046 Gaude
913 2989 1045 3061 jam,
1079 2990 1239 3066 virgo
1266 2991 1388 3060 Dei,
1420 2992 1585 3050 tantis
1603 2992 1897 3063 sublimata
1926 2992 2120 3050 trium-

2202 1859 2436 1915 tuarum,
2486 1850 2641 1904 trahe
2686 1865 2786 1904 nos
2837 1857 2959 1919 post
3004 1858 3076 1915 te,
3126 1857 3183 1903 ut
3223 1848 3502 1903 veniamus
3532 1848 3603 1902 ad
3634 1856 3707 1911 te,
3743 1855 3800 1902 ut

2203 1939 2315 1994 illic
2360 1955 2489 1993 vera
2532 1953 2739 2009 pascua
2782 1937 3135 2003 inveniamus,
3168 1937 3261 1991 ubi
3287 1945 3409 1991 sunt
3435 1952 3566 1993 vera
3594 1935 3802 2006 gaudia

2206 2028 2553 2098 sempiterna.
2596 2027 2784 2082 Redde
2825 2027 2940 2081 Deo
2987 2026 3189 2081 talenta
3216 2025 3489 2081 cumulata
3517 2025 3585 2079 de
3615 2025 3799 2091 nobis,

2207 2125 2426 2188 reporta
2472 2132 2594 2172 cum
2634 2116 2815 2170 usuris
2838 2115 3046 2170 credita
3073 2115 3214 2169 dona
3259 2113 3644 2179 doctrinarum,
3677 2129 3801 2169 me-

2209 2223 2315 2279 que
2373 2204 2658 2278 indignum
2706 2205 2864 2273 hujus
2921 2203 3100 2274 operis
3163 2210 3635 2273 praesumptorem,
3694 2200 3803 2255 tuis

2211 2294 2478 2365 conjunge
2525 2292 2755 2348 servulis
2798 2292 2991 2357 sacris,
3025 2299 3082 2345 ut
3112 2306 3237 2347 cum
3274 2291 3418 2346 omni
3447 2306 3617 2363 grege
3647 2304 3804 2345 com-

2210 2384 2379 2439 misso
2426 2383 2552 2438 vitae
2598 2381 2819 2453 praemia
2864 2396 3234 2452 assequamur,
3285 2387 3344 2434 ut
3392 2379 3487 2434 tibi
3532 2378 3747 2434 dicatur
3776 2393 3807 2432 a

2213 2473 2328 2528 Deo
2362 2488 2374 2527 :
2406 2472 2581 2544 Euge,
2612 2485 2770 2525 serve
2797 2469 2938 2524 bone
2978 2476 3030 2524 et
3059 2467 3254 2536 ﬁdelis,
3289 2466 3413 2539 quia
3442 2483 3608 2538 super
3634 2482 3805 2537 pauca

2214 2559 2360 2617 fuisti
2398 2558 2593 2625 ﬁdelis,
2630 2575 2793 2628 supra
2831 2557 3000 2613 multa
3029 2565 3082 2612 te
3108 2556 3437 2612 constituam
3465 2574 3480 2622 ;
3510 2554 3653 2610 intra
3680 2570 3809 2610 cum

2215 2650 2300 2705 his
2356 2648 2610 2706 omnibus
2663 2647 2761 2702 tibi
2806 2646 3023 2704 creditis
3062 2645 3118 2700 in
3146 2645 3406 2716 gaudium
3448 2643 3667 2698 Domini
3706 2643 3809 2709 tui,

2214 2746 2507 2811 praestante
2536 2737 2656 2808 ipso
2686 2736 2779 2809 qui
2809 2736 2973 2809 digna
3001 2733 3316 2805 promittere
3336 2732 3532 2805 gaudia
3551 2732 3809 2804 dignatus

2218 2836 2301 2884 est
2331 2827 2443 2883 suis
2490 2825 2724 2893 famulis,
2759 2824 2850 2897 qui
2878 2824 3008 2879 vivit
3036 2830 3090 2879 et
3117 2830 3314 2896 regnat
3350 2837 3447 2894 per
3474 2828 3673 2877 cuncta
3700 2836 3809 2878 sae-

2219 2917 2341 2975 cula
2370 2916 2715 2973 saeculorum.
2746 2915 2939 2971 Amen.

929 3173 3789 3199 Μ

1271 3317 1673 3390 QUOMODO
1729 3316 1895 3377 PER
1947 3314 2240 3377 ANNUM
2294 3309 2839 3375 JEJUNANDUM
2890 3307 3039 3372 SIT.

1149 3484 1311 3557 cript.
1345 3482 1470 3540 cod.
1503 3475 1833 3545 Cassinensi,
1858 3475 2001 3548 apud
2029 3475 2256 3543 Mabill.,
2288 3482 2421 3531 tom.
2457 3475 2480 3530 Ι
2507 3472 2704 3530 Annal.
2727 3471 2848 3528 ord.
2884 3471 2942 3528 S.
2976 3468 3202 3540 Bened.,
3234 3483 3362 3541 pag.
3381 3465 3534 3540 784.)

591 3738 837 3808 Quatuor
862 3743 1129 3806 tempora,
1162 3738 1391 3804 quatuor
1441 3735 1565 3784 sunt
1619 3726 1860 3801 legitima
1912 3725 2117 3795 jejunia
2151 3741 2199 3803 α
2232 3724 2305 3779 lia
2367 3720 2718 3779 Ascensionis
2791 3718 3029 3785 Domini,
3076 3718 3476 3808 APentecostes,
3536 3725 3589 3774 et
3649 3716 3821 3775 sancti

519 3829 577 3883 in
598 3842 762 3894 anno,
797 3823 1004 3880 scilicet
1045 3821 1248 3876 mensis
1303 3818 1462 3890 primi
1515 3815 1863 3872 hebdomada
1917 3814 2120 3885 prima,

434 3936 441 3941 ·
519 3914 654 3971 feria
684 3920 878 3986 quarta
908 3918 960 3966 et
1003 3917 1153 3965 sexta
1182 3916 1236 3964 et
1266 3907 1494 3961 sabbato
1524 3905 1579 3959 in
1606 3902 1895 3960 duodecim
1926 3902 2122 3958 lectio-

521 4019 622 4059 nes
637 4000 994 4072 jejunandum
1014 4013 1188 4071 usque
1209 3996 1280 4052 ad
1292 4010 1602 4067 vesperum.
1626 3991 1830 4048 Mensis
1844 3991 2044 4063 quarti,
2068 3990 2123 4044 id

522 4099 608 4148 est
633 4090 799 4161 Junii,
832 4087 1181 4145 hebdomada
1210 4085 1469 4150 secunda,
1504 4082 1639 4138 feria
1667 4088 1855 4154 quarta
1884 4087 1937 4135 et
1969 4086 2126 4134 sexta

524 4188 578 4237 et
608 4180 838 4235 sabbato
869 4179 925 4233 in
949 4176 1238 4234 duodecim
1266 4174 1531 4230 lectiones
1550 4170 1906 4242 jejunandum
1948 4184 2122 4240 usque

522 4269 595 4325 ad
624 4283 846 4324 nonam.
881 4268 1067 4321 Mense
1100 4263 1461 4335 Septembrio,
1494 4260 1551 4315 id
1571 4268 1653 4315 est
1672 4259 1876 4314 mensis
1909 4255 2125 4327 septimi

520 4356 868 4414 hebdomada
895 4355 1071 4420 tertia,
1105 4353 1238 4409 feria
1264 4357 1453 4423 quarta
1498 4355 1551 4403 et
1608 4356 1758 4403 sexta
1806 4353 1860 4402 et
1899 4345 2127 4400 sabbato

524 4447 583 4502 in
610 4444 899 4502 duodecim
927 4443 1190 4499 lectiones
1222 4437 1575 4507 jejunandum
1604 4452 1778 4508 usque
1803 4436 1872 4490 ad
1902 4449 2124 4490 nonam.

527 4536 715 4590 Mense
745 4532 959 4588 decimo
987 4527 1331 4585 hebdomada
1374 4532 1584 4597 quarta,
1643 4523 1777 4580 feria
1831 4531 2020 4596 quarta
2077 4530 2130 4579 et

529 4631 684 4679 sexta
714 4629 767 4677 et
794 4620 1020 4675 sabbato
1061 4617 1118 4672 in
1147 4614 1435 4670 duodecim
1473 4613 1733 4669 lectiones
1773 4611 2129 4682 jejunandum

528 4720 613 4768 est
642 4726 817 4783 usque
847 4708 918 4763 ad
945 4720 1258 4777 vesperum.
1292 4704 1399 4757 Ista
1428 4702 1714 4757 duodecim
1745 4701 1988 4775 legitima
2039 4701 2128 4769 je-

525 4799 682 4868 junia
710 4814 811 4869 per
838 4812 1041 4851 annum
1070 4799 1303 4849 exusant
1329 4807 1430 4862 pro
1461 4791 1698 4862 peccatis
1731 4797 1945 4846 centum
1992 4788 2129 4844 soli-

532 4887 635 4941 dos
654 4887 709 4941 in
732 4900 871 4941 auro
901 4892 1085 4941 cocto.
1124 4882 1370 4952 Cumque
1401 4879 1645 4935 studiose
1676 4880 1793 4935 haec
1851 4879 1958 4934 duo

530 4989 603 5030 no
659 4974 857 5046 pellit.
881 5014 928 5029 ..
1022 4969 1398 5027 liberabit....
1452 4969 1718 5023 animam.
1819 4968 1986 5023 Extra
2063 4982 2131 5023 ea

530 5061 757 5132 jejunia,
791 5077 911 5133 qua
938 5060 1093 5116 Prior
1121 5057 1371 5114 indixerit
1398 5073 1502 5129 pro
1532 5071 1856 5128 quacunque
1886 5056 2122 5112 tribula-

544 5150 711 5207 tione.

1033 5274 1111 5329 De
1140 5273 1374 5345 reliquis
1394 5272 1658 5344 jejuniis.

2223 3811 2449 3868 Joannis
2491 3809 2766 3882 Baptistae,
2817 3816 2870 3864 et
2917 3806 3089 3864 sancti
3136 3806 3301 3872 Petri,
3345 3815 3398 3862 et
3444 3808 3621 3862 sancti
3676 3806 3814 3862 Lau-

2223 3900 2402 3968 rentii,
2434 3906 2486 3954 et
2526 3906 2724 3954 saneta:
2766 3896 2986 3963 Maria;
3018 3896 3073 3950 in
3102 3894 3305 3966 vigiliis
3333 3895 3523 3950 harum
3552 3894 3819 3951 festivita-

2225 3997 2341 4045 tum
2385 4004 2604 4059 semper
2641 3985 2998 4058 jejunandum
3039 3992 3121 4041 est
3169 3999 3341 4055 usque
3388 3985 3459 4038 ad
3501 3999 3721 4052 nonam,
3772 3992 3822 4040 et

2226 4078 2441 4149 expleta
2487 4077 2656 4131 missa
2685 4074 2948 4131 reficiant.
2987 4073 3044 4130 Si
3073 4073 3365 4129 nominatae
3395 4072 3707 4145 vigiliarum
3735 4089 3822 4127 re-

2225 4166 2406 4238 liquiaa
2436 4165 2523 4220 die
2553 4164 2836 4220 Dominico
2878 4162 3232 4229 occurrerint,
3266 4177 3376 4217 non
3406 4160 3531 4217 licet
3556 4162 3819 4231 jejunare.

2227 4254 2438 4312 Octava
2477 4253 2685 4309 Natalis
2731 4251 2967 4317 Domini,
3018 4258 3207 4307 octava
3256 4249 3596 4321 Epiphaniae,
3630 4247 3822 4305 Puriﬁ-

2227 4343 2456 4401 cationis
2500 4349 2699 4397 sanctae
2746 4340 2949 4406 Mariae,
3000 4341 3098 4395 sed
3127 4346 3182 4395 et
3209 4346 3413 4394 sanctae
3455 4337 3821 4403 Scholasticae,

2230 4439 2541 4487 sanctorum
2568 4430 2807 4486 Faustini
2838 4438 2891 4485 et
2917 4429 3125 4494 Jovitae,
3153 4427 3324 4483 sancti
3356 4427 3636 4493 Germani,
3667 4426 3823 4483 dedi-

2229 4521 2366 4578 catio
2396 4521 2570 4576 sancti
2614 4518 2890 4575 Benedicti
2935 4533 3173 4585 sursum,
3229 4524 3282 4572 et
3310 4515 3575 4572 dedicatio
3612 4515 3826 4572 Domini

2231 4609 2527 4666 Salvatoris
2557 4616 2608 4664 et
2638 4616 2838 4664 sanctae
2885 4606 3065 4662 Mariae
3108 4606 3383 4662 deorsum.
3418 4606 3480 4660 In
3508 4605 3626 4660 istis
3654 4604 3824 4661 omni—

2230 4700 2335 4754 bus
2366 4697 2749 4754 festivitatibus
2776 4712 2887 4751 non
2912 4696 3185 4765 jejunatur
3212 4711 3385 4767 usque
3416 4695 3487 4749 ad
3518 4710 3823 4765 vesperum,

2229 4787 2336 4842 nisi
2364 4788 2410 4841 si
2439 4786 2679 4843 evenerit
2726 4793 2929 4841 sancte
2973 4783 3338 4849 Scholasticae,
3373 4791 3464 4839 aut
3495 4792 3819 4848 sanctorum,

2231 4876 2468 4933 Faustini
2514 4883 2567 4931 et
2611 4875 2819 4944 Jovitae,
2865 4872 2953 4928 vel
3000 4873 3171 4928 sancti
3220 4873 3457 4928 Matthiae
3501 4871 3731 4944 apostoli
3771 4872 3824 4925 in

2232 4965 2702 5038 quinquagesima,
2723 4971 2817 5018 aut
2843 4963 2898 5017 in
2920 4962 3364 5034 quadragesima.
3385 4961 3544 5031 Quod
3564 4962 3610 5016 si
3633 4975 3822 5017 evene-

2234 5055 2319 5121 rit,
2355 5054 2434 5110 sic
2463 5061 2656 5126 agatur
2676 5053 2816 5108 sicut
2831 5052 2886 5107 in
2905 5051 3026 5106 aliis
3046 5051 3214 5107 sacris
3238 5051 3428 5120 jejunii
3456 5050 3668 5106 diebus.
3690 5050 3821 5105 Nam

2237 5143 2415 5199 ofﬁcia
2446 5150 2504 5197 ut
2550 5143 2760 5214 reliqua
2788 5141 2968 5196 omnia
2991 5141 3061 5195 de
3090 5157 3253 5211 supra
3281 5138 3496 5210 scriptis
3526 5138 3822 5194 festivitan-

2238 5233 2341 5288 bus
2367 5232 2440 5287 ita
2469 5239 2723 5304 agantur,
2747 5230 3021 5302 quomodo
3050 5229 3304 5295 diximus,
3329 5228 3468 5284 sicut
3497 5236 3550 5283 et
3578 5229 3632 5282 in
3649 5226 3827 5283 Domi-

2239 5322 2363 5377 nico
2407 5321 2516 5377 die.
2562 5322 2624 5375 In
2672 5319 2846 5376 sancti
2888 5334 3020 5375 vero
3064 5319 3318 5390 Gregorii
3364 5325 3418 5373 et
3455 5317 3625 5373 sancti
3653 5317 3823 5372 Bene-

614 5417 677 5472 In
706 5414 895 5488 vigilia
941 5414 1110 5470 sancti
1165 5413 1401 5470 Matthaei
1457 5420 1511 5468 et
1557 5411 1770 5468 Natalis
1814 5411 2032 5469 Domini
2090 5418 2143 5467 et
2239 5410 2390 5477 dicti,
2449 5417 2503 5465 et
2556 5408 2977 5465 Annuntiatione
3035 5416 3234 5465 sancta
3291 5406 3475 5463 Mariae.
3548 5404 3825 5461 duodecim

545 5504 851 5583 Epiphania
873 5502 1229 5577 jejunandum
1258 5518 1432 5577 usque
1461 5503 1532 5561 ad
1550 5518 1861 5581 vesperum.
1896 5502 1957 5561 In
2002 5499 2141 5579 vigi-

2242 5499 2503 5555 lectiones
2561 5496 2712 5566 ﬁunt,
2773 5506 2827 5555 et
2878 5512 3059 5573 genua
3111 5498 3167 5557 in
3214 5495 3461 5555 oratione
3501 5495 3690 5553 fratres
3724 5508 3824 5551 non
