4086 6308
527 240 626 294 991

1513 238 1569 294 S.
1611 236 1966 295 REMBERTI
2018 234 2378 292 HAMBURG.
2427 234 2647 292 EPISC.

3716 246 3828 301 992

1496 486 2178 572 EPITAPHIUM
2278 486 2823 571 GRIMALDI

1779 642 2106 700 AUCTORE
2162 642 2503 699 HARMOTO

1522 743 1687 813 (Hist.
1742 742 1857 797 litt.
1905 741 1973 795 dc
2015 742 2246 809 France,
2284 747 2421 795 tom.
2470 741 2535 807 V,
2577 757 2633 813 p.
2675 742 2826 811 404.)

1416 971 1515 1028 Hic
1544 980 1728 1027 manet
1757 970 1981 1027 interius
2000 970 2199 1026 divina;
2218 969 2359 1028 legis
2391 977 2602 1025 amator

1407 1043 1716 1099 Grimaldus
1743 1042 1963 1097 humilis
1993 1041 2254 1112 templum
2280 1040 2384 1097 hoc
2412 1041 2503 1113 qui
2524 1040 2758 1097 condere
2788 1041 2968 1111 jussit.

1726 1319 1881 1363 ANNO
1922 1319 2123 1362 DOMINI
2174 1318 2603 1361 DCCCLXXXVIII.

764 1440 1900 1604 SANCTUS
2117 1442 3573 1606 REMBEBTUS

1629 1664 2171 1721 HAMBURGENSIS

2230 1664 2632 1721 EPISCOPUS.

1365 1793 1625 1879 VITA
1763 1791 2170 1876 SANCTI
2295 1793 2895 1877 REMBERTI

1621 2023 1869 2065 AUCTORE
1919 2024 2209 2075 ANONYMO,
2261 2025 2389 2064 EJUS
2440 2024 2678 2074 EQUALI.

1445 2106 1628 2177 (Apud
1680 2105 1884 2161 Mabill.
1942 2108 2074 2161 Acta
2134 2106 2230 2161 SS.
2290 2106 2498 2162 ordinis
2555 2106 2610 2162 S.
2668 2108 2895 2179 Bened.)

1128 2335 1517 2392 PROLOGUS.

588 2441 853 2513 Scripturi
886 2441 1063 2497 Vitam
1120 2458 1244 2498 cum
1289 2442 1437 2497 omni
1475 2458 1692 2513 semper
1759 2441 2112 2499 veneratione

524 2530 861 2587 memorandi
890 2531 1166 2587 Remberti
1221 2529 1512 2602 pontiﬁcis,
1554 2538 1607 2586 et
1651 2548 1772 2603 quae
1803 2530 1964 2586 oﬁicii
1991 2531 2112 2600 ejus

521 2618 773 2690 primitus
803 2619 1018 2675 occasio
1055 2618 1233 2686 fuerit,
1265 2626 1354 2674 aut
1392 2634 1555 2690 quem
1592 2619 1662 2674 ad
1704 2620 1809 2675 hoc
1846 2619 2118 2674 instituto—

522 2722 640 2761 rem
680 2706 765 2762 vel
817 2707 1247 2763 conversationis
1303 2706 1606 2778 profectum
1671 2707 1946 2775 habuerit,
2017 2722 2114 2763 seu

523 2793 757 2866 qualiter
782 2795 852 2849 ad
883 2796 987 2851 hoc
1025 2795 1229 2852 electus
1293 2795 1553 2866 deinceps
1606 2794 1818 2862 vixerit,
1853 2796 1908 2851 in
1942 2812 2114 2868 quan-

524 2888 636 2937 tum
663 2882 782 2939 haec
818 2883 1202 2956 comperimus,
1236 2882 1468 2939 ﬁdeliter
1495 2899 1836 2941 enarramus.

1019 3023 1243 3080 CAPUT
1273 3024 1562 3081 PRIMUM.

592 3130 728 3185 Cum
757 3129 1049 3201 imperator
1075 3129 1382 3187 Ludovicus
1411 3129 1587 3204 Regni
1624 3130 1961 3187 Francorum
1988 3146 2113 3186 mo-

521 3218 805 3274 narchiam
825 3225 1053 3285 teneret,
1087 3218 1294 3273 auctori
1324 3218 1720 3274 sublimationis
1740 3235 1854 3274 suae
1882 3220 1999 3274 Deo
2027 3226 2113 3273 ta-

522 3305 629 3362 lem
658 3306 854 3362 devote
882 3306 1057 3362 vicem
1088 3306 1317 3361 reddere
1355 3307 1583 3372 curavit,
1627 3314 1684 3361 ut
1738 3307 1985 3362 ecclesiae
2013 3306 2115 3362 Dei

519 3393 577 3448 in
605 3410 778 3467 regno
809 3394 924 3463 ejus
954 3394 1258 3450 constitutae
1295 3394 1510 3450 decenti
1548 3394 1725 3468 vigori
1754 3393 2102 3465 proﬁcerent,

521 3497 803 3538 servorum
829 3498 1043 3555 quoque
1072 3490 1125 3538 et
1153 3483 1474 3539 ancillarum
1526 3483 1626 3538 Dei
1656 3490 1825 3537 status
1854 3499 1977 3539 cum
2006 3484 2107 3539 ho-

520 3571 671 3626 noris
698 3571 1036 3628 incremento
1091 3570 1251 3627 latius
1289 3578 1653 3628 excresceret.
1700 3571 1797 3626 His
1828 3572 2113 3642 ejus-assi-

2142 2337 2440 2427 Agloriosi
2497 2353 2839 2425 imperatoris
2894 2354 3073 2410 Caroli
3129 2354 3198 2408 ad
3254 2352 3667 2426 gubernandum
3725 2362 3813 2409 est

2215 2442 2547 2514 presbyteris
2601 2442 2911 2509 commissa,
2969 2442 3146 2498 donec
3194 2449 3496 2512 opportuno
3545 2449 3810 2512 tempore,

2214 2530 2487 2600 deputatis
2513 2530 2664 2601 prius
2702 2530 2770 2584 ad
2798 2530 2979 2587 locum
3012 2529 3417 2601 episcopalibus
3447 2528 3808 2595 suﬁicientiis,

2215 2618 2686 2689 archiepiscopum
2713 2616 2916 2674 faceret
2943 2618 3144 2673 ibidem
3174 2616 3503 2674 consecrari.
3547 2618 3672 2688 Ipso
3710 2633 3811 2672 au-

2215 2715 2324 2762 tem
2345 2714 2471 2763 ante
2491 2707 2649 2777 hujus
2667 2705 2921 2762 effectum
2940 2707 3050 2763 voti
3067 2722 3140 2762 ex
3151 2707 3254 2762 hac
3266 2706 3372 2762 vita
3385 2705 3812 2777 sublato,piissi-

2213 2810 2336 2850 mus
2354 2793 2497 2850 ﬁlius
2518 2796 2636 2865 ejus
2651 2795 2763 2864 jam
2776 2795 2952 2852 dictus
2972 2794 3278 2850 Ludovicus
3288 2811 3411 2851 cum
3430 2792 3677 2850 ﬁdelibus
3696 2794 3811 2850 suis

2214 2884 2354 2940 hanc
2367 2884 2483 2953 ejus
2507 2883 2860 2939 intentionem
2886 2890 3202 2950 retractans,
3233 2883 3559 2956 Ansgarium
3582 2898 3809 2938 summa;

2215 2972 2516 3028 sanctitatis
2545 2972 2746 3039 virum,
2779 2981 2835 3027 ut
2853 2980 3011 3044 pater
3039 2973 3375 3038 decreverat,
3407 2970 3680 3043 privilegii
3711 2986 3806 3027 ar-

2214 3059 2631 3132 chiepiscopalis
2660 3069 2714 3117 et
2743 3060 2935 3117 ordine
2964 3067 3018 3116 et
3046 3060 3269 3116 nomine
3290 3059 3589 3127 sublimari,
3622 3067 3676 3115 et
3695 3060 3805 3129 jam

2214 3149 2373 3206 dictae
2404 3149 2636 3205 novella
2691 3148 2938 3205 ecclesiae
2985 3148 3318 3221 rudibusque
3365 3148 3542 3204 adhuc
3588 3147 3644 3202 in
3699 3146 3807 3204 ﬁde

2213 3237 2431 3309 populis
2482 3245 2772 3304 rectorem,
2818 3253 2884 3293 ac
2912 3237 3185 3309 gentibus,
3216 3245 3273 3292 ut
3300 3236 3502 3292 dictum
3532 3244 3637 3304 est,
3668 3251 3804 3292 nec-

2214 3326 2345 3380 dum
2373 3323 2621 3381 ﬁdelibus
2651 3333 2991 3398 erogatorem
3012 3325 3168 3382 verbi
3214 3324 3382 3380 divini
3427 3324 3632 3381 fecerat
3662 3324 3807 3379 ordi-

2212 3414 2356 3469 nari.
2397 3414 2561 3484 Cujus
2592 3430 2625 3470 a
2663 3414 2894 3485 pueritia
2946 3414 3003 3468 in
3060 3414 3161 3470 Dei
3190 3414 3378 3469 timore
3435 3412 3797 3469 conversatio-

2214 3520 2358 3575 nem,
2388 3504 2477 3561 vel
2497 3520 2620 3559 cum
2649 3503 2820 3559 aetatis
2847 3519 3109 3575 processu
3155 3503 3412 3560 virtutum
3444 3502 3799 3569 incrementa,

2213 3600 2301 3648 aut
2349 3592 2566 3664 quantis
2612 3592 2827 3649 indiciis
2899 3591 3155 3649 divinitus
3210 3599 3680 3663 praemonstratum
3736 3590 3805 3645 sit

519 3659 642 3752 duis
670 3659 1111 3752 meditationibus
1132 3660 1403 3752 exdivina
1422 3659 1778 3752 inspiratione
1797 3659 2114 3716 subintravit
2132 3690 2184 3749 B
2214 3659 2560 3752 pontiﬁcatus
2589 3688 2643 3737 et
2680 3680 3082 3752 praedicationis
3126 3659 3242 3750 ei“;
3299 3679 3549 3745 Oﬁcium’
3590 3687 3643 3736 et
3672 3694 3803 3751 quo-

522 3747 684 3804 etiam
710 3747 1049 3813 memoriam,
1084 3748 1316 3820 qualiter
1359 3747 1738 3803 serenissimus
1802 3755 1955 3818 pater
1985 3765 2113 3804 suus

523 3835 753 3892 Carolus
783 3844 1145 3907 cognomento
1174 3836 1420 3909 Magnus,
1463 3844 1681 3909 gentem
1712 3836 1985 3891 Saxonum
2010 3854 2108 3893 eo-

521 3931 699 3989 tenus,
731 3922 1007 3979 inﬁdelem
1044 3924 1111 3978 ad
1149 3922 1314 3979 ﬁdem
1344 3923 1539 3979 Christi
1578 3924 2114 3997 converterit,usque

523 4013 593 4068 ad
621 4013 729 4070 huc
755 4012 1019 4068 ordinatis
1048 4029 1148 4085 per
1195 4012 1367 4084 ipsam
1423 4012 1758 4084 provinciam
1826 4012 2113 4069 sufﬁcienti

521 4117 751 4157 numero
780 4101 1070 4173 episcopis,
1104 4109 1157 4158 et
1195 4102 1416 4157 sedibus
1446 4118 1636 4157 eorum
1665 4102 1891 4173 provide
1922 4102 2112 4156 distri-

521 4189 684 4256 butis,
737 4199 1036 4246 extremum
1064 4191 1135 4246 ad
1193 4191 1409 4265 plagam
1449 4190 1819 4262 aquilonarem
1867 4191 2113 4261 ejusdem

515 4279 814 4352 provinciae
884 4288 1089 4351 partem
1127 4280 1195 4335 ad
1226 4281 1331 4336 hoc
1389 4280 1772 4346 reservaverit,
1814 4286 1872 4333 ut
1911 4279 2114 4335 ibidem

520 4368 994 4439 archiepiscOpalis
1023 4368 1441 4424 constitueretur
1471 4369 1649 4437 sedes,
1666 4368 1811 4423 unde
1840 4368 2112 4439 praedica-

519 4457 594 4514 tio
632 4456 788 4513 verbi
818 4457 920 4511 Dei
949 4455 1191 4511 ﬁnitimis
1212 4454 1366 4510 ﬁeret
1395 4456 1629 4527 populis,
1664 4456 1959 4519 Sueonum,
1995 4458 2110 4513 Da-

520 4561 713 4601 norum
743 4544 790 4611 (ι
818 4545 1178 4609 Norveorum,
1248 4543 1464 4609 Farriae,
1517 4543 1886 4611 Gronlandan,
1932 4544 2111 4600 Islan-

522 4634 650 4700 dan,
685 4631 1088 4702 Scridwndan),
1118 4631 1422 4698 Slavorum,
1464 4646 1673 4686 necnon
1716 4632 1955 4687 omnium
1988 4650 2112 4705 sep-

520 4720 923 4777 tentrionalium
952 4729 1005 4776 et
1061 4719 1401 4775 orientalium
1461 4720 1739 4775 nationum
1787 4736 2113 4793 quocunque

520 4810 682 4864 modo
713 4809 1124 4875 nominatarum,
1160 4808 1251 4880 qui
1305 4808 1587 4881 paganicis
1616 4810 1792 4864 adhuc
1822 4808 2104 4866 erroribus

519 4895 886 4952 involvuntur.

1154 4992 1377 5049 CAPUT
1406 4994 1473 5048 ΙΙ.

590 5100 701 5155 Sed
733 5100 804 5154 ad
840 5100 944 5155 hoc
975 5115 1113 5169 opus
1143 5107 1453 5156 constructa
1492 5108 1574 5156 est
1632 5107 1834 5155 tantum
1865 5108 1916 5156 et
1947 5102 2106 5157 dedi-

518 5197 640 5246 cata
668 5189 1189 5262 Hammaburgensis
1228 5189 1459 5246 ecclesia
1475 5189 1531 5243 in
1559 5188 1793 5245 conﬁnio
1828 5192 2105 5246 Danorum

520 5286 573 5335 et
602 5277 903 5341 Slavorum,
944 5276 998 5331 in
1031 5278 1288 5333 extremis
1336 5278 1590 5334 videlicet
1644 5279 1886 5349 partibus
1931 5280 2105 5334 Saxo-

516 5384 644 5423 num
674 5366 816 5422 inter
867 5381 962 5422 eos
992 5366 1085 5438 qui
1140 5368 1390 5424 dicuntur
1445 5368 1803 5441 Nordalbingi
1840 5386 1852 5422 :
1910 5375 1963 5423 et
2001 5385 2108 5423 una

516 5472 638 5514 cum
664 5455 861 5513 incolis
896 5454 1142 5513 locorum
1179 5457 1373 5513 eadem
1418 5456 1651 5513 ecclesia
1674 5457 1830 5527 jussu
1859 5457 2105 5526 ejusdem

2215 3770 2380 3826 modo
2410 3786 2511 3841 per
2538 3770 2685 3825 sedis
2713 3769 3028 3840 apostolicae
3068 3769 3354 3843 privilegia
3384 3769 3500 3837 ejus
3530 3768 3600 3823 sit
3627 3767 3800 3824 omnis

2215 3873 2376 3914 causa
2420 3858 2643 3925 munita,
2676 3858 3022 3930 studiumque
3043 3858 3160 3927 ejus
3203 3865 3256 3912 et
3296 3857 3601 3928 profectum
3631 3856 3686 3911 in
3722 3857 3797 3911 lu-

2214 3947 2430 4002 crandis
2460 3948 2576 4002 Deo
2605 3947 2912 4013 animabus,
2946 3962 3080 4019 quas
3101 3946 3188 4002 vel
3203 3946 3259 4000 in
3288 3944 3394 4000 ﬁde
3417 3945 3695 4011 roborare,
3712 3944 3797 3999 vel

2214 4036 2282 4090 de
2313 4035 2631 4108 paganismo
2651 4036 2721 4091 ad
2752 4035 3210 4091 Christianitatem
3238 4034 3537 4105 producere
3567 4033 3800 4105 quotidie

2215 4124 2517 4195 satagebat,
2550 4124 2791 4196 quisquis
2842 4124 2981 4180 scire
3028 4124 3195 4195 cupit,
3228 4123 3374 4196 legat
3418 4122 3659 4178 libellum
3679 4121 3800 4177 vitae

2215 4212 2351 4281 ejus,
2395 4220 2445 4267 et
2492 4220 2707 4284 quantae
2736 4212 3035 4268 sanctitatis
3079 4211 3162 4269 vir
3214 4210 3331 4282 ipse
3363 4209 3525 4266 fuerit
3556 4226 3793 4281 perpen-
3846 4218 3851 4221 “

2214 4300 2323 4356 det.
2343 4301 2456 4356 Nos
2480 4316 2623 4356 nunc
2635 4301 2703 4356 de
2733 4302 2851 4370 ejus
2871 4300 3168 4357 sanctitatis
3191 4300 3459 4355 imitatore
3478 4299 3635 4354 simul
3657 4307 3707 4354 et
3725 4298 3799 4352 di-

2213 4389 2433 4462 gnitatis
2463 4405 2783 4445 successore
2815 4389 3108 4446 Remberto
3139 4388 3409 4459 scripturi,
3440 4388 3669 4460 qualiter
3682 4386 3790 4458 pri—

2212 4493 2304 4532 mo
2324 4478 2375 4533 ei
2404 4477 2654 4549 cognitus
2676 4478 2744 4532 sit
2771 4485 2825 4533 et
2862 4485 3259 4551 consequenter
3287 4477 3507 4547 ascitus,
3541 4477 3664 4531 hinc
3684 4476 3793 4546 jam

2213 4566 2368 4638 sequi
2397 4566 2736 4638 incipiamus.

2780 4716 3006 4772 CAPUT
3054 4716 3147 4771 III.

2282 4839 2417 4893 Cum
2440 4840 2554 4909 jam
2583 4839 2742 4896 dictae
2763 4840 2975 4897 noviter
3003 4836 3791 4911 institutaaHammaburgensis

2210 4927 2456 4984 ecclesia
2485 4929 2698 4983 termini
2714 4929 3148 5002 essentangusti,
3172 4938 3225 4985 et
3244 4930 3314 4985 ad
3330 4936 3537 4984 tantum
3566 4924 3788 4983 oﬁicium

2138 5049 2187 5112 Ο
2209 5016 2354 5086 quod
2393 5017 2650 5087 episcopo
2682 5018 2797 5087 ejus
2826 5017 3124 5086 injunctum
3155 5018 3406 5084 diximus,
3459 5023 3700 5086 sumptus
3728 5030 3789 5068 ex

2205 5104 2348 5158 illius
2378 5106 2713 5175 pertinentiis
2755 5106 2966 5163 collecti
2998 5122 3106 5161 non
3162 5106 3489 5170 sufﬁcerent,
3540 5105 3787 5176 ipsosque

2206 5192 2370 5246 etiam
2401 5194 2491 5265 qui
2520 5194 2810 5264 provenire
2839 5204 3062 5266 possent
3092 5196 3314 5262 reditus,
3354 5195 3608 5267 frequens
3641 5195 3784 5251 hosti-

2205 5280 2272 5334 lis
2305 5281 2527 5352 irruptio
2557 5283 2817 5353 diviperet
2847 5302 2860 5350 ;
2914 5300 2981 5340 ne
3027 5301 3128 5355 per
3149 5286 3252 5340 hoc
3281 5285 3365 5340 vir
3394 5286 3492 5340 Dei
3515 5286 3788 5357 impedire-

2207 5376 2292 5423 tur
2319 5386 2350 5423 a
2379 5371 2781 5441 praedicationis
2800 5371 2995 5437 oﬁicio,
3014 5374 3159 5445 quod
3176 5375 3231 5428 in
3262 5374 3432 5447 gestis
3455 5375 3572 5443 ejus
3595 5373 3787 5448 legatio

2205 5457 2275 5512 ad
2303 5466 2495 5530 gentes
2533 5460 2716 5515 vocari
2747 5460 2903 5526 solet,
2929 5470 3260 5518 memoratus
3279 5464 3577 5537 imperator
3608 5463 3785 5522 Ludo-

570 5611 597 5643 ⁸
617 5609 803 5669 luctum
826 5610 1107 5681 parenthesi
1130 5610 1311 5669 inserta
1333 5610 1560 5664 videntur
1582 5623 1612 5662 a
1635 5610 2003 5681 posterioribus,
2029 5613 2082 5665 ut
2102 5613 2323 5665 notatum
2347 5614 2421 5666 est
2438 5612 2489 5666 in
2511 5613 2621 5665 Vita
2644 5613 2802 5667 sancti
2824 5614 3103 5668 Anscharii.
