4086 6312
294 271 396 324 993

1868 264 2058 320 ἮΤΑι

3493 274 3599 328 994

293 393 444 447 vicus
476 390 768 463 quamdam
798 390 853 444 in
875 389 1054 445 Gallia
1078 389 1293 458 cellam,
1322 391 1552 447 Turholt
1573 398 1597 425 ³
1625 397 1896 455 vocatam,
1929 390 1983 449 A
2003 407 2218 463 semper
2247 393 2507 464 deinceps
2539 394 2680 464 apud
2710 395 2858 449 illum
2888 403 3150 451 tractatus
3183 403 3236 450 et
3272 395 3496 450 habitus
3516 404 3599 450 est

294 481 473 536 eidem
504 479 765 552 legationi
797 479 1017 533 tradidit
1045 487 1310 550 perpetuo
1341 479 1684 534 servituram.
1738 477 1892 546 Quo-

297 569 426 624 dam
455 576 635 624 autem
666 576 908 638 tempore
929 569 1160 622 domnus
1179 568 1420 638 pontifex
1441 568 1640 622 ibidem
1662 569 1890 640 degens,

297 658 508 729 aspexit
537 657 804 728 quosdam
834 673 1034 728 pueros
1067 658 1136 712 ad
1174 657 1461 713 ecclesiam
1504 673 1628 712 cum
1671 657 1796 724 joco
1842 663 1897 710 et

297 745 552 800 inanibus
583 744 836 800 festinare
865 745 1204 800 discursibus
1238 763 1250 799 :
1284 761 1512 816 quorum
1555 745 1776 815 quidam
1805 743 1893 796 in-

299 843 381 889 ter
407 842 634 890 caeteros
662 850 802 904 pene
831 833 1086 888 minimus
1116 835 1360 907 graviter
1390 834 1670 900 incedens,
1695 841 1750 887 et
1769 848 1899 902 pue-

298 922 426 977 riles
455 923 704 977 levitates
734 922 962 978 sollicite
990 923 1256 990 devitans,
1290 922 1588 978 orationem
1632 938 1754 976 cum
1802 937 1894 976 re-

296 1010 539 1066 verentia
569 1017 620 1064 et
649 1010 840 1064 timore
871 1010 1104 1082 peregit,
1140 1027 1480 1082 surgensque
1529 1010 1687 1079 signo
1717 1007 1894 1063 crucis

298 1097 536 1153 frontem
561 1098 806 1163 munivit,
850 1106 903 1153 et
948 1099 1106 1170 quasi
1148 1098 1459 1153 maturioris
1506 1105 1652 1152 esset
1698 1095 1891 1164 aetatis,

299 1202 453 1241 suam
483 1203 582 1258 per
609 1186 792 1242 omnia
821 1187 1208 1242 continentiam
1239 1186 1496 1241 exhibuit.
1531 1186 1894 1240 Animadver-

298 1276 357 1329 tit
387 1291 522 1348 ergo
552 1275 635 1331 vir
663 1276 764 1330 Dei
793 1290 1006 1331 sacram
1036 1276 1278 1348 religiosi
1310 1275 1464 1345 pueri
1504 1274 1786 1329 infantiam
1816 1273 1896 1326 di-

296 1364 437 1419 vinae
461 1364 572 1432 jam
589 1363 862 1419 servitutis
883 1380 1070 1418 amore
1087 1364 1352 1437 flagrasse
1379 1383 1392 1430 ;
1428 1363 1722 1434 accitisque
1745 1362 1815 1416 ad
1837 1378 1896 1416 se

296 1453 608 1522 parentibus
645 1453 780 1521 ejus,
831 1461 883 1506 et
931 1468 1131 1507 nomen
1179 1452 1333 1522 pueri
1379 1452 1523 1523 quod
1573 1451 1897 1506 Rembertus

297 1548 600 1609 vocaretur,
634 1540 872 1608 edidicit,
906 1548 959 1594 et
987 1556 1258 1595 consensu
1289 1555 1477 1594 eorum
1507 1547 1752 1610 accepto,
1779 1546 1897 1593 ton-

301 1644 486 1684 suram
514 1629 562 1684 ei
591 1637 643 1682 et
670 1628 1096 1684 ecclesiasticum
1125 1629 1368 1682 habitum
1399 1628 1674 1699 imposuit.
1703 1627 1897 1697 Sicque

299 1731 425 1772 eum
457 1717 658 1772 ibidem
686 1725 914 1788 paterna
944 1717 1306 1773 sollicitudine
1335 1717 1748 1781 commendans,
1785 1723 1896 1768 stu-
1921 1745 1976 1803 B

299 1805 454 1860 diose
485 1806 702 1860 erudire
730 1806 990 1876 praecepit
1023 1824 1035 1859 :
1070 1806 1370 1877 paucisque
1400 1806 1590 1860 diebus
1620 1805 1693 1858 ibi
1721 1813 1896 1858 trans-

301 1894 436 1948 actis
484 1894 609 1948 inde
666 1894 938 1962 discessit,
987 1902 1039 1948 et
1087 1894 1326 1964 suscepti
1375 1893 1665 1964 pastoralis
1710 1891 1890 1956 ofﬁcii,

299 1998 520 2052 suaeque
549 1983 618 2036 ad
648 1990 842 2055 gentes
872 1982 1162 2054 legationis
1194 1983 1460 2038 instanter
1508 1998 1732 2053 operam
1763 1980 1890 2053 egit.

919 2142 1143 2197 CAPUT
1186 2143 1276 2196 IV.

372 2265 502 2320 Post
530 2265 646 2320 haec
673 2281 810 2335 puer
835 2265 951 2334 jam
981 2266 1097 2320 Deo
1129 2265 1358 2320 dilectus
1384 2264 1562 2336 magis
1608 2263 1896 2334 magisque

296 2353 353 2407 in
383 2353 645 2425 gravitate
673 2352 986 2423 proficiens,
1023 2361 1077 2407 et
1096 2353 1372 2408 discendis
1391 2352 1709 2407 liberalibus
1741 2351 1897 2407 disci-

299 2441 462 2512 plinis
505 2441 760 2496 ardenter
807 2441 1058 2508 instabat,
1111 2449 1164 2496 et
1211 2441 1349 2496 inter
1395 2443 1511 2496 haec
1559 2440 1898 2495 orationibus

301 2530 618 2601 caeterisque
646 2530 913 2585 bonarum
944 2546 1122 2584 rerum
1154 2529 1597 2599 occupationibus
1627 2537 1895 2594 assuetus,

300 2617 355 2672 in
384 2618 572 2689 paucis
600 2619 757 2672 annis
786 2618 932 2673 omni
958 2619 1269 2674 maturitate
1300 2625 1352 2672 et
1384 2617 1624 2672 scientias
1655 2626 1708 2672 et
1736 2617 1902 2672 virtu-

301 2714 415 2760 tum
442 2705 715 2777 perfectus
746 2707 952 2761 enituit.
986 2707 1054 2761 Et
1076 2708 1190 2776 jam
1223 2714 1350 2762 tunc
1374 2707 1530 2776 juxta
1558 2706 1899 2761 Psalmistam

301 2795 573 2851 concaluit
615 2811 712 2850 cor
759 2796 874 2864 ejus
917 2795 1062 2850 intra
1106 2796 1302 2866 ipsum,
1355 2802 1408 2849 et
1449 2794 1505 2849 in
1551 2794 1898 2850 meditatione

301 2884 419 2952 ejus
449 2884 645 2938 exarsit
675 2883 818 2956 ignis
840 2886 1014 2954 (Psal.
1037 2899 1282 2950 xxxvm,
1308 2885 1382 2954 4),
1409 2883 1650 2939 invenire
1673 2884 1899 2954 cupiens

302 2971 433 3043 quid
461 2972 512 3027 ei
539 2971 593 3026 in
625 2973 725 3026 hac
756 2972 866 3027 vita
896 2972 1215 3028 consistenti
1245 2972 1472 3044 exsequi
1503 2973 1732 3027 maxime
1765 2988 1898 3042 pro-

299 3060 504 3115 desset.
539 3060 637 3115 Cui
667 3060 796 3115 talia
826 3061 1106 3116 meditanti
1138 3061 1390 3126 occurrit,
1416 3061 1570 3129 juxta
1605 3061 1899 3132 quemdam

297 3148 618 3218 sapientem,
653 3147 882 3218 primam
914 3149 1272 3220 philosophiae
1302 3147 1675 3203 definitionem
1718 3148 1897 3202 medi-

298 3236 558 3292 tationem
583 3253 704 3291 esse
732 3237 942 3303 mortis,
977 3237 1140 3308 idque
1170 3245 1280 3292 toto
1330 3244 1555 3308 pectore
1589 3237 1790 3303 hausit,
1841 3244 1901 3290 ut

300 3325 448 3380 omni
493 3325 616 3380 vitae
671 3342 783 3380 suae
831 3333 1075 3397 tempore
1121 3327 1261 3381 hanc
1305 3341 1570 3380 summam
1615 3325 1898 3395 sapientiae

300 3412 561 3485 consequi
589 3422 890 3469 mereretur
923 3433 936 3470 :
970 3424 1238 3486 quatenus
1268 3423 1514 3486 tempore
1545 3413 1736 3470 mortis
1785 3430 1896 3468 sua:

299 3501 369 3557 de
385 3502 636 3575 neglectu
656 3503 1141 3574 praemeditationis
1164 3504 1280 3573 ejus
1296 3519 1406 3557 non
1426 3502 1780 3569 constristari,
1801 3503 1897 3556 sed

298 3591 476 3662 potius
505 3607 604 3662 per
633 3591 1074 3647 observationem
1108 3593 1398 3662 Scriptura;
1428 3592 1700 3647 monentis
1730 3607 1795 3646 ac
1821 3591 1899 3645 di-

285 3679 473 3745 centis
498 3697 512 3733 :
537 3681 600 3734 In
630 3681 885 3736 omnibus
902 3682 1156 3752 operibus
1181 3683 1296 3736 tuis
1318 3696 1632 3736 memorare
1654 3680 1897 3735 novissi-

300 3784 398 3823 ma
419 3772 535 3835 tua,
570 3773 625 3824 et
646 3771 707 3824 in
729 3773 1008 3824 aeternum
1029 3786 1144 3825 non
1161 3769 1416 3842 peccabis
1439 3770 1634 3838 (Eccli.
1662 3784 1759 3833 vn,
1784 3767 1893 3837 40),

298 3865 560 3928 quantum
588 3859 836 3913 humana}
863 3857 1159 3913 conditioni
1186 3858 1446 3929 possibile
1475 3865 1638 3926 esset,
1674 3857 1741 3911 de
1771 3871 1901 3926 pec-

298 3952 542 4000 catorum
571 3945 658 4001 vel
683 3947 899 4002 cautela
950 3947 1035 4002 vel
1082 3947 1403 4003 remissione
1453 3963 1678 4003 securus
1721 3944 1896 4001 laetiﬁ-

298 4033 415 4089 cari
443 4042 757 4091 mereretur.

928 4164 1151 4220 CAPUT
1199 4164 1265 4218 V.

373 4288 724 4344 Venerandus
755 4285 918 4360 igitur
946 4288 1166 4359 praesul,
1200 4287 1292 4359 qui
1324 4303 1447 4342 eum
1478 4285 1662 4341 divino
1691 4282 1898 4339 manci-

300 4377 450 4449 pavit
480 4377 721 4442 servitio,
755 4377 893 4432 sicut
922 4377 978 4430 in
1007 4377 1144 4448 gesti
1176 4377 1297 4431 vitae
1344 4376 1459 4444 ejus
1504 4374 1725 4447 legitur,
1778 4389 1899 4444 qua:

1995 480 2287 536 verisimile
2325 482 2554 548 videtur,
2591 484 2736 554 quod
2767 485 3045 539 evidenter
3073 502 3103 538 a
3129 485 3245 538 Deo
3276 484 3354 537 illi
3399 484 3467 538 sit
3497 500 3592 538 re-

1995 569 2249 634 velatum,
2299 570 2424 640 quia
2474 586 2762 626 successor
2804 571 2880 625 illi
2925 573 2980 626 in
3023 574 3341 643 episcopatu
3387 571 3593 626 futurus

1994 656 2200 713 fuisset.
2235 660 2374 714 Nam
2405 676 2524 713 cum
2559 660 2733 729 primo
2763 660 2818 713 in
2848 661 3121 715 discendis
3169 661 3372 715 artibus
3414 668 3467 716 et
3505 661 3592 715 di-

1997 747 2236 816 sciplinis
2265 747 2606 802 scholaribus
2652 748 2917 804 districtio
2965 749 3354 822 magistrorum
3402 749 3451 804 ei
3501 765 3592 804 re-

1993 833 2319 898 mitteretur,
2380 836 2528 906 quod
2586 837 2783 890 usitata
2837 837 3127 891 locutionis
3180 853 3463 908 egressum
3522 837 3594 892 de

1996 923 2180 978 schola
2210 923 2458 992 dicimus,
2492 940 2617 979 mox
2648 941 2770 979 eum
2801 925 3034 979 domnus
3063 925 3352 996 episcopus
3391 924 3591 980 indivi-

1996 1011 2206 1066 sibilem
2240 1029 2352 1067 sua:
2383 1012 2672 1085 legationis
2704 1013 2956 1068 comitem
2984 1029 3107 1068 esse
3139 1013 3412 1068 constituit
3447 1030 3458 1068 :
3495 1029 3593 1068 ve-

1995 1100 2342 1171 nientemque
2391 1102 2459 1155 de
2517 1100 2739 1170 prmfato
2797 1103 2853 1155 in
2910 1118 3017 1173 quo
3076 1118 3198 1156 eum
3248 1101 3594 1156 nutriendum

1997 1189 2397 1244 commendavit
2452 1190 2835 1244 monasteriolo
2893 1206 3015 1245 cum
3074 1190 3276 1260 gaudio
3331 1189 3589 1260 suscepit,

1996 1277 2380 1348 consciumque
2430 1294 2653 1332 suorum
2701 1278 2755 1332 in
2799 1278 3050 1332 omnibus
3097 1279 3429 1348 permiserat
3472 1295 3594 1334 esse

1996 1374 2294 1436 gestorum,
2331 1366 2528 1437 quibus
2559 1366 2674 1436 ipse
2705 1367 2820 1420 Deo
2851 1383 2970 1421 cum
3011 1366 3157 1422 omni
3210 1366 3425 1437 pietate,
3477 1366 3592 1423 sive

1971 1454 2228 1520 .occulte,
2263 1455 2376 1508 sive
2405 1453 2687 1508 manifeste
2717 1454 3090 1510 famulabalur.

2614 1659 2838 1714 CAPUT
2878 1659 2966 1712 VI.

2067 1803 2313 1874 Denique
2345 1819 2468 1858 cum
2500 1803 2731 1873 quadam
2763 1804 2848 1858 die
2873 1805 3023 1872 juxta
3051 1820 3262 1859 morem
3310 1801 3467 1858 simul
3498 1819 3592 1858 as-

1996 1892 2245 1945 sisterent
2272 1892 2342 1945 ad
2372 1892 2693 1957 orationem,
2729 1893 2950 1964 jamque
3001 1893 3393 1963 supplicatione
3441 1892 3593 1947 finita

1995 1979 2183 2052 egredi
2212 1981 2280 2035 de
2310 1980 2538 2035 ecclesia
2567 1991 2838 2051 pararent,
2873 1981 3025 2052 quasi
3057 1981 3368 2037 secretioris
3402 1981 3592 2051 gratiae

1994 2085 2192 2123 munus
2239 2068 2292 2122 in
2334 2069 2601 2139 discipulo
2649 2068 2888 2139 pontifex
2941 2085 3282 2142 agnoscens,
3335 2086 3459 2124 eum
3506 2070 3591 2124 his

1996 2157 2174 2213 verbis
2207 2157 2494 2228 alloquitur
2528 2175 2540 2212 :
2581 2180 2602 2208 α
2638 2157 2862 2228 Oportet
2895 2166 2965 2227 te,
2998 2158 3190 2230 inquit,
3242 2174 3274 2212 o
3323 2157 3397 2211 fili
3426 2159 3593 2214 Rem-

1997 2239 2171 2313 berte,
2207 2263 2423 2316 semper
2452 2247 2529 2300 illi
2560 2247 2768 2318 gratias
2799 2262 2986 2318 agere,
3020 2247 3111 2318 qui
3141 2248 3208 2301 de
3241 2246 3465 2301 turbidis
3496 2263 3598 2303 sa:-

1997 2335 2105 2390 culi
2134 2335 2388 2390 ﬂuctibus
2420 2335 2490 2389 ad
2521 2343 2739 2405 portum
2762 2335 2954 2406 quietis
2978 2343 3028 2389 te
3046 2335 3255 2390 vocavit
3287 2353 3300 2388 :
3335 2336 3406 2390 ad
3435 2351 3593 2406 quem

1997 2424 2124 2495 quia
2154 2423 2314 2480 video
2346 2432 2397 2478 te
2436 2423 2800 2478 indubitanter
2846 2423 3081 2477 animum
3128 2423 3452 2493 applicasse,
3505 2422 3593 2478 fa-

1997 2520 2114 2567 teor
2143 2511 2344 2566 amoris
2369 2511 2443 2566 tui
2471 2528 2558 2566 me
2589 2510 2786 2566 affectu
2817 2511 3076 2584 ﬂagrare,
3115 2512 3476 2583 eamdemque
3504 2511 3593 2566 di-

1997 2601 2282 2656 lectionem
2316 2600 2583 2654 finetenus
2622 2616 2686 2654 ex
2737 2616 2857 2654 mea
2901 2608 3053 2670 parte
3102 2599 3250 2655 circa
3297 2608 3348 2654 te
3396 2599 3594 2655 durare

1997 2705 2108 2744 non
2143 2689 2377 2743 dubites.
2441 2688 2540 2742 Cui
2589 2688 2680 2742 ille
2709 2689 3051 2758 respondens
3087 2707 3097 2740 :
3132 2689 3392 2759 Indignus
3447 2705 3588 2755 sum,

1997 2777 2190 2850 inquit,
2224 2777 2462 2847 domine,
2497 2784 2641 2830 tanta
2671 2777 2842 2849 gratia
2889 2785 2975 2831 tua
3007 2792 3018 2830 :
3057 2776 3185 2848 quia
3226 2784 3407 2832 tamen
3453 2777 3596 2833 hanc

1999 2866 2053 2920 in
2082 2883 2169 2921 me
2200 2866 2442 2921 ostendis
2473 2865 2834 2930 clementiam,
2869 2865 3077 2920 meritis
3107 2865 3209 2919 tuis
3240 2865 3384 2936 apud
3420 2866 3596 2921 Deum

1999 2955 2132 3009 mihi
2161 2955 2395 3010 obtineri
2426 2955 2683 3024 deposco,
2717 2963 2775 3008 ut
2805 2954 2856 3006 in
2887 2953 3066 3008 futura
3097 2953 3203 3010 vita
3252 2953 3595 3024 praemiorum

1999 3052 2216 3098 tuorum
2245 3043 2578 3099 consortium
2609 3043 2901 3113 adipiscar.
2941 3064 2962 3092 ν
3026 3043 3174 3097 Tunc
3230 3051 3450 3098 sanctus
3481 3042 3597 3113 epi-

1931 3101 2217 3203 C‘scopus,
2253 3132 2407 3201 cujus
2436 3139 2673 3186 mentem
2724 3131 2903 3203 gratia
2943 3130 3042 3184 Dei
3090 3129 3287 3200 saepius
3337 3130 3596 3186 illustrari

1996 3221 2249 3285 diximus,
2285 3221 2354 3276 ad
2382 3219 2774 3291 praenoscenda
2806 3235 2927 3290 quas
2956 3219 3032 3272 illi
3063 3217 3242 3273 futura
3273 3227 3473 3289 essent,
3508 3218 3592 3274 his

1994 3305 2177 3362 verbis
2207 3305 2512 3378 dignissimi
2543 3303 2821 3359 Remberti
2848 3303 3056 3358 nullum
3088 3302 3305 3375 quidem
3346 3304 3416 3358 ad
3443 3320 3594 3375 prae-

1997 3411 2123 3450 sens
2169 3395 2318 3449 dedit
2367 3409 2689 3464 responsum
2740 3411 2752 3446 :
2790 3392 2948 3447 tertia
2989 3407 3117 3448 vero
3167 3392 3257 3446 die
3301 3400 3592 3459 transacta,

1997 3483 2117 3555 ipso
2142 3483 2254 3552 jam
2285 3482 2646 3538 sollicitudine
2693 3481 3081 3553 cogitationum
3129 3480 3372 3552 fatigato,
3425 3496 3593 3553 quare

1997 3573 2202 3628 scilicet
2233 3571 2300 3626 ad
2332 3572 2470 3626 hanc
2503 3571 2833 3642 petitiomem
2865 3585 3019 3624 suam
3051 3569 3323 3624 reticuerit
3371 3570 3585 3640 episco-

1997 3678 2118 3732 pus,
2154 3661 2314 3714 talem
2344 3659 2393 3714 ei
2415 3659 2648 3713 reddidit
2667 3658 3089 3714 consolationem
3125 3675 3137 3711 :
3173 3679 3194 3708 α
3227 3659 3364 3717 Jam.
3399 3657 3591 3729 inquit,

1997 3749 2205 3804 obtinui
2236 3765 2268 3803 a
2296 3749 2546 3814 Domino,
2572 3756 2631 3802 ut
2661 3748 2714 3802 in
2742 3747 2916 3802 futuro
2948 3746 3167 3812 saeculo,
3228 3746 3364 3823 sicut
3391 3747 3592 3817 petisti,

1999 3839 2068 3893 ab
2126 3838 2357 3893 invicem
2415 3854 2524 3892 non
2571 3853 2889 3908 separemur
2937 3855 2950 3890 :
2993 3835 3084 3890 ubi
3127 3835 3199 3890 ita
3248 3836 3593 3891 beatitudinis

1998 3931 2216 3979 aeternas
2246 3923 2541 3995 participes
2575 3923 2795 3988 erimus,
2830 3939 2898 3977 ne
2928 3930 3116 3977 nostra
3158 3938 3259 3976 nos
3299 3921 3497 3976 virtute
3527 3922 3598 3976 ad

1998 4013 2137 4068 hanc
2166 4012 2480 4083 pertingere
2511 4027 2674 4081 posse
2703 4025 3118 4081 praesumamus,
3144 4009 3290 4080 quod
3311 4018 3391 4063 est
3413 4018 3598 4064 reatus

2001 4100 2287 4170 superbia),
2321 4116 2419 4170 per
2448 4115 2609 4169 quam
2652 4098 2967 4153 ceciderunt
3013 4096 3104 4168 qui
3151 4105 3444 4167 operantur
3488 4097 3585 4152 ini-

1999 4188 2254 4259 quitatem
2289 4206 2301 4241 :
2333 4203 2436 4242 nec
2466 4203 2686 4241 rursum
2721 4186 2928 4241 desidia
2977 4193 3254 4256 torpentes
3303 4185 3596 4241 oblivisca-

1999 4294 2121 4332 mur
2149 4277 2292 4348 quod
2323 4276 2516 4331 dicitur
2547 4293 2558 4329 :
2595 4277 2658 4330 In
2688 4278 2794 4331 Deo
2825 4276 3102 4347 faciemus
3126 4276 3395 4330 virtutem
3418 4275 3593 4345 (Psal.

2000 4382 2113 4429 le,
2150 4368 2236 4436 14)
2272 4383 2284 4418 :
2323 4365 2420 4420 sed
2449 4365 2687 4436 quotidie
2717 4364 3047 4430 studeamus,
3098 4371 3156 4417 ut
3203 4363 3406 4417 bonum
3435 4380 3592 4434 opus,

299 4465 378 4519 illi
410 4473 633 4520 ventura
662 4465 749 4520 vel
779 4466 849 4520 ab
879 4465 999 4535 ipso
1029 4465 1271 4536 gerenda
1301 4472 1472 4529 erant,
1523 4479 1663 4534 pene
1694 4461 1895 4527 omnia,
1927 4459 1980 4519 D
2004 4454 2140 4508 sicut
2171 4454 2427 4509 admonet
2458 4454 2646 4508 beatus
2678 4452 3001 4525 Gregorius,
3053 4452 3314 4506 habeatur
3356 4451 3513 4506 nobis
3541 4451 3596 4506 in

299 4553 389 4611 vel
417 4571 513 4624 per
545 4554 832 4619 somnium,
867 4555 953 4608 vel
983 4571 1082 4624 per
1120 4553 1360 4608 intimam
1409 4551 1796 4607 revelationem
1846 4551 1900 4604 in

297 4649 480 4697 mente
510 4658 855 4714 praenoscere
885 4651 937 4696 et
964 4642 1332 4713 praeordinare
1365 4641 1574 4697 solebat
1609 4658 1620 4693 :
1655 4657 1775 4711 quae
1797 4654 1897 4693 au-

299 4739 408 4786 tem
434 4731 553 4802 ipsa
583 4730 739 4786 fuerit
769 4731 958 4785 intima
987 4731 1041 4785 in
1071 4740 1252 4787 mente
1284 4731 1566 4798 revelatio,
1599 4729 1897 4799 scriptores

299 4820 426 4875 vitae
456 4821 568 4889 ejus
600 4820 704 4875 tale
732 4820 859 4891 quid
889 4837 1012 4875 esse
1042 4821 1395 4888 arbitrantur,
1422 4820 1580 4892 quale
1601 4818 1657 4873 in
1675 4818 1898 4873 Actibus

301 4909 668 4979 apostolorum
699 4909 894 4979 saepius
926 4910 1214 4980 replicatur
1244 4910 1387 4979 (Act.
1424 4925 1542 4976 vtu,
1579 4911 1642 4961 10
1675 4915 1727 4962 et
1760 4908 1846 4978 11)
1881 4924 1893 4960 :

298 4998 446 5052 Dixit
475 5007 652 5052 autem
685 4997 914 5068 Spiritus
945 4999 1040 5064 illi,
1075 4999 1159 5053 vel
1190 4997 1265 5052 illi
1296 4997 1583 5067 discipulo.
1609 4997 1761 5051 Unde
1789 5011 1899 5049 non

301 5095 385 5141 est
415 5085 785 5152 diffidendum,
822 5088 966 5157 quod
998 5088 1078 5142 vir
1109 5087 1228 5152 Dei,
1261 5104 1370 5142 non
1418 5103 1483 5140 ex
1533 5093 1748 5152 eventu,
1800 5084 1899 5138 sed

219 5176 227 5184 ”
299 5176 498 5231 divinae
527 5176 910 5231 admonitionis
942 5185 1185 5244 attractu,
1221 5193 1382 5247 quem
1403 5174 1686 5230 occultiori
1709 5189 1892 5240 sensu,

300 5273 484 5335 utpote
531 5265 615 5319 vir
661 5265 934 5334 spiritalis,
985 5266 1038 5319 in
1091 5267 1267 5319 anima
1316 5265 1600 5335 percipere
1649 5263 1893 5326 solebat;

297 5355 443 5408 hunc
472 5353 682 5408 felicem
714 5354 782 5407 de
813 5369 920 5424 quo
969 5354 1240 5425 loquimur
1290 5369 1516 5424 puerum
1559 5368 1683 5406 cum
1732 5359 1896 5406 tantm

299 5442 640 5512 paternitatis
693 5440 890 5496 aﬂ'ectu
949 5442 1145 5498 divinis
1211 5443 1466 5499 asciverit
1532 5439 1893 5494 ministeriis:

302 5531 432 5601 quin
459 5531 638 5601 potius
667 5530 724 5584 in
753 5539 936 5586 tenore
984 5532 1412 5589 conversationis
1461 5539 1512 5586 et
1552 5530 1737 5596 modo,
1791 5545 1897 5600 quo

2001 4543 2313 4608 voluntate;
2372 4559 2435 4598 ac
2484 4543 2559 4597 sic
2608 4548 3007 4613 consequenter
3053 4538 3416 4609 confidamus,
3470 4540 3598 4611 quia

1994 4635 2147 4703 juxta
2177 4633 2427 4687 eumdem
2458 4632 2734 4687 doctorem
2767 4647 2831 4685 ex
2863 4629 3130 4698 adjutorio
3184 4629 3366 4684 divino
3413 4629 3513 4684 erit
3543 4629 3598 4682 in

1999 4721 2348 4792 perfectione.
2402 4742 2422 4769 ι)
2493 4719 2549 4774 Si
2592 4735 2750 4790 quem
2799 4727 2975 4773 autem
3018 4725 3198 4772 movet
3245 4719 3388 4773 hanc
3439 4717 3597 4772 trium

1999 4811 2212 4866 dierum
2241 4809 2552 4864 dilationem
2582 4809 2652 4863 ad
2680 4809 2784 4863 hoc
2813 4823 3135 4878 responsum
3167 4805 3360 4862 fecisse
3391 4807 3598 4878 episco-

1998 4917 2164 4971 pum;
2217 4897 2524 4953 meminerit
2576 4913 2675 4952 nos
2724 4896 3058 4966 praedixisse,
3109 4903 3347 4951 mentem
3396 4897 3510 4966 ejus
3560 4912 3593 4952 a

1999 4988 2174 5059 gratia
2203 4989 2300 5042 Dei
2331 4988 2398 5042 ad
2428 4986 2822 5057 praenoscenda
2853 4984 3026 5039 futura
3055 4984 3255 5054 saepius
3277 4984 3593 5054 illuminari,

1999 5078 2068 5132 de
2098 5093 2204 5148 quo
2235 5085 2415 5132 tamen
2445 5076 2526 5129 bis
2558 5075 2690 5146 ipsis
2735 5091 2856 5145 quas
2896 5073 3139 5142 subjecta
3167 5082 3293 5128 sunt
3324 5074 3510 5129 verbis
3537 5074 3592 5128 in

1999 5167 2120 5221 Vita
2150 5167 2267 5235 ejus
2299 5166 2369 5219 ita
2416 5166 2675 5235 scriptum
2727 5164 2976 5217 habetur.
3035 5184 3057 5212 «
3110 5162 3193 5216 Ad
3238 5163 3422 5218 omnia
3470 5178 3601 5234 ergo

1998 5271 2115 5326 quae
2144 5254 2278 5308 l'orte
2309 5254 2581 5324 praecipua
2610 5251 2838 5307 definire
2870 5250 3126 5318 debebat,
3176 5252 3408 5323 spatium
3441 5251 3598 5322 cogi-

1999 5343 2145 5399 tandi
2176 5344 2374 5397 habere
2415 5343 2601 5409 voluit,
2653 5358 2753 5396 nec
2802 5341 3097 5412 quidquam
3148 5349 3354 5396 temere
3407 5341 3596 5410 dispo-

1997 5433 2177 5497 nebat,
2198 5441 2490 5504 antequam
2521 5432 2700 5504 gratia
2729 5431 2828 5486 Dei
2849 5430 3180 5495 illustratus,
3204 5429 3320 5501 ipse
3341 5431 3395 5482 in
3417 5437 3597 5484 mente

2000 5545 2098 5586 sua
2124 5530 2349 5585 sentiret
2378 5529 2508 5602 quid
2537 5529 2731 5585 melius
2771 5537 2917 5586 esset
2948 5547 2962 5584 :
2997 5529 3183 5602 sicque
3233 5543 3464 5600 superna
3510 5527 3597 5584 vi-

371 5689 396 5717 ι
420 5685 703 5734 Turholtum
730 5686 777 5735 in
800 5685 1026 5736 Flandria
1051 5699 1200 5751 prope
1225 5688 1430 5751 Brugas,
1457 5683 1706 5739 Remberti
1742 5685 1919 5736 natalis
1941 5685 2105 5751 sedes,
2132 5687 2187 5737 ut
2212 5688 2402 5738 constat
2437 5698 2500 5739 ex
2538 5686 2632 5738 hoc
2675 5685 2800 5737 loco.
2847 5684 3099 5737 Falluntur
3135 5681 3338 5748 proinde
3380 5681 3461 5745 qui
3488 5693 3601 5734 eum

301 5763 366 5804 ex
388 5751 542 5803 Frisia
565 5756 735 5805 natum
758 5766 865 5805 esse
879 5753 1064 5806 dicunt.
