  <div class='ocr_page' id='page_1' title='image "/cluster/home/n/w/nwhite01/storage/ocr_20150623/126/umn.31951002477419r/563.png"; bbox 0 0 4086 6334; ppageno 0'>
   <div class='ocr_carea' id='block_1_1' title="bbox 509 250 617 304">
    <p class='ocr_par' dir='ltr' id='par_1_1' title="bbox 509 250 617 304">
     <span class='ocr_line' id='line_1_1' title="bbox 509 250 617 304; baseline 0 0"><span class='ocrx_word' id='word_1_1' title='bbox 509 250 617 304; x_wconf 67' lang='grc'>995</span> 
     </span>
    </p>
   </div>
   <div class='ocr_carea' id='block_1_2' title="bbox 1501 243 2588 306">
    <p class='ocr_par' dir='ltr' id='par_1_2' title="bbox 1501 243 2588 306">
     <span class='ocr_line' id='line_1_2' title="bbox 1501 243 2588 306; baseline 0.001 -2"><span class='ocrx_word' id='word_1_2' title='bbox 1501 247 1560 304; x_wconf 83' lang='grc'><strong>5.</strong></span> <span class='ocrx_word' id='word_1_3' title='bbox 1591 246 1947 306; x_wconf 80' lang='lat' dir='ltr'><strong>REMBERTI</strong></span> <span class='ocrx_word' id='word_1_4' title='bbox 1974 243 2336 305; x_wconf 75' lang='lat' dir='ltr'><strong>HAMBUBG.</strong></span> <span class='ocrx_word' id='word_1_5' title='bbox 2366 246 2588 305; x_wconf 85' lang='lat' dir='ltr'><strong>EPISC.</strong></span> 
     </span>
    </p>
   </div>
   <div class='ocr_carea' id='block_1_3' title="bbox 3706 256 3816 311">
    <p class='ocr_par' dir='ltr' id='par_1_3' title="bbox 3706 256 3816 311">
     <span class='ocr_line' id='line_1_3' title="bbox 3706 256 3816 311; baseline 0 -2"><span class='ocrx_word' id='word_1_6' title='bbox 3706 256 3816 311; x_wconf 84' lang='lat'><strong>996</strong></span> 
     </span>
    </p>
   </div>
   <div class='ocr_carea' id='block_1_4' title="bbox 518 367 3818 449">
    <p class='ocr_par' dir='ltr' id='par_1_4' title="bbox 518 367 3818 449">
     <span class='ocr_line' id='line_1_4' title="bbox 518 367 3818 449; baseline 0.002 -23"><span class='ocrx_word' id='word_1_7' title='bbox 518 370 766 427; x_wconf 89' lang='lat' dir='ltr'><strong>sitatione</strong></span> <span class='ocrx_word' id='word_1_8' title='bbox 793 367 1126 427; x_wconf 82' lang='lat' dir='ltr'><strong>certiﬁcatus</strong></span> <span class='ocrx_word' id='word_1_9' title='bbox 1152 369 1209 427; x_wconf 91' lang='lat' dir='ltr'><strong>in</strong></span> <span class='ocrx_word' id='word_1_10' title='bbox 1234 378 1436 438; x_wconf 82' lang='lat' dir='ltr'><strong>mente,</strong></span> <span class='ocrx_word' id='word_1_11' title='bbox 1466 371 1585 427; x_wconf 90' lang='lat' dir='ltr'><strong>sine</strong></span> <span class='ocrx_word' id='word_1_12' title='bbox 1621 371 1965 429; x_wconf 70' lang='lat' dir='ltr'><strong>cunctatione</strong></span> <span class='ocrx_word' id='word_1_13' title='bbox 1994 387 2117 444; x_wconf 81' lang='lat' dir='ltr'><strong>qua</strong></span> <span class='ocrx_word' id='word_1_14' title='bbox 2144 372 2196 435; x_wconf 83' lang='grc' dir='ltr'><strong>Α</strong></span> <span class='ocrx_word' id='word_1_15' title='bbox 2216 373 2497 443; x_wconf 75' lang='lat' dir='ltr'><strong>quaerebat</strong></span> <span class='ocrx_word' id='word_1_16' title='bbox 2525 371 2785 442; x_wconf 66' lang='lat' dir='ltr'><strong>caelestia,</strong></span> <span class='ocrx_word' id='word_1_17' title='bbox 2819 388 2940 445; x_wconf 86' lang='lat' dir='ltr'><strong>qua</strong></span> <span class='ocrx_word' id='word_1_18' title='bbox 2967 389 3067 445; x_wconf 89' lang='lat' dir='ltr'><strong>per</strong></span> <span class='ocrx_word' id='word_1_19' title='bbox 3092 373 3445 445; x_wconf 86' lang='lat' dir='ltr'><strong>hyacinthum</strong></span> <span class='ocrx_word' id='word_1_20' title='bbox 3490 374 3818 449; x_wconf 84' lang='lat' dir='ltr'><strong>signiﬁcan-</strong></span> 
     </span>
    </p>
   </div>
   <div class='ocr_carea' id='block_1_5' title="bbox 512 459 2106 534">
    <p class='ocr_par' dir='ltr' id='par_1_5' title="bbox 512 459 2106 534">
     <span class='ocr_line' id='line_1_5' title="bbox 512 459 2106 534; baseline 0 -18"><span class='ocrx_word' id='word_1_21' title='bbox 512 460 728 534; x_wconf 88' lang='lat' dir='ltr'><strong>agenda</strong></span> <span class='ocrx_word' id='word_1_22' title='bbox 757 468 931 526; x_wconf 88' lang='lat' dir='ltr'><strong>erant,</strong></span> <span class='ocrx_word' id='word_1_23' title='bbox 964 459 1306 531; x_wconf 80' lang='lat' dir='ltr'><strong>disponebat.</strong></span> <span class='ocrx_word' id='word_1_24' title='bbox 1345 481 1367 511; x_wconf 72' lang='grc' dir='ltr'><strong>ι</strong></span> <span class='ocrx_word' id='word_1_25' title='bbox 1401 461 1528 517; x_wconf 86' lang='lat' dir='ltr'><strong>Hac</strong></span> <span class='ocrx_word' id='word_1_26' title='bbox 1554 461 1624 517; x_wconf 92' lang='lat' dir='ltr'><strong>de</strong></span> <span class='ocrx_word' id='word_1_27' title='bbox 1656 461 1774 517; x_wconf 86' lang='lat' dir='ltr'><strong>Vita</strong></span> <span class='ocrx_word' id='word_1_28' title='bbox 1822 461 1938 530; x_wconf 87' lang='lat' dir='ltr'><strong>ejus</strong></span> <span class='ocrx_word' id='word_1_29' title='bbox 1984 461 2106 516; x_wconf 89' lang='lat' dir='ltr'><strong>ido-</strong></span> 
     </span>
    </p>
   </div>
   <div class='ocr_carea' id='block_1_6' title="bbox 513 548 2110 621">
    <p class='ocr_par' dir='ltr' id='par_1_6' title="bbox 513 548 2110 621">
     <span class='ocr_line' id='line_1_6' title="bbox 513 548 2110 621; baseline 0 -17"><span class='ocrx_word' id='word_1_30' title='bbox 513 565 650 605; x_wconf 88' lang='lat' dir='ltr'><strong>neus</strong></span> <span class='ocrx_word' id='word_1_31' title='bbox 678 548 977 605; x_wconf 86' lang='lat' dir='ltr'><strong>inseruisse</strong></span> <span class='ocrx_word' id='word_1_32' title='bbox 1008 548 1180 605; x_wconf 82' lang='lat' dir='ltr'><strong>lector</strong></span> <span class='ocrx_word' id='word_1_33' title='bbox 1206 548 1489 621; x_wconf 80' lang='lat' dir='ltr'><strong>intelligat,</strong></span> <span class='ocrx_word' id='word_1_34' title='bbox 1513 558 1571 605; x_wconf 92' lang='lat' dir='ltr'><strong>ut</strong></span> <span class='ocrx_word' id='word_1_35' title='bbox 1591 566 1654 605; x_wconf 86' lang='lat' dir='ltr'><strong>ex</strong></span> <span class='ocrx_word' id='word_1_36' title='bbox 1677 551 1782 606; x_wconf 89' lang='lat' dir='ltr'><strong>hoc</strong></span> <span class='ocrx_word' id='word_1_37' title='bbox 1801 550 2110 606; x_wconf 88' lang='lat' dir='ltr'><strong>testimonio</strong></span> 
     </span>
    </p>
   </div>
   <div class='ocr_carea' id='block_1_7' title="bbox 516 637 2109 709">
    <p class='ocr_par' dir='ltr' id='par_1_7' title="bbox 516 637 2109 709">
     <span class='ocr_line' id='line_1_7' title="bbox 516 637 2109 709; baseline 0 -16"><span class='ocrx_word' id='word_1_38' title='bbox 516 638 984 709; x_wconf 82' lang='lat' dir='ltr'><strong>comprobaretur,</strong></span> <span class='ocrx_word' id='word_1_39' title='bbox 1012 637 1146 693; x_wconf 90' lang='lat' dir='ltr'><strong>nihil</strong></span> <span class='ocrx_word' id='word_1_40' title='bbox 1175 653 1298 693; x_wconf 91' lang='lat' dir='ltr'><strong>eum</strong></span> <span class='ocrx_word' id='word_1_41' title='bbox 1327 638 1397 693; x_wconf 89' lang='lat' dir='ltr'><strong>ad</strong></span> <span class='ocrx_word' id='word_1_42' title='bbox 1426 638 1741 708; x_wconf 79' lang='lat' dir='ltr'><strong>petitionem</strong></span> <span class='ocrx_word' id='word_1_43' title='bbox 1767 638 1928 708; x_wconf 90' lang='lat' dir='ltr'><strong>hujus</strong></span> <span class='ocrx_word' id='word_1_44' title='bbox 1976 653 2109 693; x_wconf 90' lang='lat' dir='ltr'><strong>san-</strong></span> 
     </span>
    </p>
   </div>
   <div class='ocr_carea' id='block_1_8' title="bbox 515 725 2111 798">
    <p class='ocr_par' dir='ltr' id='par_1_8' title="bbox 515 725 2111 798">
     <span class='ocr_line' id='line_1_8' title="bbox 515 725 2111 798; baseline -0.001 -16"><span class='ocrx_word' id='word_1_45' title='bbox 515 725 740 782; x_wconf 91' lang='lat' dir='ltr'><strong>ctissimi</strong></span> <span class='ocrx_word' id='word_1_46' title='bbox 795 725 1046 798; x_wconf 89' lang='lat' dir='ltr'><strong>discipuli</strong></span> <span class='ocrx_word' id='word_1_47' title='bbox 1105 725 1188 781; x_wconf 92' lang='lat' dir='ltr'><strong>sui</strong></span> <span class='ocrx_word' id='word_1_48' title='bbox 1242 726 1520 782; x_wconf 82' lang='lat' dir='ltr'><strong>Remberti</strong></span> <span class='ocrx_word' id='word_1_49' title='bbox 1575 725 1926 797; x_wconf 83' lang='lat' dir='ltr'><strong>respondisse</strong></span> <span class='ocrx_word' id='word_1_50' title='bbox 1944 770 1958 792; x_wconf 91' lang='lat'><strong>,</strong></span> <span class='ocrx_word' id='word_1_51' title='bbox 2005 725 2111 781; x_wconf 88' lang='lat' dir='ltr'><strong>nisi</strong></span> 
     </span>
    </p>
   </div>
   <div class='ocr_carea' id='block_1_9' title="bbox 518 814 2111 887">
    <p class='ocr_par' dir='ltr' id='par_1_9' title="bbox 518 814 2111 887">
     <span class='ocr_line' id='line_1_9' title="bbox 518 814 2111 887; baseline 0 -18"><span class='ocrx_word' id='word_1_52' title='bbox 518 814 665 887; x_wconf 89' lang='lat' dir='ltr'><strong>quod</strong></span> <span class='ocrx_word' id='word_1_53' title='bbox 692 814 748 869; x_wconf 90' lang='lat' dir='ltr'><strong>in</strong></span> <span class='ocrx_word' id='word_1_54' title='bbox 778 815 882 870; x_wconf 92' lang='lat' dir='ltr'><strong>hoc</strong></span> <span class='ocrx_word' id='word_1_55' title='bbox 908 814 1074 869; x_wconf 86' lang='lat' dir='ltr'><strong>tridui</strong></span> <span class='ocrx_word' id='word_1_56' title='bbox 1104 815 1280 886; x_wconf 91' lang='lat' dir='ltr'><strong>spatio</strong></span> <span class='ocrx_word' id='word_1_57' title='bbox 1307 815 1475 870; x_wconf 90' lang='lat' dir='ltr'><strong>menti</strong></span> <span class='ocrx_word' id='word_1_58' title='bbox 1501 815 1618 884; x_wconf 89' lang='lat' dir='ltr'><strong>ejus</strong></span> <span class='ocrx_word' id='word_1_59' title='bbox 1639 815 1872 886; x_wconf 91' lang='lat' dir='ltr'><strong>Spiritus</strong></span> <span class='ocrx_word' id='word_1_60' title='bbox 1893 823 2111 871; x_wconf 88' lang='lat' dir='ltr'><strong>sanctus</strong></span> 
     </span>
    </p>
   </div>
   <div class='ocr_carea' id='block_1_10' title="bbox 514 901 2111 975">
    <p class='ocr_par' dir='ltr' id='par_1_10' title="bbox 514 901 2111 975">
     <span class='ocr_line' id='line_1_10' title="bbox 514 901 2111 975; baseline 0.001 -19"><span class='ocrx_word' id='word_1_61' title='bbox 514 901 730 969; x_wconf 89' lang='lat' dir='ltr'><strong>infudit,</strong></span> <span class='ocrx_word' id='word_1_62' title='bbox 755 903 909 972; x_wconf 83' lang='lat' dir='ltr'><strong>juxta</strong></span> <span class='ocrx_word' id='word_1_63' title='bbox 938 904 1279 969; x_wconf 88' lang='lat' dir='ltr'><strong>sententiam,</strong></span> <span class='ocrx_word' id='word_1_64' title='bbox 1332 919 1496 974; x_wconf 89' lang='lat' dir='ltr'><strong>quam</strong></span> <span class='ocrx_word' id='word_1_65' title='bbox 1541 904 1706 959; x_wconf 90' lang='lat' dir='ltr'><strong>etiam</strong></span> <span class='ocrx_word' id='word_1_66' title='bbox 1750 903 1999 975; x_wconf 86' lang='lat' dir='ltr'><strong>superius</strong></span> <span class='ocrx_word' id='word_1_67' title='bbox 2041 903 2111 958; x_wconf 92' lang='lat' dir='ltr'><strong>de</strong></span> 
     </span>
    </p>
   </div>
   <div class='ocr_carea' id='block_1_11' title="bbox 513 991 1510 1064">
    <p class='ocr_par' dir='ltr' id='par_1_11' title="bbox 513 991 1510 1064">
     <span class='ocr_line' id='line_1_11' title="bbox 513 991 1510 1064; baseline 0.003 -19"><span class='ocrx_word' id='word_1_68' title='bbox 513 991 741 1047; x_wconf 78' lang='lat' dir='ltr'><strong>Actibus</strong></span> <span class='ocrx_word' id='word_1_69' title='bbox 768 991 1139 1063; x_wconf 86' lang='lat' dir='ltr'><strong>apostolorum</strong></span> <span class='ocrx_word' id='word_1_70' title='bbox 1166 991 1510 1064; x_wconf 87' lang='lat' dir='ltr'><strong>protulimus.</strong></span> 
     </span>
    </p>
   </div>
   <div class='ocr_carea' id='block_1_12' title="bbox 1115 1155 1505 1213">
    <p class='ocr_par' dir='ltr' id='par_1_12' title="bbox 1115 1155 1505 1213">
     <span class='ocr_line' id='line_1_12' title="bbox 1115 1155 1505 1213; baseline -0.003 -1"><span class='ocrx_word' id='word_1_71' title='bbox 1115 1155 1340 1213; x_wconf 83' lang='lat' dir='ltr'><strong>CAPUT</strong></span> <span class='ocrx_word' id='word_1_72' title='bbox 1387 1157 1505 1212; x_wconf 83' lang='lat' dir='ltr'><strong>VII.</strong></span> 
     </span>
    </p>
   </div>
   <div class='ocr_carea' id='block_1_13' title="bbox 584 1295 2110 1369">
    <p class='ocr_par' dir='ltr' id='par_1_13' title="bbox 584 1295 2110 1369">
     <span class='ocr_line' id='line_1_13' title="bbox 584 1295 2110 1369; baseline -0.002 -15"><span class='ocrx_word' id='word_1_73' title='bbox 584 1296 808 1354; x_wconf 75' lang='lat' dir='ltr'><strong>Accedit</strong></span> <span class='ocrx_word' id='word_1_74' title='bbox 837 1296 997 1352; x_wconf 89' lang='lat' dir='ltr'><strong>etiam</strong></span> <span class='ocrx_word' id='word_1_75' title='bbox 1034 1296 1103 1353; x_wconf 90' lang='lat' dir='ltr'><strong>ad</strong></span> <span class='ocrx_word' id='word_1_76' title='bbox 1147 1297 1477 1369; x_wconf 85' lang='lat' dir='ltr'><strong>prasagium</strong></span> <span class='ocrx_word' id='word_1_77' title='bbox 1521 1296 1778 1353; x_wconf 88' lang='lat' dir='ltr'><strong>virtutum</strong></span> <span class='ocrx_word' id='word_1_78' title='bbox 1819 1296 1964 1352; x_wconf 81' lang='lat' dir='ltr'><strong>beati</strong></span> <span class='ocrx_word' id='word_1_79' title='bbox 2012 1295 2110 1352; x_wconf 90' lang='lat' dir='ltr'><strong>viri</strong></span> 
     </span>
    </p>
   </div>
   <div class='ocr_carea' id='block_1_14' title="bbox 517 1385 2110 1457">
    <p class='ocr_par' dir='ltr' id='par_1_14' title="bbox 517 1385 2110 1457">
     <span class='ocr_line' id='line_1_14' title="bbox 517 1385 2110 1457; baseline -0.001 -17"><span class='ocrx_word' id='word_1_80' title='bbox 517 1386 656 1441; x_wconf 85' lang='lat' dir='ltr'><strong>visio</strong></span> <span class='ocrx_word' id='word_1_81' title='bbox 687 1385 935 1457; x_wconf 91' lang='lat' dir='ltr'><strong>quadam</strong></span> <span class='ocrx_word' id='word_1_82' title='bbox 964 1386 1032 1441; x_wconf 93' lang='lat' dir='ltr'><strong>de</strong></span> <span class='ocrx_word' id='word_1_83' title='bbox 1062 1385 1183 1457; x_wconf 91' lang='lat' dir='ltr'><strong>ipso</strong></span> <span class='ocrx_word' id='word_1_84' title='bbox 1211 1386 1453 1442; x_wconf 90' lang='lat' dir='ltr'><strong>revelato</strong></span> <span class='ocrx_word' id='word_1_85' title='bbox 1480 1386 1821 1457; x_wconf 87' lang='lat' dir='ltr'><strong>procuratori</strong></span> <span class='ocrx_word' id='word_1_86' title='bbox 1857 1385 2110 1440; x_wconf 86' lang='lat' dir='ltr'><strong>antistitis</strong></span> 
     </span>
    </p>
   </div>
   <div class='ocr_carea' id='block_1_15' title="bbox 516 1473 2106 1548">
    <p class='ocr_par' dir='ltr' id='par_1_15' title="bbox 516 1473 2106 1548">
     <span class='ocr_line' id='line_1_15' title="bbox 516 1473 2106 1548; baseline -0.001 -19"><span class='ocrx_word' id='word_1_87' title='bbox 516 1475 694 1545; x_wconf 88' lang='lat' dir='ltr'><strong>prima</strong></span> <span class='ocrx_word' id='word_1_88' title='bbox 740 1489 866 1529; x_wconf 87' lang='lat' dir='ltr'><strong>mox</strong></span> <span class='ocrx_word' id='word_1_89' title='bbox 922 1483 1083 1531; x_wconf 91' lang='lat' dir='ltr'><strong>nocte</strong></span> <span class='ocrx_word' id='word_1_90' title='bbox 1129 1473 1394 1529; x_wconf 86' lang='lat' dir='ltr'><strong>adventus</strong></span> <span class='ocrx_word' id='word_1_91' title='bbox 1441 1474 1557 1543; x_wconf 90' lang='lat' dir='ltr'><strong>ejus</strong></span> <span class='ocrx_word' id='word_1_92' title='bbox 1604 1474 2069 1548; x_wconf 88' lang='lat' dir='ltr'><strong>Hammaburgum</strong></span> <span class='ocrx_word' id='word_1_93' title='bbox 2093 1517 2106 1539; x_wconf 91' lang='lat'><strong>,</strong></span> 
     </span>
    </p>
   </div>
   <div class='ocr_carea' id='block_1_16' title="bbox 515 1562 2105 1634">
    <p class='ocr_par' dir='ltr' id='par_1_16' title="bbox 515 1562 2105 1634">
     <span class='ocr_line' id='line_1_16' title="bbox 515 1562 2105 1634; baseline -0.001 -16"><span class='ocrx_word' id='word_1_94' title='bbox 515 1578 638 1618; x_wconf 89' lang='lat' dir='ltr'><strong>cum</strong></span> <span class='ocrx_word' id='word_1_95' title='bbox 669 1562 788 1634; x_wconf 91' lang='lat' dir='ltr'><strong>ipse</strong></span> <span class='ocrx_word' id='word_1_96' title='bbox 817 1563 997 1619; x_wconf 91' lang='lat' dir='ltr'><strong>adhuc</strong></span> <span class='ocrx_word' id='word_1_97' title='bbox 1024 1563 1079 1617; x_wconf 90' lang='lat' dir='ltr'><strong>in</strong></span> <span class='ocrx_word' id='word_1_98' title='bbox 1108 1562 1287 1634; x_wconf 86' lang='lat' dir='ltr'><strong>prima</strong></span> <span class='ocrx_word' id='word_1_99' title='bbox 1312 1570 1470 1619; x_wconf 90' lang='lat' dir='ltr'><strong>atate</strong></span> <span class='ocrx_word' id='word_1_100' title='bbox 1498 1562 1877 1619; x_wconf 91' lang='lat' dir='ltr'><strong>adolescentia</strong></span> <span class='ocrx_word' id='word_1_101' title='bbox 1898 1562 2105 1618; x_wconf 87' lang='lat' dir='ltr'><strong>fuisset.</strong></span> 
     </span>
    </p>
   </div>
   <div class='ocr_carea' id='block_1_17' title="bbox 518 1650 2107 1722">
    <p class='ocr_par' dir='ltr' id='par_1_17' title="bbox 518 1650 2107 1722">
     <span class='ocr_line' id='line_1_17' title="bbox 518 1650 2107 1722; baseline 0.001 -17"><span class='ocrx_word' id='word_1_102' title='bbox 518 1651 818 1706; x_wconf 84' lang='lat' dir='ltr'><strong>Videbatur</strong></span> <span class='ocrx_word' id='word_1_103' title='bbox 859 1651 1005 1706; x_wconf 90' lang='lat' dir='ltr'><strong>enim</strong></span> <span class='ocrx_word' id='word_1_104' title='bbox 1048 1650 1226 1707; x_wconf 91' lang='lat' dir='ltr'><strong>eidem</strong></span> <span class='ocrx_word' id='word_1_105' title='bbox 1273 1651 1617 1722; x_wconf 87' lang='lat' dir='ltr'><strong>procuratori</strong></span> <span class='ocrx_word' id='word_1_106' title='bbox 1660 1650 1984 1722; x_wconf 84' lang='lat' dir='ltr'><strong>conpexisse</strong></span> <span class='ocrx_word' id='word_1_107' title='bbox 2026 1666 2107 1720; x_wconf 90' lang='lat' dir='ltr'><strong>se,</strong></span> 
     </span>
    </p>
   </div>
   <div class='ocr_carea' id='block_1_18' title="bbox 512 1738 2109 1813">
    <p class='ocr_par' dir='ltr' id='par_1_18' title="bbox 512 1738 2109 1813">
     <span class='ocr_line' id='line_1_18' title="bbox 512 1738 2109 1813; baseline -0.001 -18"><span class='ocrx_word' id='word_1_108' title='bbox 512 1739 693 1810; x_wconf 91' lang='lat' dir='ltr'><strong>ipsum</strong></span> <span class='ocrx_word' id='word_1_109' title='bbox 722 1739 1074 1796; x_wconf 82' lang='lat' dir='ltr'><strong>Rembertum</strong></span> <span class='ocrx_word' id='word_1_110' title='bbox 1111 1739 1327 1795; x_wconf 85' lang='lat' dir='ltr'><strong>‘sedisse</strong></span> <span class='ocrx_word' id='word_1_111' title='bbox 1374 1739 1429 1794; x_wconf 89' lang='lat' dir='ltr'><strong>in</strong></span> <span class='ocrx_word' id='word_1_112' title='bbox 1481 1738 1699 1813; x_wconf 87' lang='lat' dir='ltr'><strong>fastigio</strong></span> <span class='ocrx_word' id='word_1_113' title='bbox 1740 1740 1978 1805; x_wconf 89' lang='lat' dir='ltr'><strong>oratorii,</strong></span> <span class='ocrx_word' id='word_1_114' title='bbox 2030 1739 2109 1794; x_wconf 88' lang='lat' dir='ltr'><strong>si-</strong></span> 
     </span>
    </p>
   </div>
   <div class='ocr_carea' id='block_1_19' title="bbox 513 1827 2109 1901">
    <p class='ocr_par' dir='ltr' id='par_1_19' title="bbox 513 1827 2109 1901">
     <span class='ocr_line' id='line_1_19' title="bbox 513 1827 2109 1901; baseline 0 -17"><span class='ocrx_word' id='word_1_115' title='bbox 513 1845 793 1901; x_wconf 83' lang='lat' dir='ltr'><strong>gnumque</strong></span> <span class='ocrx_word' id='word_1_116' title='bbox 823 1827 1069 1885; x_wconf 89' lang='lat' dir='ltr'><strong>ecclesia</strong></span> <span class='ocrx_word' id='word_1_117' title='bbox 1096 1844 1283 1894; x_wconf 91' lang='lat' dir='ltr'><strong>unum,</strong></span> <span class='ocrx_word' id='word_1_118' title='bbox 1317 1829 1464 1901; x_wconf 86' lang='lat' dir='ltr'><strong>quod</strong></span> <span class='ocrx_word' id='word_1_119' title='bbox 1504 1844 1606 1884; x_wconf 90' lang='lat' dir='ltr'><strong>nos</strong></span> <span class='ocrx_word' id='word_1_120' title='bbox 1654 1828 1895 1885; x_wconf 90' lang='lat' dir='ltr'><strong>cloccam</strong></span> <span class='ocrx_word' id='word_1_121' title='bbox 1942 1843 2109 1884; x_wconf 85' lang='lat' dir='ltr'><strong>voca-</strong></span> 
     </span>
    </p>
   </div>
   <div class='ocr_carea' id='block_1_20' title="bbox 514 1916 2107 1990">
    <p class='ocr_par' dir='ltr' id='par_1_20' title="bbox 514 1916 2107 1990">
     <span class='ocr_line' id='line_1_20' title="bbox 514 1916 2107 1990; baseline 0 -19"><span class='ocrx_word' id='word_1_122' title='bbox 514 1933 656 1987; x_wconf 89' lang='lat' dir='ltr'><strong>mus,</strong></span> <span class='ocrx_word' id='word_1_123' title='bbox 694 1916 771 1971; x_wconf 56' lang='lat' dir='ltr'><strong>‘in</strong></span> <span class='ocrx_word' id='word_1_124' title='bbox 817 1916 957 1973; x_wconf 86' lang='lat' dir='ltr'><strong>coelo</strong></span> <span class='ocrx_word' id='word_1_125' title='bbox 1004 1916 1341 1988; x_wconf 88' lang='lat' dir='ltr'><strong>apparuisse,</strong></span> <span class='ocrx_word' id='word_1_126' title='bbox 1387 1933 1418 1971; x_wconf 89' lang='lat' dir='ltr'><strong>a</strong></span> <span class='ocrx_word' id='word_1_127' title='bbox 1466 1932 1574 1988; x_wconf 92' lang='lat' dir='ltr'><strong>quo</strong></span> <span class='ocrx_word' id='word_1_128' title='bbox 1616 1916 1855 1990; x_wconf 89' lang='lat' dir='ltr'><strong>ligamen</strong></span> <span class='ocrx_word' id='word_1_129' title='bbox 1886 1916 2107 1985; x_wconf 89' lang='lat' dir='ltr'><strong>lineum,</strong></span> 
     </span>
    </p>
   </div>
   <div class='ocr_carea' id='block_1_21' title="bbox 512 2004 2112 2077">
    <p class='ocr_par' dir='ltr' id='par_1_21' title="bbox 512 2004 2112 2077">
     <span class='ocr_line' id='line_1_21' title="bbox 512 2004 2112 2077; baseline 0.001 -17"><span class='ocrx_word' id='word_1_130' title='bbox 512 2013 570 2060; x_wconf 88' lang='lat' dir='ltr'><strong>ut</strong></span> <span class='ocrx_word' id='word_1_131' title='bbox 626 2004 867 2073; x_wconf 90' lang='lat' dir='ltr'><strong>assolet,</strong></span> <span class='ocrx_word' id='word_1_132' title='bbox 918 2005 974 2060; x_wconf 92' lang='lat' dir='ltr'><strong>in</strong></span> <span class='ocrx_word' id='word_1_133' title='bbox 1016 2005 1240 2061; x_wconf 90' lang='lat' dir='ltr'><strong>modum</strong></span> <span class='ocrx_word' id='word_1_134' title='bbox 1289 2004 1432 2061; x_wconf 88' lang='lat' dir='ltr'><strong>funis</strong></span> <span class='ocrx_word' id='word_1_135' title='bbox 1475 2006 1775 2060; x_wconf 89' lang='lat' dir='ltr'><strong>demissum</strong></span> <span class='ocrx_word' id='word_1_136' title='bbox 1821 2021 1995 2077; x_wconf 92' lang='lat' dir='ltr'><strong>usque</strong></span> <span class='ocrx_word' id='word_1_137' title='bbox 2042 2005 2112 2061; x_wconf 90' lang='lat' dir='ltr'><strong>ad</strong></span> 
     </span>
    </p>
   </div>
   <div class='ocr_carea' id='block_1_22' title="bbox 514 2093 2113 2165">
    <p class='ocr_par' dir='ltr' id='par_1_22' title="bbox 514 2093 2113 2165">
     <span class='ocr_line' id='line_1_22' title="bbox 514 2093 2113 2165; baseline -0.001 -17"><span class='ocrx_word' id='word_1_138' title='bbox 514 2093 696 2164; x_wconf 90' lang='lat' dir='ltr'><strong>ipsum</strong></span> <span class='ocrx_word' id='word_1_139' title='bbox 723 2093 1058 2164; x_wconf 90' lang='lat' dir='ltr'><strong>dependeret</strong></span> <span class='ocrx_word' id='word_1_140' title='bbox 1089 2093 1446 2160; x_wconf 83' lang='lat' dir='ltr'><strong>Rimbertum,</strong></span> <span class='ocrx_word' id='word_1_141' title='bbox 1478 2109 1581 2165; x_wconf 89' lang='lat' dir='ltr'><strong>per</strong></span> <span class='ocrx_word' id='word_1_142' title='bbox 1617 2094 1762 2165; x_wconf 91' lang='lat' dir='ltr'><strong>quod</strong></span> <span class='ocrx_word' id='word_1_143' title='bbox 1803 2094 1921 2165; x_wconf 91' lang='lat' dir='ltr'><strong>ipse</strong></span> <span class='ocrx_word' id='word_1_144' title='bbox 1968 2093 2113 2149; x_wconf 90' lang='lat' dir='ltr'><strong>idem</strong></span> 
     </span>
    </p>
   </div>
   <div class='ocr_carea' id='block_1_23' title="bbox 516 2181 2114 2254">
    <p class='ocr_par' dir='ltr' id='par_1_23' title="bbox 516 2181 2114 2254">
     <span class='ocr_line' id='line_1_23' title="bbox 516 2181 2114 2254; baseline 0 -18"><span class='ocrx_word' id='word_1_145' title='bbox 516 2181 734 2254; x_wconf 85' lang='lat' dir='ltr'><strong>signum</strong></span> <span class='ocrx_word' id='word_1_146' title='bbox 791 2181 1032 2237; x_wconf 87' lang='lat' dir='ltr'><strong>hilariter</strong></span> <span class='ocrx_word' id='word_1_147' title='bbox 1086 2181 1348 2249; x_wconf 86' lang='lat' dir='ltr'><strong>traxisse,</strong></span> <span class='ocrx_word' id='word_1_148' title='bbox 1410 2189 1463 2236; x_wconf 90' lang='lat' dir='ltr'><strong>et</strong></span> <span class='ocrx_word' id='word_1_149' title='bbox 1519 2197 1655 2238; x_wconf 92' lang='lat' dir='ltr'><strong>sono</strong></span> <span class='ocrx_word' id='word_1_150' title='bbox 1712 2182 1828 2251; x_wconf 90' lang='lat' dir='ltr'><strong>ejus</strong></span> <span class='ocrx_word' id='word_1_151' title='bbox 1882 2181 2114 2237; x_wconf 91' lang='lat' dir='ltr'><strong>dulciter</strong></span> 
     </span>
    </p>
   </div>
   <div class='ocr_carea' id='block_1_24' title="bbox 515 2269 2109 2343">
    <p class='ocr_par' dir='ltr' id='par_1_24' title="bbox 515 2269 2109 2343">
     <span class='ocr_line' id='line_1_24' title="bbox 515 2269 2109 2343; baseline 0 -19"><span class='ocrx_word' id='word_1_152' title='bbox 515 2269 816 2326; x_wconf 88' lang='lat' dir='ltr'><strong>delectatus</strong></span> <span class='ocrx_word' id='word_1_153' title='bbox 871 2285 994 2325; x_wconf 91' lang='lat' dir='ltr'><strong>esse</strong></span> <span class='ocrx_word' id='word_1_154' title='bbox 1049 2269 1354 2326; x_wconf 82' lang='lat' dir='ltr'><strong>videbatur.</strong></span> <span class='ocrx_word' id='word_1_155' title='bbox 1409 2269 1509 2325; x_wconf 87' lang='lat' dir='ltr'><strong>Cui</strong></span> <span class='ocrx_word' id='word_1_156' title='bbox 1554 2270 1765 2326; x_wconf 89' lang='lat' dir='ltr'><strong>somnio</strong></span> <span class='ocrx_word' id='word_1_157' title='bbox 1815 2286 2109 2343; x_wconf 77' lang='lat' dir='ltr'><strong>congruam</strong></span> 
     </span>
    </p>
   </div>
   <div class='ocr_carea' id='block_1_25' title="bbox 515 2358 2112 2430">
    <p class='ocr_par' dir='ltr' id='par_1_25' title="bbox 515 2358 2112 2430">
     <span class='ocr_line' id='line_1_25' title="bbox 515 2358 2112 2430; baseline -0.001 -16"><span class='ocrx_word' id='word_1_158' title='bbox 515 2375 579 2415; x_wconf 82' lang='lat' dir='ltr'><strong>ex</strong></span> <span class='ocrx_word' id='word_1_159' title='bbox 643 2358 839 2414; x_wconf 89' lang='lat' dir='ltr'><strong>divinis</strong></span> <span class='ocrx_word' id='word_1_160' title='bbox 893 2358 1188 2430; x_wconf 91' lang='lat' dir='ltr'><strong>Scripturis</strong></span> <span class='ocrx_word' id='word_1_161' title='bbox 1240 2358 1741 2430; x_wconf 87' lang='lat' dir='ltr'><strong>interpretationem</strong></span> <span class='ocrx_word' id='word_1_162' title='bbox 1807 2359 2112 2430; x_wconf 87' lang='lat' dir='ltr'><strong>reperimus</strong></span> 
     </span>
    </p>
   </div>
   <div class='ocr_carea' id='block_1_26' title="bbox 513 2447 2111 2518">
    <p class='ocr_par' dir='ltr' id='par_1_26' title="bbox 513 2447 2111 2518">
     <span class='ocr_line' id='line_1_26' title="bbox 513 2447 2111 2518; baseline -0.001 -16"><span class='ocrx_word' id='word_1_163' title='bbox 513 2447 715 2518; x_wconf 76' lang='lat' dir='ltr'><strong>(Exod.</strong></span> <span class='ocrx_word' id='word_1_164' title='bbox 750 2461 955 2502; x_wconf 79' lang='lat' dir='ltr'><strong>xxvm.</strong></span> <span class='ocrx_word' id='word_1_165' title='bbox 1022 2447 1338 2518; x_wconf 83' lang='lat' dir='ltr'><strong>Pracipitur</strong></span> <span class='ocrx_word' id='word_1_166' title='bbox 1366 2447 1503 2502; x_wconf 79' lang='lat' dir='ltr'><strong>Mosi</strong></span> <span class='ocrx_word' id='word_1_167' title='bbox 1543 2463 1577 2502; x_wconf 93' lang='lat' dir='ltr'><strong>a</strong></span> <span class='ocrx_word' id='word_1_168' title='bbox 1623 2447 1875 2515; x_wconf 91' lang='lat' dir='ltr'><strong>Domino,</strong></span> <span class='ocrx_word' id='word_1_169' title='bbox 1920 2455 1979 2501; x_wconf 92' lang='lat' dir='ltr'><strong>ut</strong></span> <span class='ocrx_word' id='word_1_170' title='bbox 2021 2447 2111 2502; x_wconf 92' lang='lat' dir='ltr'><strong>in-</strong></span> 
     </span>
    </p>
   </div>
   <div class='ocr_carea' id='block_1_27' title="bbox 511 2534 2111 2608">
    <p class='ocr_par' dir='ltr' id='par_1_27' title="bbox 511 2534 2111 2608">
     <span class='ocr_line' id='line_1_27' title="bbox 511 2534 2111 2608; baseline 0.001 -19"><span class='ocrx_word' id='word_1_171' title='bbox 511 2542 593 2591; x_wconf 90' lang='lat' dir='ltr'><strong>ter</strong></span> <span class='ocrx_word' id='word_1_172' title='bbox 619 2534 728 2591; x_wconf 92' lang='lat' dir='ltr'><strong>alia</strong></span> <span class='ocrx_word' id='word_1_173' title='bbox 755 2535 922 2591; x_wconf 89' lang='lat' dir='ltr'><strong>vestis</strong></span> <span class='ocrx_word' id='word_1_174' title='bbox 962 2535 1318 2591; x_wconf 87' lang='lat' dir='ltr'><strong>sacerdotalis</strong></span> <span class='ocrx_word' id='word_1_175' title='bbox 1362 2535 1593 2608; x_wconf 85' lang='lat' dir='ltr'><strong>mystica</strong></span> <span class='ocrx_word' id='word_1_176' title='bbox 1639 2536 1950 2592; x_wconf 90' lang='lat' dir='ltr'><strong>indumenta</strong></span> <span class='ocrx_word' id='word_1_177' title='bbox 1993 2536 2111 2591; x_wconf 88' lang='lat' dir='ltr'><strong>hac</strong></span> 
     </span>
    </p>
   </div>
   <div class='ocr_carea' id='block_1_28' title="bbox 433 2622 2109 2697">
    <p class='ocr_par' dir='ltr' id='par_1_28' title="bbox 433 2622 2109 2697">
     <span class='ocr_line' id='line_1_28' title="bbox 433 2622 2109 2697; baseline -0.001 -17"><span class='ocrx_word' id='word_1_178' title='bbox 433 2652 439 2659; x_wconf 84' lang='lat'><strong><em>-</em></strong></span> <span class='ocrx_word' id='word_1_179' title='bbox 510 2624 674 2680; x_wconf 91' lang='lat' dir='ltr'><strong>etiam</strong></span> <span class='ocrx_word' id='word_1_180' title='bbox 701 2622 831 2679; x_wconf 89' lang='lat' dir='ltr'><strong>fiant</strong></span> <span class='ocrx_word' id='word_1_181' title='bbox 855 2641 868 2678; x_wconf 91' lang='lat'><strong>:</strong></span> <span class='ocrx_word' id='word_1_182' title='bbox 892 2625 1180 2691; x_wconf 86' lang='lat' dir='ltr'><strong>Deorsum,</strong></span> <span class='ocrx_word' id='word_1_183' title='bbox 1214 2624 1406 2695; x_wconf 87' lang='lat' dir='ltr'><strong>inquit,</strong></span> <span class='ocrx_word' id='word_1_184' title='bbox 1440 2625 1512 2680; x_wconf 85' lang='lat' dir='ltr'><strong>ad</strong></span> <span class='ocrx_word' id='word_1_185' title='bbox 1548 2624 1713 2697; x_wconf 83' lang='lat' dir='ltr'><strong>pedes</strong></span> <span class='ocrx_word' id='word_1_186' title='bbox 1733 2624 1983 2697; x_wconf 76' lang='lat' dir='ltr'><strong>ejusdem</strong></span> <span class='ocrx_word' id='word_1_187' title='bbox 2013 2628 2109 2680; x_wconf 85' lang='lat' dir='ltr'><strong>tu-</strong></span> 
     </span>
    </p>
   </div>
   <div class='ocr_carea' id='block_1_29' title="bbox 511 2713 2109 2786">
    <p class='ocr_par' dir='ltr' id='par_1_29' title="bbox 511 2713 2109 2786">
     <span class='ocr_line' id='line_1_29' title="bbox 511 2713 2109 2786; baseline 0 -19"><span class='ocrx_word' id='word_1_188' title='bbox 511 2714 659 2769; x_wconf 71' lang='lat' dir='ltr'><strong>nica</strong></span> <span class='ocrx_word' id='word_1_189' title='bbox 685 2728 786 2784; x_wconf 89' lang='lat' dir='ltr'><strong>per</strong></span> <span class='ocrx_word' id='word_1_190' title='bbox 823 2714 1131 2769; x_wconf 81' lang='lat' dir='ltr'><strong>circuitum</strong></span> <span class='ocrx_word' id='word_1_191' title='bbox 1161 2714 1325 2786; x_wconf 82' lang='lat' dir='ltr'><strong>quasi</strong></span> <span class='ocrx_word' id='word_1_192' title='bbox 1357 2713 1510 2768; x_wconf 86' lang='lat' dir='ltr'><strong>mala</strong></span> <span class='ocrx_word' id='word_1_193' title='bbox 1549 2713 1767 2769; x_wconf 86' lang='lat' dir='ltr'><strong>Punica</strong></span> <span class='ocrx_word' id='word_1_194' title='bbox 1812 2715 1989 2784; x_wconf 82' lang='lat' dir='ltr'><strong>facies</strong></span> <span class='ocrx_word' id='word_1_195' title='bbox 2035 2729 2109 2768; x_wconf 74' lang='lat' dir='ltr'><strong>ea:</strong></span> 
     </span>
    </p>
   </div>
   <div class='ocr_carea' id='block_1_30' title="bbox 515 2800 2112 2873">
    <p class='ocr_par' dir='ltr' id='par_1_30' title="bbox 515 2800 2112 2873">
     <span class='ocr_line' id='line_1_30' title="bbox 515 2800 2112 2873; baseline 0.001 -18"><span class='ocrx_word' id='word_1_196' title='bbox 515 2800 819 2873; x_wconf 76' lang='lat' dir='ltr'><strong>hyacintho</strong></span> <span class='ocrx_word' id='word_1_197' title='bbox 845 2805 903 2856; x_wconf 83' lang='lat' dir='ltr'><strong>et</strong></span> <span class='ocrx_word' id='word_1_198' title='bbox 926 2818 1185 2873; x_wconf 84' lang='lat' dir='ltr'><strong>purpura</strong></span> <span class='ocrx_word' id='word_1_199' title='bbox 1204 2805 1262 2856; x_wconf 87' lang='lat' dir='ltr'><strong>et</strong></span> <span class='ocrx_word' id='word_1_200' title='bbox 1280 2818 1438 2858; x_wconf 85' lang='lat' dir='ltr'><strong>cocco</strong></span> <span class='ocrx_word' id='word_1_201' title='bbox 1456 2802 1536 2857; x_wconf 92' lang='lat' dir='ltr'><strong>bis</strong></span> <span class='ocrx_word' id='word_1_202' title='bbox 1555 2803 1753 2869; x_wconf 85' lang='lat' dir='ltr'><strong>tincto,</strong></span> <span class='ocrx_word' id='word_1_203' title='bbox 1779 2805 1854 2868; x_wconf 85' lang='lat' dir='ltr'><strong>et,</strong></span> <span class='ocrx_word' id='word_1_204' title='bbox 1881 2809 1937 2856; x_wconf 89' lang='lat' dir='ltr'><strong>ut</strong></span> <span class='ocrx_word' id='word_1_205' title='bbox 1955 2800 2011 2856; x_wconf 92' lang='lat' dir='ltr'><strong>in</strong></span> <span class='ocrx_word' id='word_1_206' title='bbox 2030 2817 2112 2857; x_wconf 84' lang='lat' dir='ltr'><strong>se-</strong></span> 
     </span>
    </p>
   </div>
   <div class='ocr_carea' id='block_1_31' title="bbox 514 2887 2109 2961">
    <p class='ocr_par' dir='ltr' id='par_1_31' title="bbox 514 2887 2109 2961">
     <span class='ocr_line' id='line_1_31' title="bbox 514 2887 2109 2961; baseline 0.001 -17"><span class='ocrx_word' id='word_1_207' title='bbox 514 2887 805 2960; x_wconf 89' lang='lat' dir='ltr'><strong>quentibus</strong></span> <span class='ocrx_word' id='word_1_208' title='bbox 821 2888 1109 2955; x_wconf 90' lang='lat' dir='ltr'><strong>invenitur,</strong></span> <span class='ocrx_word' id='word_1_209' title='bbox 1138 2905 1212 2944; x_wconf 78' lang='lat' dir='ltr'><strong>ea:</strong></span> <span class='ocrx_word' id='word_1_210' title='bbox 1243 2890 1397 2961; x_wconf 85' lang='lat' dir='ltr'><strong>bysso</strong></span> <span class='ocrx_word' id='word_1_211' title='bbox 1429 2894 1668 2955; x_wconf 89' lang='lat' dir='ltr'><strong>retorta,</strong></span> <span class='ocrx_word' id='word_1_212' title='bbox 1692 2891 1894 2945; x_wconf 72' lang='lat' dir='ltr'><strong>mixtis</strong></span> <span class='ocrx_word' id='word_1_213' title='bbox 1911 2892 1973 2946; x_wconf 87' lang='lat' dir='ltr'><strong>in</strong></span> <span class='ocrx_word' id='word_1_214' title='bbox 1993 2906 2109 2945; x_wconf 86' lang='lat' dir='ltr'><strong>me-</strong></span> 
     </span>
    </p>
   </div>
   <div class='ocr_carea' id='block_1_32' title="bbox 511 2976 2107 3046">
    <p class='ocr_par' dir='ltr' id='par_1_32' title="bbox 511 2976 2107 3046">
     <span class='ocr_line' id='line_1_32' title="bbox 511 2976 2107 3046; baseline 0 -14"><span class='ocrx_word' id='word_1_215' title='bbox 511 2976 600 3034; x_wconf 89' lang='lat' dir='ltr'><strong>dio</strong></span> <span class='ocrx_word' id='word_1_216' title='bbox 624 2976 1051 3033; x_wconf 79' lang='lat' dir='ltr'><strong>tintinnabulis.</strong></span> <span class='ocrx_word' id='word_1_217' title='bbox 1078 2976 1260 3046; x_wconf 87' lang='lat' dir='ltr'><strong>Quare</strong></span> <span class='ocrx_word' id='word_1_218' title='bbox 1290 2984 1470 3032; x_wconf 90' lang='lat' dir='ltr'><strong>autem</strong></span> <span class='ocrx_word' id='word_1_219' title='bbox 1500 2978 1588 3034; x_wconf 89' lang='lat' dir='ltr'><strong>hic</strong></span> <span class='ocrx_word' id='word_1_220' title='bbox 1619 2977 1976 3033; x_wconf 89' lang='lat' dir='ltr'><strong>tintinnabula</strong></span> <span class='ocrx_word' id='word_1_221' title='bbox 2004 2979 2107 3033; x_wconf 93' lang='lat' dir='ltr'><strong>ad-</strong></span> 
     </span>
    </p>
   </div>
   <div class='ocr_carea' id='block_1_33' title="bbox 2211 462 3815 536">
    <p class='ocr_par' dir='ltr' id='par_1_33' title="bbox 2211 462 3815 536">
     <span class='ocr_line' id='line_1_33' title="bbox 2211 462 3815 536; baseline 0.004 -22"><span class='ocrx_word' id='word_1_222' title='bbox 2211 468 2329 528; x_wconf 90' lang='lat' dir='ltr'><strong>tur;</strong></span> <span class='ocrx_word' id='word_1_223' title='bbox 2359 478 2462 533; x_wconf 91' lang='lat' dir='ltr'><strong>pro</strong></span> <span class='ocrx_word' id='word_1_224' title='bbox 2492 462 2691 517; x_wconf 90' lang='lat' dir='ltr'><strong>Christi</strong></span> <span class='ocrx_word' id='word_1_225' title='bbox 2721 462 2939 518; x_wconf 88' lang='lat' dir='ltr'><strong>nomine</strong></span> <span class='ocrx_word' id='word_1_226' title='bbox 2968 479 3138 535; x_wconf 90' lang='lat' dir='ltr'><strong>usque</strong></span> <span class='ocrx_word' id='word_1_227' title='bbox 3177 463 3248 519; x_wconf 90' lang='lat' dir='ltr'><strong>ad</strong></span> <span class='ocrx_word' id='word_1_228' title='bbox 3290 464 3601 536; x_wconf 84' lang='lat' dir='ltr'><strong>martyrium</strong></span> <span class='ocrx_word' id='word_1_229' title='bbox 3644 480 3815 536; x_wconf 83' lang='lat' dir='ltr'><strong>para-</strong></span> 
     </span>
    </p>
   </div>
   <div class='ocr_carea' id='block_1_34' title="bbox 2211 551 3817 625">
    <p class='ocr_par' dir='ltr' id='par_1_34' title="bbox 2211 551 3817 625">
     <span class='ocr_line' id='line_1_34' title="bbox 2211 551 3817 625; baseline 0.003 -20"><span class='ocrx_word' id='word_1_230' title='bbox 2211 558 2315 618; x_wconf 90' lang='lat' dir='ltr'><strong>tus,</strong></span> <span class='ocrx_word' id='word_1_231' title='bbox 2351 552 2497 623; x_wconf 90' lang='lat' dir='ltr'><strong>quod</strong></span> <span class='ocrx_word' id='word_1_232' title='bbox 2524 551 2841 625; x_wconf 85' lang='lat' dir='ltr'><strong>intelligitur</strong></span> <span class='ocrx_word' id='word_1_233' title='bbox 2867 551 2923 606; x_wconf 91' lang='lat' dir='ltr'><strong>in</strong></span> <span class='ocrx_word' id='word_1_234' title='bbox 2950 568 3190 623; x_wconf 89' lang='lat' dir='ltr'><strong>purpura</strong></span> <span class='ocrx_word' id='word_1_235' title='bbox 3215 572 3229 619; x_wconf 86' lang='lat'><strong>;</strong></span> <span class='ocrx_word' id='word_1_236' title='bbox 3263 569 3449 609; x_wconf 89' lang='lat' dir='ltr'><strong>amore</strong></span> <span class='ocrx_word' id='word_1_237' title='bbox 3470 554 3569 610; x_wconf 90' lang='lat' dir='ltr'><strong>Dei</strong></span> <span class='ocrx_word' id='word_1_238' title='bbox 3598 563 3653 610; x_wconf 91' lang='lat' dir='ltr'><strong>et</strong></span> <span class='ocrx_word' id='word_1_239' title='bbox 3682 571 3817 625; x_wconf 85' lang='lat' dir='ltr'><strong>pro-</strong></span> 
     </span>
    </p>
   </div>
   <div class='ocr_carea' id='block_1_35' title="bbox 2211 639 3813 715">
    <p class='ocr_par' dir='ltr' id='par_1_35' title="bbox 2211 639 3813 715">
     <span class='ocr_line' id='line_1_35' title="bbox 2211 639 3813 715; baseline 0.002 -22"><span class='ocrx_word' id='word_1_240' title='bbox 2211 639 2341 694; x_wconf 84' lang='lat' dir='ltr'><strong>ximi</strong></span> <span class='ocrx_word' id='word_1_241' title='bbox 2366 639 2623 713; x_wconf 82' lang='lat' dir='ltr'><strong>ﬂagrans,</strong></span> <span class='ocrx_word' id='word_1_242' title='bbox 2657 641 2804 712; x_wconf 90' lang='lat' dir='ltr'><strong>quod</strong></span> <span class='ocrx_word' id='word_1_243' title='bbox 2832 657 2933 712; x_wconf 90' lang='lat' dir='ltr'><strong>per</strong></span> <span class='ocrx_word' id='word_1_244' title='bbox 2959 656 3186 698; x_wconf 90' lang='lat' dir='ltr'><strong>coccum</strong></span> <span class='ocrx_word' id='word_1_245' title='bbox 3217 641 3301 697; x_wconf 91' lang='lat' dir='ltr'><strong>bis</strong></span> <span class='ocrx_word' id='word_1_246' title='bbox 3348 642 3572 699; x_wconf 88' lang='lat' dir='ltr'><strong>tinctum</strong></span> <span class='ocrx_word' id='word_1_247' title='bbox 3619 642 3813 715; x_wconf 83' lang='lat' dir='ltr'><strong>expri-</strong></span> 
     </span>
    </p>
   </div>
   <div class='ocr_carea' id='block_1_36' title="bbox 2212 728 3811 804">
    <p class='ocr_par' dir='ltr' id='par_1_36' title="bbox 2212 728 3811 804">
     <span class='ocr_line' id='line_1_36' title="bbox 2212 728 3811 804; baseline 0.003 -22"><span class='ocrx_word' id='word_1_248' title='bbox 2212 728 2393 783; x_wconf 88' lang='lat' dir='ltr'><strong>mitur.</strong></span> <span class='ocrx_word' id='word_1_249' title='bbox 2426 729 2495 784; x_wconf 89' lang='lat' dir='ltr'><strong>Et</strong></span> <span class='ocrx_word' id='word_1_250' title='bbox 2526 728 2666 785; x_wconf 91' lang='lat' dir='ltr'><strong>sicut</strong></span> <span class='ocrx_word' id='word_1_251' title='bbox 2696 729 2895 800; x_wconf 88' lang='lat' dir='ltr'><strong>byssus</strong></span> <span class='ocrx_word' id='word_1_252' title='bbox 2924 729 2993 784; x_wconf 91' lang='lat' dir='ltr'><strong>de</strong></span> <span class='ocrx_word' id='word_1_253' title='bbox 3014 736 3155 785; x_wconf 87' lang='lat' dir='ltr'><strong>terra</strong></span> <span class='ocrx_word' id='word_1_254' title='bbox 3170 737 3322 785; x_wconf 86' lang='lat' dir='ltr'><strong>eruta</strong></span> <span class='ocrx_word' id='word_1_255' title='bbox 3341 730 3509 804; x_wconf 89' lang='lat' dir='ltr'><strong>longo</strong></span> <span class='ocrx_word' id='word_1_256' title='bbox 3525 732 3811 797; x_wconf 81' lang='lat' dir='ltr'><strong>exercitio,</strong></span> 
     </span>
    </p>
   </div>
   <div class='ocr_carea' id='block_1_37' title="bbox 2212 816 3811 891">
    <p class='ocr_par' dir='ltr' id='par_1_37' title="bbox 2212 816 3811 891">
     <span class='ocr_line' id='line_1_37' title="bbox 2212 816 3811 891; baseline 0.003 -21"><span class='ocrx_word' id='word_1_257' title='bbox 2212 816 2470 886; x_wconf 89' lang='lat' dir='ltr'><strong>siccandi,</strong></span> <span class='ocrx_word' id='word_1_258' title='bbox 2522 818 2803 887; x_wconf 89' lang='lat' dir='ltr'><strong>tundendi,</strong></span> <span class='ocrx_word' id='word_1_259' title='bbox 2854 818 3143 891; x_wconf 77' lang='lat' dir='ltr'><strong>purgandi,</strong></span> <span class='ocrx_word' id='word_1_260' title='bbox 3189 820 3478 891; x_wconf 88' lang='lat' dir='ltr'><strong>coquendi,</strong></span> <span class='ocrx_word' id='word_1_261' title='bbox 3523 829 3577 875; x_wconf 93' lang='lat' dir='ltr'><strong>et</strong></span> <span class='ocrx_word' id='word_1_262' title='bbox 3619 819 3811 886; x_wconf 88' lang='lat' dir='ltr'><strong>nendi,</strong></span> 
     </span>
    </p>
   </div>
   <div class='ocr_carea' id='block_1_38' title="bbox 2212 905 3804 977">
    <p class='ocr_par' dir='ltr' id='par_1_38' title="bbox 2212 905 3804 977">
     <span class='ocr_line' id='line_1_38' title="bbox 2212 905 3804 977; baseline 0.003 -18"><span class='ocrx_word' id='word_1_263' title='bbox 2212 905 2556 977; x_wconf 87' lang='lat' dir='ltr'><strong>gramineum</strong></span> <span class='ocrx_word' id='word_1_264' title='bbox 2587 906 2725 962; x_wconf 91' lang='lat' dir='ltr'><strong>solet</strong></span> <span class='ocrx_word' id='word_1_265' title='bbox 2752 907 3003 977; x_wconf 86' lang='lat' dir='ltr'><strong>perdere,</strong></span> <span class='ocrx_word' id='word_1_266' title='bbox 3033 915 3087 963; x_wconf 91' lang='lat' dir='ltr'><strong>et</strong></span> <span class='ocrx_word' id='word_1_267' title='bbox 3114 907 3409 963; x_wconf 87' lang='lat' dir='ltr'><strong>candidum</strong></span> <span class='ocrx_word' id='word_1_268' title='bbox 3453 907 3511 963; x_wconf 89' lang='lat' dir='ltr'><strong>in</strong></span> <span class='ocrx_word' id='word_1_269' title='bbox 3555 925 3617 964; x_wconf 91' lang='lat' dir='ltr'><strong>se</strong></span> <span class='ocrx_word' id='word_1_270' title='bbox 3657 908 3804 964; x_wconf 85' lang='lat' dir='ltr'><strong>reci-</strong></span> 
     </span>
    </p>
   </div>
   <div class='ocr_carea' id='block_1_39' title="bbox 2211 994 3813 1069">
    <p class='ocr_par' dir='ltr' id='par_1_39' title="bbox 2211 994 3813 1069">
     <span class='ocr_line' id='line_1_39' title="bbox 2211 994 3813 1069; baseline 0.002 -20"><span class='ocrx_word' id='word_1_271' title='bbox 2211 1009 2340 1065; x_wconf 90' lang='lat' dir='ltr'><strong>pere</strong></span> <span class='ocrx_word' id='word_1_272' title='bbox 2389 994 2630 1051; x_wconf 88' lang='lat' dir='ltr'><strong>colorem</strong></span> <span class='ocrx_word' id='word_1_273' title='bbox 2674 1013 2687 1048; x_wconf 93' lang='lat'>:</span> <span class='ocrx_word' id='word_1_274' title='bbox 2729 995 2800 1050; x_wconf 88' lang='lat' dir='ltr'><strong>ita</strong></span> <span class='ocrx_word' id='word_1_275' title='bbox 2854 995 2973 1067; x_wconf 90' lang='lat' dir='ltr'><strong>ipse</strong></span> <span class='ocrx_word' id='word_1_276' title='bbox 3029 1011 3153 1052; x_wconf 91' lang='lat' dir='ltr'><strong>cum</strong></span> <span class='ocrx_word' id='word_1_277' title='bbox 3205 1012 3408 1069; x_wconf 85' lang='lat' dir='ltr'><strong>magno</strong></span> <span class='ocrx_word' id='word_1_278' title='bbox 3462 996 3813 1053; x_wconf 80' lang='lat' dir='ltr'><strong>continentia</strong></span> 
     </span>
    </p>
   </div>
   <div class='ocr_carea' id='block_1_40' title="bbox 2211 1082 3809 1155">
    <p class='ocr_par' dir='ltr' id='par_1_40' title="bbox 2211 1082 3809 1155">
     <span class='ocr_line' id='line_1_40' title="bbox 2211 1082 3809 1155; baseline 0.003 -19"><span class='ocrx_word' id='word_1_279' title='bbox 2211 1082 2400 1138; x_wconf 88' lang='lat' dir='ltr'><strong>labore</strong></span> <span class='ocrx_word' id='word_1_280' title='bbox 2431 1082 2589 1155; x_wconf 90' lang='lat' dir='ltr'><strong>quasi</strong></span> <span class='ocrx_word' id='word_1_281' title='bbox 2617 1083 2852 1140; x_wconf 89' lang='lat' dir='ltr'><strong>nativum</strong></span> <span class='ocrx_word' id='word_1_282' title='bbox 2882 1084 3150 1139; x_wconf 81' lang='lat' dir='ltr'><strong>exsudans</strong></span> <span class='ocrx_word' id='word_1_283' title='bbox 3178 1085 3486 1154; x_wconf 89' lang='lat' dir='ltr'><strong>humorem,</strong></span> <span class='ocrx_word' id='word_1_284' title='bbox 3533 1085 3605 1140; x_wconf 88' lang='lat' dir='ltr'><strong>ad</strong></span> <span class='ocrx_word' id='word_1_285' title='bbox 3632 1086 3809 1141; x_wconf 86' lang='lat' dir='ltr'><strong>deco-</strong></span> 
     </span>
    </p>
   </div>
   <div class='ocr_carea' id='block_1_41' title="bbox 2211 1170 3810 1247">
    <p class='ocr_par' dir='ltr' id='par_1_41' title="bbox 2211 1170 3810 1247">
     <span class='ocr_line' id='line_1_41' title="bbox 2211 1170 3810 1247; baseline 0.001 -22"><span class='ocrx_word' id='word_1_286' title='bbox 2211 1186 2330 1227; x_wconf 91' lang='lat' dir='ltr'><strong>rem</strong></span> <span class='ocrx_word' id='word_1_287' title='bbox 2359 1170 2543 1244; x_wconf 80' lang='lat' dir='ltr'><strong>digna</strong></span> <span class='ocrx_word' id='word_1_288' title='bbox 2571 1172 2688 1227; x_wconf 90' lang='lat' dir='ltr'><strong>Deo</strong></span> <span class='ocrx_word' id='word_1_289' title='bbox 2714 1173 2922 1243; x_wconf 91' lang='lat' dir='ltr'><strong>puratis</strong></span> <span class='ocrx_word' id='word_1_290' title='bbox 2961 1172 3147 1229; x_wconf 91' lang='lat' dir='ltr'><strong>solerti</strong></span> <span class='ocrx_word' id='word_1_291' title='bbox 3184 1172 3517 1242; x_wconf 88' lang='lat' dir='ltr'><strong>jejuniorum</strong></span> <span class='ocrx_word' id='word_1_292' title='bbox 3562 1181 3618 1229; x_wconf 89' lang='lat' dir='ltr'><strong>et</strong></span> <span class='ocrx_word' id='word_1_293' title='bbox 3659 1173 3810 1247; x_wconf 83' lang='lat' dir='ltr'><strong>vigi-</strong></span> 
     </span>
    </p>
   </div>
   <div class='ocr_carea' id='block_1_42' title="bbox 2210 1259 3817 1334">
    <p class='ocr_par' dir='ltr' id='par_1_42' title="bbox 2210 1259 3817 1334">
     <span class='ocr_line' id='line_1_42' title="bbox 2210 1259 3817 1334; baseline 0.002 -21"><span class='ocrx_word' id='word_1_294' title='bbox 2210 1259 2404 1314; x_wconf 90' lang='lat' dir='ltr'><strong>liarum</strong></span> <span class='ocrx_word' id='word_1_295' title='bbox 2461 1267 2516 1315; x_wconf 92' lang='lat' dir='ltr'><strong>et</strong></span> <span class='ocrx_word' id='word_1_296' title='bbox 2568 1260 2874 1316; x_wconf 88' lang='lat' dir='ltr'><strong>orationum</strong></span> <span class='ocrx_word' id='word_1_297' title='bbox 2940 1269 2993 1316; x_wconf 93' lang='lat' dir='ltr'><strong>et</strong></span> <span class='ocrx_word' id='word_1_298' title='bbox 3046 1260 3296 1318; x_wconf 87' lang='lat' dir='ltr'><strong>lectionis</strong></span> <span class='ocrx_word' id='word_1_299' title='bbox 3337 1280 3352 1329; x_wconf 88' lang='lat'><strong>;</strong></span> <span class='ocrx_word' id='word_1_300' title='bbox 3418 1261 3696 1334; x_wconf 79' lang='lat' dir='ltr'><strong>patientia</strong></span> <span class='ocrx_word' id='word_1_301' title='bbox 3761 1269 3817 1317; x_wconf 91' lang='lat' dir='ltr'><strong>et</strong></span> 
     </span>
    </p>
   </div>
   <div class='ocr_carea' id='block_1_43' title="bbox 2210 1347 3812 1420">
    <p class='ocr_par' dir='ltr' id='par_1_43' title="bbox 2210 1347 3812 1420">
     <span class='ocr_line' id='line_1_43' title="bbox 2210 1347 3812 1420; baseline 0.002 -19"><span class='ocrx_word' id='word_1_302' title='bbox 2210 1347 2531 1402; x_wconf 87' lang='lat' dir='ltr'><strong>humilitatis</strong></span> <span class='ocrx_word' id='word_1_303' title='bbox 2557 1347 2811 1404; x_wconf 86' lang='lat' dir='ltr'><strong>instantia</strong></span> <span class='ocrx_word' id='word_1_304' title='bbox 2839 1349 3103 1420; x_wconf 85' lang='lat' dir='ltr'><strong>pervenit.</strong></span> <span class='ocrx_word' id='word_1_305' title='bbox 3135 1349 3349 1418; x_wconf 87' lang='lat' dir='ltr'><strong>Quibus</strong></span> <span class='ocrx_word' id='word_1_306' title='bbox 3393 1350 3648 1406; x_wconf 89' lang='lat' dir='ltr'><strong>omnibus</strong></span> <span class='ocrx_word' id='word_1_307' title='bbox 3696 1350 3812 1405; x_wconf 87' lang='lat' dir='ltr'><strong>tin-</strong></span> 
     </span>
    </p>
   </div>
   <div class='ocr_carea' id='block_1_44' title="bbox 2211 1436 3813 1511">
    <p class='ocr_par' dir='ltr' id='par_1_44' title="bbox 2211 1436 3813 1511">
     <span class='ocr_line' id='line_1_44' title="bbox 2211 1436 3813 1511; baseline 0.002 -21"><span class='ocrx_word' id='word_1_308' title='bbox 2211 1436 2493 1491; x_wconf 90' lang='lat' dir='ltr'><strong>tinnabula</strong></span> <span class='ocrx_word' id='word_1_309' title='bbox 2522 1437 2709 1492; x_wconf 88' lang='lat' dir='ltr'><strong>habuit</strong></span> <span class='ocrx_word' id='word_1_310' title='bbox 2736 1438 3001 1508; x_wconf 90' lang='lat' dir='ltr'><strong>permista</strong></span> <span class='ocrx_word' id='word_1_311' title='bbox 3036 1455 3051 1493; x_wconf 91' lang='lat'><strong>:</strong></span> <span class='ocrx_word' id='word_1_312' title='bbox 3083 1438 3208 1511; x_wconf 85' lang='lat' dir='ltr'><strong>quia</strong></span> <span class='ocrx_word' id='word_1_313' title='bbox 3234 1454 3360 1495; x_wconf 88' lang='lat' dir='ltr'><strong>raro</strong></span> <span class='ocrx_word' id='word_1_314' title='bbox 3401 1439 3549 1494; x_wconf 91' lang='lat' dir='ltr'><strong>aliud</strong></span> <span class='ocrx_word' id='word_1_315' title='bbox 3594 1439 3668 1494; x_wconf 90' lang='lat' dir='ltr'><strong>ab</strong></span> <span class='ocrx_word' id='word_1_316' title='bbox 3714 1439 3813 1494; x_wconf 89' lang='lat' dir='ltr'><strong>illo</strong></span> 
     </span>
    </p>
   </div>
   <div class='ocr_carea' id='block_1_45' title="bbox 2213 1525 3812 1595">
    <p class='ocr_par' dir='ltr' id='par_1_45' title="bbox 2213 1525 3812 1595">
     <span class='ocr_line' id='line_1_45' title="bbox 2213 1525 3812 1595; baseline 0.003 -17"><span class='ocrx_word' id='word_1_317' title='bbox 2213 1540 2372 1595; x_wconf 88' lang='lat' dir='ltr'><strong>quam</strong></span> <span class='ocrx_word' id='word_1_318' title='bbox 2428 1525 2809 1595; x_wconf 87' lang='lat' dir='ltr'><strong>pradictarum</strong></span> <span class='ocrx_word' id='word_1_319' title='bbox 2867 1526 3127 1581; x_wconf 88' lang='lat' dir='ltr'><strong>virtutum</strong></span> <span class='ocrx_word' id='word_1_320' title='bbox 3186 1526 3541 1583; x_wconf 87' lang='lat' dir='ltr'><strong>suavissimus</strong></span> <span class='ocrx_word' id='word_1_321' title='bbox 3596 1528 3812 1582; x_wconf 88' lang='lat' dir='ltr'><strong>sonitus</strong></span> 
     </span>
    </p>
   </div>
   <div class='ocr_carea' id='block_1_46' title="bbox 2210 1613 3811 1685">
    <p class='ocr_par' dir='ltr' id='par_1_46' title="bbox 2210 1613 3811 1685">
     <span class='ocr_line' id='line_1_46' title="bbox 2210 1613 3811 1685; baseline 0.002 -18"><span class='ocrx_word' id='word_1_322' title='bbox 2210 1613 2548 1680; x_wconf 87' lang='lat' dir='ltr'><strong>audiebatur,</strong></span> <span class='ocrx_word' id='word_1_323' title='bbox 2608 1613 2702 1685; x_wconf 90' lang='lat' dir='ltr'><strong>qui</strong></span> <span class='ocrx_word' id='word_1_324' title='bbox 2757 1630 2975 1669; x_wconf 85' lang='lat' dir='ltr'><strong>rursum</strong></span> <span class='ocrx_word' id='word_1_325' title='bbox 3031 1630 3257 1685; x_wconf 85' lang='lat' dir='ltr'><strong>operum</strong></span> <span class='ocrx_word' id='word_1_326' title='bbox 3313 1616 3432 1685; x_wconf 88' lang='lat' dir='ltr'><strong>ejus</strong></span> <span class='ocrx_word' id='word_1_327' title='bbox 3478 1615 3811 1671; x_wconf 88' lang='lat' dir='ltr'><strong>sublimitate</strong></span> 
     </span>
    </p>
   </div>
   <div class='ocr_carea' id='block_1_47' title="bbox 2137 1701 3810 1785">
    <p class='ocr_par' dir='ltr' id='par_1_47' title="bbox 2137 1701 3810 1785">
     <span class='ocr_line' id='line_1_47' title="bbox 2137 1701 3810 1785; baseline 0.003 -31"><span class='ocrx_word' id='word_1_328' title='bbox 2137 1725 2191 1785; x_wconf 82' lang='grc' dir='ltr'>Β</span> <span class='ocrx_word' id='word_1_329' title='bbox 2211 1701 2544 1756; x_wconf 90' lang='lat' dir='ltr'><strong>audientium</strong></span> <span class='ocrx_word' id='word_1_330' title='bbox 2601 1702 2872 1757; x_wconf 89' lang='lat' dir='ltr'><strong>mentibus</strong></span> <span class='ocrx_word' id='word_1_331' title='bbox 2935 1703 3421 1759; x_wconf 88' lang='lat' dir='ltr'><strong>commendabatur</strong></span> <span class='ocrx_word' id='word_1_332' title='bbox 3451 1745 3467 1770; x_wconf 92' lang='lat'><strong>,</strong></span> <span class='ocrx_word' id='word_1_333' title='bbox 3543 1704 3682 1759; x_wconf 90' lang='lat' dir='ltr'><strong>sicut</strong></span> <span class='ocrx_word' id='word_1_334' title='bbox 3755 1713 3810 1759; x_wconf 88' lang='lat' dir='ltr'><strong>et</strong></span> 
     </span>
    </p>
   </div>
   <div class='ocr_carea' id='block_1_48' title="bbox 2211 1790 3813 1863">
    <p class='ocr_par' dir='ltr' id='par_1_48' title="bbox 2211 1790 3813 1863">
     <span class='ocr_line' id='line_1_48' title="bbox 2211 1790 3813 1863; baseline 0.002 -19"><span class='ocrx_word' id='word_1_335' title='bbox 2211 1804 2446 1861; x_wconf 89' lang='lat' dir='ltr'><strong>sequens</strong></span> <span class='ocrx_word' id='word_1_336' title='bbox 2489 1790 2559 1846; x_wconf 91' lang='lat' dir='ltr'><strong>de</strong></span> <span class='ocrx_word' id='word_1_337' title='bbox 2604 1790 2698 1846; x_wconf 90' lang='lat' dir='ltr'><strong>illo</strong></span> <span class='ocrx_word' id='word_1_338' title='bbox 2745 1791 2904 1860; x_wconf 90' lang='lat' dir='ltr'><strong>hujus</strong></span> <span class='ocrx_word' id='word_1_339' title='bbox 2951 1791 3198 1863; x_wconf 89' lang='lat' dir='ltr'><strong>opusculi</strong></span> <span class='ocrx_word' id='word_1_340' title='bbox 3245 1799 3421 1848; x_wconf 80' lang='lat' dir='ltr'><strong>textus</strong></span> <span class='ocrx_word' id='word_1_341' title='bbox 3464 1791 3813 1849; x_wconf 84' lang='lat' dir='ltr'><strong>manifestius</strong></span> 
     </span>
    </p>
   </div>
   <div class='ocr_carea' id='block_1_49' title="bbox 2210 1878 2481 1933">
    <p class='ocr_par' dir='ltr' id='par_1_49' title="bbox 2210 1878 2481 1933">
     <span class='ocr_line' id='line_1_49' title="bbox 2210 1878 2481 1933; baseline 0 0"><span class='ocrx_word' id='word_1_342' title='bbox 2210 1878 2481 1933; x_wconf 89' lang='lat' dir='ltr'><strong>ostendet.</strong></span> 
     </span>
    </p>
   </div>
   <div class='ocr_carea' id='block_1_50' title="bbox 2803 2038 3212 2096">
    <p class='ocr_par' dir='ltr' id='par_1_50' title="bbox 2803 2038 3212 2096">
     <span class='ocr_line' id='line_1_50' title="bbox 2803 2038 3212 2096; baseline -0.002 -2"><span class='ocrx_word' id='word_1_343' title='bbox 2803 2038 3029 2095; x_wconf 79' lang='lat' dir='ltr'><strong>CAPUT</strong></span> <span class='ocrx_word' id='word_1_344' title='bbox 3073 2038 3212 2096; x_wconf 82' lang='lat' dir='ltr'><strong>VIII.</strong></span> 
     </span>
    </p>
   </div>
   <div class='ocr_carea' id='block_1_51' title="bbox 2283 2177 3808 2252">
    <p class='ocr_par' dir='ltr' id='par_1_51' title="bbox 2283 2177 3808 2252">
     <span class='ocr_line' id='line_1_51' title="bbox 2283 2177 3808 2252; baseline 0.003 -21"><span class='ocrx_word' id='word_1_345' title='bbox 2283 2177 2418 2232; x_wconf 92' lang='lat' dir='ltr'><strong>Cum</strong></span> <span class='ocrx_word' id='word_1_346' title='bbox 2442 2177 2620 2234; x_wconf 90' lang='lat' dir='ltr'><strong>adhuc</strong></span> <span class='ocrx_word' id='word_1_347' title='bbox 2649 2187 2795 2235; x_wconf 89' lang='lat' dir='ltr'><strong>esset</strong></span> <span class='ocrx_word' id='word_1_348' title='bbox 2827 2179 2881 2233; x_wconf 91' lang='lat' dir='ltr'><strong>in</strong></span> <span class='ocrx_word' id='word_1_349' title='bbox 2901 2179 3164 2252; x_wconf 91' lang='lat' dir='ltr'><strong>obsequio</strong></span> <span class='ocrx_word' id='word_1_350' title='bbox 3180 2180 3490 2237; x_wconf 86' lang='lat' dir='ltr'><strong>decessoris</strong></span> <span class='ocrx_word' id='word_1_351' title='bbox 3506 2180 3592 2236; x_wconf 90' lang='lat' dir='ltr'><strong>sui</strong></span> <span class='ocrx_word' id='word_1_352' title='bbox 3620 2180 3808 2236; x_wconf 91' lang='lat' dir='ltr'><strong>domni</strong></span> 
     </span>
    </p>
   </div>
   <div class='ocr_carea' id='block_1_52' title="bbox 2211 2266 3808 2340">
    <p class='ocr_par' dir='ltr' id='par_1_52' title="bbox 2211 2266 3808 2340">
     <span class='ocr_line' id='line_1_52' title="bbox 2211 2266 3808 2340; baseline 0.003 -21"><span class='ocrx_word' id='word_1_353' title='bbox 2211 2266 2488 2338; x_wconf 87' lang='lat' dir='ltr'><strong>Ansgarii,</strong></span> <span class='ocrx_word' id='word_1_354' title='bbox 2535 2267 2785 2339; x_wconf 85' lang='lat' dir='ltr'><strong>apparuit</strong></span> <span class='ocrx_word' id='word_1_355' title='bbox 2824 2268 2875 2323; x_wconf 90' lang='lat' dir='ltr'><strong>ei</strong></span> <span class='ocrx_word' id='word_1_356' title='bbox 2921 2269 3213 2340; x_wconf 89' lang='lat' dir='ltr'><strong>presbyter</strong></span> <span class='ocrx_word' id='word_1_357' title='bbox 3257 2268 3518 2324; x_wconf 88' lang='lat' dir='ltr'><strong>Arnulfus</strong></span> <span class='ocrx_word' id='word_1_358' title='bbox 3555 2269 3669 2338; x_wconf 88' lang='lat' dir='ltr'><strong>jam</strong></span> <span class='ocrx_word' id='word_1_359' title='bbox 3712 2270 3808 2324; x_wconf 91' lang='lat' dir='ltr'><strong>diu</strong></span> 
     </span>
    </p>
   </div>
   <div class='ocr_carea' id='block_1_53' title="bbox 2211 2353 3808 2427">
    <p class='ocr_par' dir='ltr' id='par_1_53' title="bbox 2211 2353 3808 2427">
     <span class='ocr_line' id='line_1_53' title="bbox 2211 2353 3808 2427; baseline 0.003 -19"><span class='ocrx_word' id='word_1_360' title='bbox 2211 2353 2519 2422; x_wconf 85' lang='lat' dir='ltr'><strong>defunctus,</strong></span> <span class='ocrx_word' id='word_1_361' title='bbox 2552 2364 2604 2410; x_wconf 87' lang='lat' dir='ltr'><strong>et</strong></span> <span class='ocrx_word' id='word_1_362' title='bbox 2632 2357 2973 2427; x_wconf 91' lang='lat' dir='ltr'><strong>percontanti</strong></span> <span class='ocrx_word' id='word_1_363' title='bbox 3003 2357 3070 2411; x_wconf 92' lang='lat' dir='ltr'><strong>de</strong></span> <span class='ocrx_word' id='word_1_364' title='bbox 3110 2357 3227 2426; x_wconf 91' lang='lat' dir='ltr'><strong>ejus</strong></span> <span class='ocrx_word' id='word_1_365' title='bbox 3275 2373 3441 2414; x_wconf 86' lang='lat' dir='ltr'><strong>causa</strong></span> <span class='ocrx_word' id='word_1_366' title='bbox 3481 2358 3536 2412; x_wconf 94' lang='lat' dir='ltr'><strong>in</strong></span> <span class='ocrx_word' id='word_1_367' title='bbox 3582 2358 3808 2414; x_wconf 89' lang='lat' dir='ltr'><strong>alterius</strong></span> 
     </span>
    </p>
   </div>
   <div class='ocr_carea' id='block_1_54' title="bbox 2212 2443 3807 2518">
    <p class='ocr_par' dir='ltr' id='par_1_54' title="bbox 2212 2443 3807 2518">
     <span class='ocr_line' id='line_1_54' title="bbox 2212 2443 3807 2518; baseline 0.002 -20"><span class='ocrx_word' id='word_1_368' title='bbox 2212 2443 2399 2499; x_wconf 86' lang='lat' dir='ltr'><strong>saculi</strong></span> <span class='ocrx_word' id='word_1_369' title='bbox 2424 2444 2534 2499; x_wconf 87' lang='lat' dir='ltr'><strong>vita</strong></span> <span class='ocrx_word' id='word_1_370' title='bbox 2563 2444 2811 2501; x_wconf 88' lang='lat' dir='ltr'><strong>dolenter</strong></span> <span class='ocrx_word' id='word_1_371' title='bbox 2839 2445 3118 2516; x_wconf 88' lang='lat' dir='ltr'><strong>respondit</strong></span> <span class='ocrx_word' id='word_1_372' title='bbox 3153 2461 3166 2500; x_wconf 88' lang='lat'><strong>:</strong></span> <span class='ocrx_word' id='word_1_373' title='bbox 3198 2445 3339 2517; x_wconf 88' lang='lat' dir='ltr'><strong>Ego,</strong></span> <span class='ocrx_word' id='word_1_374' title='bbox 3372 2446 3646 2518; x_wconf 90' lang='lat' dir='ltr'><strong>inquiens,</strong></span> <span class='ocrx_word' id='word_1_375' title='bbox 3677 2447 3807 2501; x_wconf 89' lang='lat' dir='ltr'><strong>dum</strong></span> 
     </span>
    </p>
   </div>
   <div class='ocr_carea' id='block_1_55' title="bbox 2209 2532 3807 2607">
    <p class='ocr_par' dir='ltr' id='par_1_55' title="bbox 2209 2532 3807 2607">
     <span class='ocr_line' id='line_1_55' title="bbox 2209 2532 3807 2607; baseline 0.003 -21"><span class='ocrx_word' id='word_1_376' title='bbox 2209 2532 2384 2587; x_wconf 89' lang='lat' dir='ltr'><strong>adhuc</strong></span> <span class='ocrx_word' id='word_1_377' title='bbox 2412 2532 2467 2587; x_wconf 91' lang='lat' dir='ltr'><strong>in</strong></span> <span class='ocrx_word' id='word_1_378' title='bbox 2498 2549 2664 2589; x_wconf 89' lang='lat' dir='ltr'><strong>carne</strong></span> <span class='ocrx_word' id='word_1_379' title='bbox 2692 2550 2893 2602; x_wconf 91' lang='lat' dir='ltr'><strong>essem,</strong></span> <span class='ocrx_word' id='word_1_380' title='bbox 2939 2534 3281 2607; x_wconf 84' lang='lat' dir='ltr'><strong>negligenter</strong></span> <span class='ocrx_word' id='word_1_381' title='bbox 3316 2535 3385 2590; x_wconf 94' lang='lat' dir='ltr'><strong>de</strong></span> <span class='ocrx_word' id='word_1_382' title='bbox 3423 2535 3620 2590; x_wconf 85' lang='lat' dir='ltr'><strong>anima</strong></span> <span class='ocrx_word' id='word_1_383' title='bbox 3666 2552 3807 2591; x_wconf 79' lang='lat' dir='ltr'><strong>mea</strong></span> 
     </span>
    </p>
   </div>
   <div class='ocr_carea' id='block_1_56' title="bbox 2207 2620 3804 2694">
    <p class='ocr_par' dir='ltr' id='par_1_56' title="bbox 2207 2620 3804 2694">
     <span class='ocr_line' id='line_1_56' title="bbox 2207 2620 3804 2694; baseline 0.003 -20"><span class='ocrx_word' id='word_1_384' title='bbox 2207 2620 2438 2693; x_wconf 83' lang='lat' dir='ltr'><strong>agebam</strong></span> <span class='ocrx_word' id='word_1_385' title='bbox 2467 2621 2660 2689; x_wconf 91' lang='lat' dir='ltr'><strong>salute,</strong></span> <span class='ocrx_word' id='word_1_386' title='bbox 2692 2621 3012 2692; x_wconf 85' lang='lat' dir='ltr'><strong>gravitatem</strong></span> <span class='ocrx_word' id='word_1_387' title='bbox 3041 2638 3289 2693; x_wconf 83' lang='lat' dir='ltr'><strong>persona</strong></span> <span class='ocrx_word' id='word_1_388' title='bbox 3316 2639 3453 2679; x_wconf 85' lang='lat' dir='ltr'><strong>mea</strong></span> <span class='ocrx_word' id='word_1_389' title='bbox 3480 2631 3804 2694; x_wconf 89' lang='lat' dir='ltr'><strong>competen-</strong></span> 
     </span>
    </p>
   </div>
   <div class='ocr_carea' id='block_1_57' title="bbox 2210 2710 3805 2783">
    <p class='ocr_par' dir='ltr' id='par_1_57' title="bbox 2210 2710 3805 2783">
     <span class='ocr_line' id='line_1_57' title="bbox 2210 2710 3805 2783; baseline 0.004 -21"><span class='ocrx_word' id='word_1_390' title='bbox 2210 2714 2318 2763; x_wconf 90' lang='lat' dir='ltr'><strong>tem</strong></span> <span class='ocrx_word' id='word_1_391' title='bbox 2348 2725 2457 2764; x_wconf 89' lang='lat' dir='ltr'><strong>non</strong></span> <span class='ocrx_word' id='word_1_392' title='bbox 2486 2725 2727 2779; x_wconf 89' lang='lat' dir='ltr'><strong>servans,</strong></span> <span class='ocrx_word' id='word_1_393' title='bbox 2758 2710 2868 2766; x_wconf 89' lang='lat' dir='ltr'><strong>otio</strong></span> <span class='ocrx_word' id='word_1_394' title='bbox 2896 2711 3095 2782; x_wconf 85' lang='lat' dir='ltr'><strong>sapius</strong></span> <span class='ocrx_word' id='word_1_395' title='bbox 3143 2727 3366 2777; x_wconf 88' lang='lat' dir='ltr'><strong>vacans,</strong></span> <span class='ocrx_word' id='word_1_396' title='bbox 3413 2720 3466 2766; x_wconf 90' lang='lat' dir='ltr'><strong>et</strong></span> <span class='ocrx_word' id='word_1_397' title='bbox 3511 2712 3805 2783; x_wconf 89' lang='lat' dir='ltr'><strong>aliquando</strong></span> 
     </span>
    </p>
   </div>
   <div class='ocr_carea' id='block_1_58' title="bbox 2210 2797 3805 2873">
    <p class='ocr_par' dir='ltr' id='par_1_58' title="bbox 2210 2797 3805 2873">
     <span class='ocr_line' id='line_1_58' title="bbox 2210 2797 3805 2873; baseline 0.003 -22"><span class='ocrx_word' id='word_1_398' title='bbox 2210 2797 2375 2853; x_wconf 81' lang='lat' dir='ltr'><strong>etiam</strong></span> <span class='ocrx_word' id='word_1_399' title='bbox 2404 2797 2460 2852; x_wconf 90' lang='lat' dir='ltr'><strong>in</strong></span> <span class='ocrx_word' id='word_1_400' title='bbox 2489 2798 2690 2854; x_wconf 90' lang='lat' dir='ltr'><strong>indicto</strong></span> <span class='ocrx_word' id='word_1_401' title='bbox 2715 2798 2919 2868; x_wconf 90' lang='lat' dir='ltr'><strong>jejunio</strong></span> <span class='ocrx_word' id='word_1_402' title='bbox 2947 2815 3167 2855; x_wconf 90' lang='lat' dir='ltr'><strong>carnem</strong></span> <span class='ocrx_word' id='word_1_403' title='bbox 3195 2799 3551 2866; x_wconf 88' lang='lat' dir='ltr'><strong>manducans,</strong></span> <span class='ocrx_word' id='word_1_404' title='bbox 3588 2800 3805 2873; x_wconf 86' lang='lat' dir='ltr'><strong>aliaque</strong></span> 
     </span>
    </p>
   </div>
   <div class='ocr_carea' id='block_1_59' title="bbox 2208 2885 3805 2961">
    <p class='ocr_par' dir='ltr' id='par_1_59' title="bbox 2208 2885 3805 2961">
     <span class='ocr_line' id='line_1_59' title="bbox 2208 2885 3805 2961; baseline 0.003 -22"><span class='ocrx_word' id='word_1_405' title='bbox 2208 2885 2456 2941; x_wconf 88' lang='lat' dir='ltr'><strong>similiter</strong></span> <span class='ocrx_word' id='word_1_406' title='bbox 2483 2886 2769 2942; x_wconf 89' lang='lat' dir='ltr'><strong>interdicta</strong></span> <span class='ocrx_word' id='word_1_407' title='bbox 2796 2887 2851 2943; x_wconf 91' lang='lat' dir='ltr'><strong>in</strong></span> <span class='ocrx_word' id='word_1_408' title='bbox 2881 2903 3010 2943; x_wconf 87' lang='lat' dir='ltr'><strong>esca</strong></span> <span class='ocrx_word' id='word_1_409' title='bbox 3037 2896 3091 2943; x_wconf 88' lang='lat' dir='ltr'><strong>et</strong></span> <span class='ocrx_word' id='word_1_410' title='bbox 3119 2895 3250 2958; x_wconf 92' lang='lat' dir='ltr'><strong>potu</strong></span> <span class='ocrx_word' id='word_1_411' title='bbox 3281 2887 3599 2961; x_wconf 88' lang='lat' dir='ltr'><strong>frequenter</strong></span> <span class='ocrx_word' id='word_1_412' title='bbox 3644 2905 3805 2944; x_wconf 88' lang='lat' dir='ltr'><strong>usur-</strong></span> 
     </span>
    </p>
   </div>
   <div class='ocr_carea' id='block_1_60' title="bbox 2206 2974 3805 3047">
    <p class='ocr_par' dir='ltr' id='par_1_60' title="bbox 2206 2974 3805 3047">
     <span class='ocr_line' id='line_1_60' title="bbox 2206 2974 3805 3047; baseline 0.001 -18"><span class='ocrx_word' id='word_1_413' title='bbox 2206 2988 2365 3044; x_wconf 90' lang='lat' dir='ltr'><strong>pans.</strong></span> <span class='ocrx_word' id='word_1_414' title='bbox 2398 2975 2505 3031; x_wconf 87' lang='lat' dir='ltr'><strong>Pro</strong></span> <span class='ocrx_word' id='word_1_415' title='bbox 2533 2974 2729 3030; x_wconf 88' lang='lat' dir='ltr'><strong>talibus</strong></span> <span class='ocrx_word' id='word_1_416' title='bbox 2774 2975 3081 3031; x_wconf 88' lang='lat' dir='ltr'><strong>commissis</strong></span> <span class='ocrx_word' id='word_1_417' title='bbox 3120 2976 3378 3047; x_wconf 90' lang='lat' dir='ltr'><strong>indignus</strong></span> <span class='ocrx_word' id='word_1_418' title='bbox 3425 2975 3501 3031; x_wconf 92' lang='lat' dir='ltr'><strong>fui</strong></span> <span class='ocrx_word' id='word_1_419' title='bbox 3545 2978 3805 3033; x_wconf 88' lang='lat' dir='ltr'><strong>hactenus</strong></span> 
     </span>
    </p>
   </div>
   <div class='ocr_carea' id='block_1_61' title="bbox 501 3063 3804 3143">
    <p class='ocr_par' dir='ltr' id='par_1_61' title="bbox 501 3063 3804 3143">
     <span class='ocr_line' id='line_1_61' title="bbox 501 3063 3804 3143; baseline -0.001 -23"><span class='ocrx_word' id='word_1_420' title='bbox 501 3064 660 3138; x_wconf 90' lang='lat' dir='ltr'><strong>jungi</strong></span> <span class='ocrx_word' id='word_1_421' title='bbox 678 3073 953 3137; x_wconf 85' lang='lat' dir='ltr'><strong>pracepta</strong></span> <span class='ocrx_word' id='word_1_422' title='bbox 970 3065 1096 3133; x_wconf 90' lang='lat' dir='ltr'><strong>sint,</strong></span> <span class='ocrx_word' id='word_1_423' title='bbox 1119 3064 1344 3121; x_wconf 83' lang='lat' dir='ltr'><strong>inferius</strong></span> <span class='ocrx_word' id='word_1_424' title='bbox 1360 3065 1664 3121; x_wconf 90' lang='lat' dir='ltr'><strong>ostenditur</strong></span> <span class='ocrx_word' id='word_1_425' title='bbox 1687 3083 1699 3122; x_wconf 90' lang='lat'>:</span> <span class='ocrx_word' id='word_1_426' title='bbox 1724 3070 1791 3123; x_wconf 87' lang='lat' dir='ltr'><strong>ut</strong></span> <span class='ocrx_word' id='word_1_427' title='bbox 1809 3068 2100 3133; x_wconf 83' lang='lat' dir='ltr'><strong>audiatur,</strong></span> <span class='ocrx_word' id='word_1_428' title='bbox 2137 3079 2186 3143; x_wconf 72' lang='grc' dir='ltr'>α</span> <span class='ocrx_word' id='word_1_429' title='bbox 2208 3063 2278 3117; x_wconf 93' lang='lat' dir='ltr'><strong>ad</strong></span> <span class='ocrx_word' id='word_1_430' title='bbox 2306 3063 2654 3133; x_wconf 73' lang='lat' dir='ltr'><strong>praesentiam</strong></span> <span class='ocrx_word' id='word_1_431' title='bbox 2674 3064 2774 3120; x_wconf 91' lang='lat' dir='ltr'><strong>Dei</strong></span> <span class='ocrx_word' id='word_1_432' title='bbox 2793 3064 2981 3120; x_wconf 88' lang='lat' dir='ltr'><strong>venire</strong></span> <span class='ocrx_word' id='word_1_433' title='bbox 3013 3082 3027 3118; x_wconf 90' lang='lat'>:</span> <span class='ocrx_word' id='word_1_434' title='bbox 3061 3065 3160 3119; x_wconf 87' lang='lat' dir='ltr'><strong>sed</strong></span> <span class='ocrx_word' id='word_1_435' title='bbox 3182 3065 3227 3119; x_wconf 92' lang='lat' dir='ltr'><strong>si</strong></span> <span class='ocrx_word' id='word_1_436' title='bbox 3248 3073 3357 3130; x_wconf 91' lang='lat' dir='ltr'><strong>tua,</strong></span> <span class='ocrx_word' id='word_1_437' title='bbox 3381 3065 3472 3133; x_wconf 87' lang='lat' dir='ltr'><strong>ait,</strong></span> <span class='ocrx_word' id='word_1_438' title='bbox 3499 3064 3804 3120; x_wconf 80' lang='lat' dir='ltr'><strong>fraternitas</strong></span> 
     </span>
    </p>
   </div>
   <div class='ocr_carea' id='block_1_62' title="bbox 510 3154 2117 3228">
    <p class='ocr_par' dir='ltr' id='par_1_62' title="bbox 510 3154 2117 3228">
     <span class='ocr_line' id='line_1_62' title="bbox 510 3154 2117 3228; baseline 0.001 -19"><span class='ocrx_word' id='word_1_439' title='bbox 510 3154 705 3225; x_wconf 89' lang='lat' dir='ltr'><strong>inquit,</strong></span> <span class='ocrx_word' id='word_1_440' title='bbox 737 3155 958 3212; x_wconf 79' lang='lat' dir='ltr'><strong>sonitus</strong></span> <span class='ocrx_word' id='word_1_441' title='bbox 981 3155 1203 3227; x_wconf 82' lang='lat' dir='ltr'><strong>quando</strong></span> <span class='ocrx_word' id='word_1_442' title='bbox 1217 3155 1542 3227; x_wconf 75' lang='lat' dir='ltr'><strong>ingreditur</strong></span> <span class='ocrx_word' id='word_1_443' title='bbox 1561 3157 1827 3228; x_wconf 74' lang='lat' dir='ltr'><strong>pontifex</strong></span> <span class='ocrx_word' id='word_1_444' title='bbox 1848 3160 2117 3211; x_wconf 86' lang='lat' dir='ltr'><strong>sanctua-</strong></span> 
     </span>
    </p>
   </div>
   <div class='ocr_carea' id='block_1_63' title="bbox 507 3244 2114 3315">
    <p class='ocr_par' dir='ltr' id='par_1_63' title="bbox 507 3244 2114 3315">
     <span class='ocr_line' id='line_1_63' title="bbox 507 3244 2114 3315; baseline -0.001 -16"><span class='ocrx_word' id='word_1_445' title='bbox 507 3245 663 3299; x_wconf 84' lang='lat' dir='ltr'><strong>rium</strong></span> <span class='ocrx_word' id='word_1_446' title='bbox 691 3244 756 3299; x_wconf 83' lang='lat' dir='ltr'><strong>in</strong></span> <span class='ocrx_word' id='word_1_447' title='bbox 776 3246 1080 3315; x_wconf 86' lang='lat' dir='ltr'><strong>conspectu</strong></span> <span class='ocrx_word' id='word_1_448' title='bbox 1098 3245 1344 3311; x_wconf 82' lang='lat' dir='ltr'><strong>Domini,</strong></span> <span class='ocrx_word' id='word_1_449' title='bbox 1369 3247 1426 3299; x_wconf 89' lang='lat' dir='ltr'><strong>et</strong></span> <span class='ocrx_word' id='word_1_450' title='bbox 1448 3260 1564 3300; x_wconf 87' lang='lat' dir='ltr'><strong>non</strong></span> <span class='ocrx_word' id='word_1_451' title='bbox 1584 3244 1887 3300; x_wconf 84' lang='lat' dir='ltr'><strong>moriatur.</strong></span> <span class='ocrx_word' id='word_1_452' title='bbox 1914 3244 2114 3299; x_wconf 88' lang='lat' dir='ltr'><strong>Sacer-</strong></span> 
     </span>
    </p>
   </div>
   <div class='ocr_carea' id='block_1_64' title="bbox 508 3331 2114 3403">
    <p class='ocr_par' dir='ltr' id='par_1_64' title="bbox 508 3331 2114 3403">
     <span class='ocr_line' id='line_1_64' title="bbox 508 3331 2114 3403; baseline 0.002 -18"><span class='ocrx_word' id='word_1_453' title='bbox 508 3331 609 3386; x_wconf 90' lang='lat' dir='ltr'><strong>dos</strong></span> <span class='ocrx_word' id='word_1_454' title='bbox 626 3348 863 3403; x_wconf 90' lang='lat' dir='ltr'><strong>namque</strong></span> <span class='ocrx_word' id='word_1_455' title='bbox 885 3331 1203 3403; x_wconf 87' lang='lat' dir='ltr'><strong>ingrediens</strong></span> <span class='ocrx_word' id='word_1_456' title='bbox 1223 3331 1311 3387; x_wconf 91' lang='lat' dir='ltr'><strong>vel</strong></span> <span class='ocrx_word' id='word_1_457' title='bbox 1328 3332 1619 3403; x_wconf 84' lang='lat' dir='ltr'><strong>egrediens</strong></span> <span class='ocrx_word' id='word_1_458' title='bbox 1639 3333 1882 3399; x_wconf 90' lang='lat' dir='ltr'><strong>moritur,</strong></span> <span class='ocrx_word' id='word_1_459' title='bbox 1899 3332 1946 3388; x_wconf 91' lang='lat' dir='ltr'><strong>si</strong></span> <span class='ocrx_word' id='word_1_460' title='bbox 1965 3333 2035 3388; x_wconf 90' lang='lat' dir='ltr'><strong>de</strong></span> <span class='ocrx_word' id='word_1_461' title='bbox 2047 3349 2114 3388; x_wconf 89' lang='lat' dir='ltr'><strong>eo</strong></span> 
     </span>
    </p>
   </div>
   <div class='ocr_carea' id='block_1_65' title="bbox 510 3419 2114 3492">
    <p class='ocr_par' dir='ltr' id='par_1_65' title="bbox 510 3419 2114 3492">
     <span class='ocr_line' id='line_1_65' title="bbox 510 3419 2114 3492; baseline 0.001 -18"><span class='ocrx_word' id='word_1_462' title='bbox 510 3419 720 3474; x_wconf 82' lang='lat' dir='ltr'><strong>sonitus</strong></span> <span class='ocrx_word' id='word_1_463' title='bbox 740 3435 849 3475; x_wconf 92' lang='lat' dir='ltr'><strong>non</strong></span> <span class='ocrx_word' id='word_1_464' title='bbox 870 3419 1122 3476; x_wconf 89' lang='lat' dir='ltr'><strong>audiatur</strong></span> <span class='ocrx_word' id='word_1_465' title='bbox 1145 3438 1158 3474; x_wconf 94' lang='lat'>:</span> <span class='ocrx_word' id='word_1_466' title='bbox 1182 3420 1305 3492; x_wconf 88' lang='lat' dir='ltr'><strong>quia</strong></span> <span class='ocrx_word' id='word_1_467' title='bbox 1316 3419 1452 3475; x_wconf 90' lang='lat' dir='ltr'><strong>iram</strong></span> <span class='ocrx_word' id='word_1_468' title='bbox 1467 3428 1656 3477; x_wconf 90' lang='lat' dir='ltr'><strong>contra</strong></span> <span class='ocrx_word' id='word_1_469' title='bbox 1678 3437 1737 3477; x_wconf 92' lang='lat' dir='ltr'><strong>se</strong></span> <span class='ocrx_word' id='word_1_470' title='bbox 1757 3420 1951 3476; x_wconf 89' lang='lat' dir='ltr'><strong>occulti</strong></span> <span class='ocrx_word' id='word_1_471' title='bbox 1968 3420 2114 3475; x_wconf 89' lang='lat' dir='ltr'><strong>Judi-</strong></span> 
     </span>
    </p>
   </div>
   <div class='ocr_carea' id='block_1_66' title="bbox 506 3507 2113 3581">
    <p class='ocr_par' dir='ltr' id='par_1_66' title="bbox 506 3507 2113 3581">
     <span class='ocr_line' id='line_1_66' title="bbox 506 3507 2113 3581; baseline -0.001 -17"><span class='ocrx_word' id='word_1_472' title='bbox 506 3508 587 3564; x_wconf 88' lang='lat' dir='ltr'><strong>cis</strong></span> <span class='ocrx_word' id='word_1_473' title='bbox 607 3507 794 3581; x_wconf 90' lang='lat' dir='ltr'><strong>exigit,</strong></span> <span class='ocrx_word' id='word_1_474' title='bbox 819 3508 866 3563; x_wconf 89' lang='lat' dir='ltr'><strong>si</strong></span> <span class='ocrx_word' id='word_1_475' title='bbox 883 3508 1000 3564; x_wconf 91' lang='lat' dir='ltr'><strong>sine</strong></span> <span class='ocrx_word' id='word_1_476' title='bbox 1016 3508 1419 3580; x_wconf 84' lang='lat' dir='ltr'><strong>pradicationis</strong></span> <span class='ocrx_word' id='word_1_477' title='bbox 1436 3509 1614 3565; x_wconf 90' lang='lat' dir='ltr'><strong>sonitu</strong></span> <span class='ocrx_word' id='word_1_478' title='bbox 1626 3509 1843 3566; x_wconf 90' lang='lat' dir='ltr'><strong>incedit.</strong></span> <span class='ocrx_word' id='word_1_479' title='bbox 1870 3508 2006 3579; x_wconf 89' lang='lat' dir='ltr'><strong>Quia</strong></span> <span class='ocrx_word' id='word_1_480' title='bbox 2017 3508 2113 3581; x_wconf 90' lang='lat' dir='ltr'><strong>igi-</strong></span> 
     </span>
    </p>
   </div>
   <div class='ocr_carea' id='block_1_67' title="bbox 507 3595 2106 3672">
    <p class='ocr_par' dir='ltr' id='par_1_67' title="bbox 507 3595 2106 3672">
     <span class='ocr_line' id='line_1_67' title="bbox 507 3595 2106 3672; baseline 0.003 -21"><span class='ocrx_word' id='word_1_481' title='bbox 507 3603 598 3651; x_wconf 88' lang='lat' dir='ltr'><strong>tur</strong></span> <span class='ocrx_word' id='word_1_482' title='bbox 617 3595 856 3651; x_wconf 87' lang='lat' dir='ltr'><strong>futurum</strong></span> <span class='ocrx_word' id='word_1_483' title='bbox 873 3605 1008 3663; x_wconf 90' lang='lat' dir='ltr'><strong>erat,</strong></span> <span class='ocrx_word' id='word_1_484' title='bbox 1030 3604 1087 3651; x_wconf 91' lang='lat' dir='ltr'><strong>ut</strong></span> <span class='ocrx_word' id='word_1_485' title='bbox 1100 3613 1314 3654; x_wconf 90' lang='lat' dir='ltr'><strong>summo</strong></span> <span class='ocrx_word' id='word_1_486' title='bbox 1331 3597 1578 3653; x_wconf 87' lang='lat' dir='ltr'><strong>ecclesia</strong></span> <span class='ocrx_word' id='word_1_487' title='bbox 1589 3599 1767 3672; x_wconf 88' lang='lat' dir='ltr'><strong>gradu</strong></span> <span class='ocrx_word' id='word_1_488' title='bbox 1783 3613 2106 3668; x_wconf 86' lang='lat' dir='ltr'><strong>conscenso,</strong></span> 
     </span>
    </p>
   </div>
   <div class='ocr_carea' id='block_1_68' title="bbox 510 3684 2112 3758">
    <p class='ocr_par' dir='ltr' id='par_1_68' title="bbox 510 3684 2112 3758">
     <span class='ocr_line' id='line_1_68' title="bbox 510 3684 2112 3758; baseline 0.001 -18"><span class='ocrx_word' id='word_1_489' title='bbox 510 3684 598 3740; x_wconf 88' lang='lat' dir='ltr'><strong>vir</strong></span> <span class='ocrx_word' id='word_1_490' title='bbox 644 3684 865 3741; x_wconf 92' lang='lat' dir='ltr'><strong>Domini</strong></span> <span class='ocrx_word' id='word_1_491' title='bbox 911 3686 1247 3741; x_wconf 89' lang='lat' dir='ltr'><strong>ornamentis</strong></span> <span class='ocrx_word' id='word_1_492' title='bbox 1305 3686 1671 3758; x_wconf 89' lang='lat' dir='ltr'><strong>spiritualibus</strong></span> <span class='ocrx_word' id='word_1_493' title='bbox 1719 3687 1995 3754; x_wconf 90' lang='lat' dir='ltr'><strong>eniteret;</strong></span> <span class='ocrx_word' id='word_1_494' title='bbox 2052 3694 2112 3743; x_wconf 92' lang='lat' dir='ltr'><strong>ut</strong></span> 
     </span>
    </p>
   </div>
   <div class='ocr_carea' id='block_1_69' title="bbox 515 3772 2108 3847">
    <p class='ocr_par' dir='ltr' id='par_1_69' title="bbox 515 3772 2108 3847">
     <span class='ocr_line' id='line_1_69' title="bbox 515 3772 2108 3847; baseline 0.002 -19"><span class='ocrx_word' id='word_1_495' title='bbox 515 3772 681 3828; x_wconf 88' lang='lat' dir='ltr'><strong>etiam</strong></span> <span class='ocrx_word' id='word_1_496' title='bbox 707 3773 1112 3844; x_wconf 75' lang='lat' dir='ltr'><strong>praedicationis</strong></span> <span class='ocrx_word' id='word_1_497' title='bbox 1140 3772 1377 3831; x_wconf 77' lang='lat' dir='ltr'><strong>oﬁicium</strong></span> <span class='ocrx_word' id='word_1_498' title='bbox 1411 3774 1699 3847; x_wconf 86' lang='lat' dir='ltr'><strong>insigniter</strong></span> <span class='ocrx_word' id='word_1_499' title='bbox 1744 3774 1925 3847; x_wconf 87' lang='lat' dir='ltr'><strong>egisse</strong></span> <span class='ocrx_word' id='word_1_500' title='bbox 1971 3790 2108 3846; x_wconf 83' lang='lat' dir='ltr'><strong>pro-</strong></span> 
     </span>
    </p>
   </div>
   <div class='ocr_carea' id='block_1_70' title="bbox 502 3861 2109 3935">
    <p class='ocr_par' dir='ltr' id='par_1_70' title="bbox 502 3861 2109 3935">
     <span class='ocr_line' id='line_1_70' title="bbox 502 3861 2109 3935; baseline 0.002 -19"><span class='ocrx_word' id='word_1_501' title='bbox 502 3868 747 3927; x_wconf 85' lang='lat' dir='ltr'><strong>baretur,</strong></span> <span class='ocrx_word' id='word_1_502' title='bbox 809 3869 959 3918; x_wconf 90' lang='lat' dir='ltr'><strong>recte</strong></span> <span class='ocrx_word' id='word_1_503' title='bbox 1013 3861 1070 3916; x_wconf 91' lang='lat' dir='ltr'><strong>in</strong></span> <span class='ocrx_word' id='word_1_504' title='bbox 1124 3861 1345 3935; x_wconf 88' lang='lat' dir='ltr'><strong>fastigio</strong></span> <span class='ocrx_word' id='word_1_505' title='bbox 1393 3862 1599 3933; x_wconf 91' lang='lat' dir='ltr'><strong>templi,</strong></span> <span class='ocrx_word' id='word_1_506' title='bbox 1652 3864 1798 3935; x_wconf 92' lang='lat' dir='ltr'><strong>quod</strong></span> <span class='ocrx_word' id='word_1_507' title='bbox 1841 3862 2109 3935; x_wconf 73' lang='lat' dir='ltr'><strong>significat</strong></span> 
     </span>
    </p>
   </div>
   <div class='ocr_carea' id='block_1_71' title="bbox 503 3949 2108 4022">
    <p class='ocr_par' dir='ltr' id='par_1_71' title="bbox 503 3949 2108 4022">
     <span class='ocr_line' id='line_1_71' title="bbox 503 3949 2108 4022; baseline 0.001 -17"><span class='ocrx_word' id='word_1_508' title='bbox 503 3949 719 4022; x_wconf 89' lang='lat' dir='ltr'><strong>apicem</strong></span> <span class='ocrx_word' id='word_1_509' title='bbox 777 3949 1161 4022; x_wconf 88' lang='lat' dir='ltr'><strong>pontiﬁcalem,</strong></span> <span class='ocrx_word' id='word_1_510' title='bbox 1211 3966 1336 4008; x_wconf 92' lang='lat' dir='ltr'><strong>cum</strong></span> <span class='ocrx_word' id='word_1_511' title='bbox 1380 3952 1642 4008; x_wconf 85' lang='lat' dir='ltr'><strong>doctrina</strong></span> <span class='ocrx_word' id='word_1_512' title='bbox 1682 3952 2005 4008; x_wconf 90' lang='lat' dir='ltr'><strong>suavissimo</strong></span> <span class='ocrx_word' id='word_1_513' title='bbox 2053 3960 2108 4009; x_wconf 92' lang='lat' dir='ltr'><strong>et</strong></span> 
     </span>
    </p>
   </div>
   <div class='ocr_carea' id='block_1_72' title="bbox 440 4038 2105 4118">
    <p class='ocr_par' dir='ltr' id='par_1_72' title="bbox 440 4038 2105 4118">
     <span class='ocr_line' id='line_1_72' title="bbox 440 4038 2105 4118; baseline 0.001 -23"><span class='ocrx_word' id='word_1_514' title='bbox 440 4112 447 4118; x_wconf 28' lang='lat'><strong><em>.</em></strong></span> <span class='ocrx_word' id='word_1_515' title='bbox 499 4038 713 4095; x_wconf 84' lang='lat' dir='ltr'><strong>calitus</strong></span> <span class='ocrx_word' id='word_1_516' title='bbox 765 4046 994 4097; x_wconf 87' lang='lat' dir='ltr'><strong>attracto</strong></span> <span class='ocrx_word' id='word_1_517' title='bbox 1049 4039 1229 4096; x_wconf 89' lang='lat' dir='ltr'><strong>sonitu</strong></span> <span class='ocrx_word' id='word_1_518' title='bbox 1286 4041 1355 4096; x_wconf 91' lang='lat' dir='ltr'><strong>ad</strong></span> <span class='ocrx_word' id='word_1_519' title='bbox 1412 4042 1823 4098; x_wconf 88' lang='lat' dir='ltr'><strong>convocandam</strong></span> <span class='ocrx_word' id='word_1_520' title='bbox 1887 4041 2105 4097; x_wconf 87' lang='lat' dir='ltr'><strong>servitio</strong></span> 
     </span>
    </p>
   </div>
   <div class='ocr_carea' id='block_1_73' title="bbox 502 4128 2104 4201">
    <p class='ocr_par' dir='ltr' id='par_1_73' title="bbox 502 4128 2104 4201">
     <span class='ocr_line' id='line_1_73' title="bbox 502 4128 2104 4201; baseline 0.002 -18"><span class='ocrx_word' id='word_1_521' title='bbox 502 4128 685 4185; x_wconf 91' lang='lat' dir='ltr'><strong>divino</strong></span> <span class='ocrx_word' id='word_1_522' title='bbox 716 4144 927 4186; x_wconf 84' lang='lat' dir='ltr'><strong>sacram</strong></span> <span class='ocrx_word' id='word_1_523' title='bbox 948 4128 1146 4186; x_wconf 90' lang='lat' dir='ltr'><strong>Christi</strong></span> <span class='ocrx_word' id='word_1_524' title='bbox 1170 4129 1389 4201; x_wconf 89' lang='lat' dir='ltr'><strong>plebem</strong></span> <span class='ocrx_word' id='word_1_525' title='bbox 1410 4130 1644 4186; x_wconf 91' lang='lat' dir='ltr'><strong>sedisset</strong></span> <span class='ocrx_word' id='word_1_526' title='bbox 1665 4130 1967 4186; x_wconf 89' lang='lat' dir='ltr'><strong>videbatur.</strong></span> <span class='ocrx_word' id='word_1_527' title='bbox 1989 4132 2104 4187; x_wconf 90' lang='lat' dir='ltr'><strong>Hoc</strong></span> 
     </span>
    </p>
   </div>
   <div class='ocr_carea' id='block_1_74' title="bbox 504 4216 2105 4291">
    <p class='ocr_par' dir='ltr' id='par_1_74' title="bbox 504 4216 2105 4291">
     <span class='ocr_line' id='line_1_74' title="bbox 504 4216 2105 4291; baseline 0.001 -18"><span class='ocrx_word' id='word_1_528' title='bbox 504 4216 650 4273; x_wconf 87' lang='lat' dir='ltr'><strong>enim</strong></span> <span class='ocrx_word' id='word_1_529' title='bbox 682 4217 738 4272; x_wconf 91' lang='lat' dir='ltr'><strong>in</strong></span> <span class='ocrx_word' id='word_1_530' title='bbox 765 4218 924 4289; x_wconf 90' lang='lat' dir='ltr'><strong>hujus</strong></span> <span class='ocrx_word' id='word_1_531' title='bbox 957 4219 1270 4275; x_wconf 91' lang='lat' dir='ltr'><strong>ostensione</strong></span> <span class='ocrx_word' id='word_1_532' title='bbox 1298 4219 1523 4275; x_wconf 90' lang='lat' dir='ltr'><strong>visionis</strong></span> <span class='ocrx_word' id='word_1_533' title='bbox 1547 4235 1849 4291; x_wconf 90' lang='lat' dir='ltr'><strong>personans</strong></span> <span class='ocrx_word' id='word_1_534' title='bbox 1879 4227 2105 4275; x_wconf 90' lang='lat' dir='ltr'><strong>attractu</strong></span> 
     </span>
    </p>
   </div>
   <div class='ocr_carea' id='block_1_75' title="bbox 504 4304 2101 4380">
    <p class='ocr_par' dir='ltr' id='par_1_75' title="bbox 504 4304 2101 4380">
     <span class='ocr_line' id='line_1_75' title="bbox 504 4304 2101 4380; baseline 0.003 -22"><span class='ocrx_word' id='word_1_535' title='bbox 504 4304 619 4374; x_wconf 90' lang='lat' dir='ltr'><strong>ejus</strong></span> <span class='ocrx_word' id='word_1_536' title='bbox 650 4306 867 4379; x_wconf 89' lang='lat' dir='ltr'><strong>signum</strong></span> <span class='ocrx_word' id='word_1_537' title='bbox 897 4306 1120 4363; x_wconf 83' lang='lat' dir='ltr'><strong>caeleste</strong></span> <span class='ocrx_word' id='word_1_538' title='bbox 1152 4305 1461 4378; x_wconf 84' lang='lat' dir='ltr'><strong>signiﬁcare</strong></span> <span class='ocrx_word' id='word_1_539' title='bbox 1481 4315 1682 4379; x_wconf 90' lang='lat' dir='ltr'><strong>potest,</strong></span> <span class='ocrx_word' id='word_1_540' title='bbox 1702 4308 1847 4380; x_wconf 92' lang='lat' dir='ltr'><strong>quod</strong></span> <span class='ocrx_word' id='word_1_541' title='bbox 1867 4308 1923 4362; x_wconf 91' lang='lat' dir='ltr'><strong>in</strong></span> <span class='ocrx_word' id='word_1_542' title='bbox 1951 4315 2101 4363; x_wconf 90' lang='lat' dir='ltr'><strong>veste</strong></span> 
     </span>
    </p>
   </div>
   <div class='ocr_carea' id='block_1_76' title="bbox 501 4394 2099 4466">
    <p class='ocr_par' dir='ltr' id='par_1_76' title="bbox 501 4394 2099 4466">
     <span class='ocr_line' id='line_1_76' title="bbox 501 4394 2099 4466; baseline 0.003 -19"><span class='ocrx_word' id='word_1_543' title='bbox 501 4394 776 4465; x_wconf 75' lang='lat' dir='ltr'><strong>pontificis</strong></span> <span class='ocrx_word' id='word_1_544' title='bbox 807 4396 1162 4451; x_wconf 89' lang='lat' dir='ltr'><strong>tintinnabula</strong></span> <span class='ocrx_word' id='word_1_545' title='bbox 1193 4404 1497 4450; x_wconf 88' lang='lat' dir='ltr'><strong>monstrare</strong></span> <span class='ocrx_word' id='word_1_546' title='bbox 1542 4397 1861 4466; x_wconf 88' lang='lat' dir='ltr'><strong>probantur.</strong></span> <span class='ocrx_word' id='word_1_547' title='bbox 1906 4396 2099 4465; x_wconf 88' lang='lat' dir='ltr'><strong>Quali-</strong></span> 
     </span>
    </p>
   </div>
   <div class='ocr_carea' id='block_1_77' title="bbox 506 4483 2096 4557">
    <p class='ocr_par' dir='ltr' id='par_1_77' title="bbox 506 4483 2096 4557">
     <span class='ocr_line' id='line_1_77' title="bbox 506 4483 2096 4557; baseline 0.003 -22"><span class='ocrx_word' id='word_1_548' title='bbox 506 4489 589 4536; x_wconf 88' lang='lat' dir='ltr'><strong>ter</strong></span> <span class='ocrx_word' id='word_1_549' title='bbox 617 4483 777 4537; x_wconf 90' lang='lat' dir='ltr'><strong>etiam</strong></span> <span class='ocrx_word' id='word_1_550' title='bbox 806 4492 1021 4548; x_wconf 70' lang='lat' dir='ltr'><strong>caetera,</strong></span> <span class='ocrx_word' id='word_1_551' title='bbox 1057 4500 1177 4555; x_wconf 87' lang='lat' dir='ltr'><strong>qua</strong></span> <span class='ocrx_word' id='word_1_552' title='bbox 1206 4484 1274 4537; x_wconf 94' lang='lat' dir='ltr'><strong>de</strong></span> <span class='ocrx_word' id='word_1_553' title='bbox 1305 4484 1580 4554; x_wconf 87' lang='lat' dir='ltr'><strong>Scriptura</strong></span> <span class='ocrx_word' id='word_1_554' title='bbox 1612 4501 1762 4540; x_wconf 91' lang='lat' dir='ltr'><strong>sacra</strong></span> <span class='ocrx_word' id='word_1_555' title='bbox 1809 4486 2096 4557; x_wconf 89' lang='lat' dir='ltr'><strong>proposui-</strong></span> 
     </span>
    </p>
   </div>
   <div class='ocr_carea' id='block_1_78' title="bbox 501 4570 2099 4644">
    <p class='ocr_par' dir='ltr' id='par_1_78' title="bbox 501 4570 2099 4644">
     <span class='ocr_line' id='line_1_78' title="bbox 501 4570 2099 4644; baseline 0.003 -20"><span class='ocrx_word' id='word_1_556' title='bbox 501 4586 643 4638; x_wconf 90' lang='lat' dir='ltr'><strong>mus,</strong></span> <span class='ocrx_word' id='word_1_557' title='bbox 678 4571 1026 4626; x_wconf 88' lang='lat' dir='ltr'><strong>sacerdotalis</strong></span> <span class='ocrx_word' id='word_1_558' title='bbox 1054 4570 1272 4625; x_wconf 90' lang='lat' dir='ltr'><strong>habitus</strong></span> <span class='ocrx_word' id='word_1_559' title='bbox 1302 4581 1621 4627; x_wconf 90' lang='lat' dir='ltr'><strong>ornamenta</strong></span> <span class='ocrx_word' id='word_1_560' title='bbox 1652 4574 2001 4644; x_wconf 89' lang='lat' dir='ltr'><strong>spiritualiter</strong></span> <span class='ocrx_word' id='word_1_561' title='bbox 2044 4576 2099 4629; x_wconf 92' lang='lat' dir='ltr'><strong>in</strong></span> 
     </span>
    </p>
   </div>
   <div class='ocr_carea' id='block_1_79' title="bbox 503 4658 2100 4731">
    <p class='ocr_par' dir='ltr' id='par_1_79' title="bbox 503 4658 2100 4731">
     <span class='ocr_line' id='line_1_79' title="bbox 503 4658 2100 4731; baseline 0.002 -17"><span class='ocrx_word' id='word_1_562' title='bbox 503 4673 627 4714; x_wconf 90' lang='lat' dir='ltr'><strong>sese</strong></span> <span class='ocrx_word' id='word_1_563' title='bbox 658 4675 878 4730; x_wconf 91' lang='lat' dir='ltr'><strong>semper</strong></span> <span class='ocrx_word' id='word_1_564' title='bbox 908 4658 1231 4725; x_wconf 84' lang='lat' dir='ltr'><strong>exhibuerit,</strong></span> <span class='ocrx_word' id='word_1_565' title='bbox 1266 4659 1333 4714; x_wconf 91' lang='lat' dir='ltr'><strong>ad</strong></span> <span class='ocrx_word' id='word_1_566' title='bbox 1361 4659 1668 4731; x_wconf 88' lang='lat' dir='ltr'><strong>profectum</strong></span> <span class='ocrx_word' id='word_1_567' title='bbox 1704 4662 1865 4717; x_wconf 90' lang='lat' dir='ltr'><strong>simul</strong></span> <span class='ocrx_word' id='word_1_568' title='bbox 1894 4671 1945 4717; x_wconf 91' lang='lat' dir='ltr'><strong>et</strong></span> <span class='ocrx_word' id='word_1_569' title='bbox 1973 4663 2100 4717; x_wconf 90' lang='lat' dir='ltr'><strong>imi-</strong></span> 
     </span>
    </p>
   </div>
   <div class='ocr_carea' id='block_1_80' title="bbox 499 4748 2103 4821">
    <p class='ocr_par' dir='ltr' id='par_1_80' title="bbox 499 4748 2103 4821">
     <span class='ocr_line' id='line_1_80' title="bbox 499 4748 2103 4821; baseline 0.003 -20"><span class='ocrx_word' id='word_1_570' title='bbox 499 4748 760 4803; x_wconf 90' lang='lat' dir='ltr'><strong>tationem</strong></span> <span class='ocrx_word' id='word_1_571' title='bbox 814 4748 1120 4821; x_wconf 88' lang='lat' dir='ltr'><strong>legentibus</strong></span> <span class='ocrx_word' id='word_1_572' title='bbox 1179 4764 1454 4819; x_wconf 86' lang='lat' dir='ltr'><strong>exponere</strong></span> <span class='ocrx_word' id='word_1_573' title='bbox 1504 4750 1887 4818; x_wconf 87' lang='lat' dir='ltr'><strong>judicavimus.</strong></span> <span class='ocrx_word' id='word_1_574' title='bbox 1946 4751 2103 4806; x_wconf 89' lang='lat' dir='ltr'><strong>Malis</strong></span> 
     </span>
    </p>
   </div>
   <div class='ocr_carea' id='block_1_81' title="bbox 487 4831 2103 4909">
    <p class='ocr_par' dir='ltr' id='par_1_81' title="bbox 487 4831 2103 4909">
     <span class='ocr_line' id='line_1_81' title="bbox 487 4831 2103 4909; baseline 0.004 -20"><span class='ocrx_word' id='word_1_575' title='bbox 487 4831 687 4907; x_wconf 58' lang='lat' dir='ltr'><strong>&#39;utique</strong></span> <span class='ocrx_word' id='word_1_576' title='bbox 738 4836 954 4891; x_wconf 91' lang='lat' dir='ltr'><strong>Punicis</strong></span> <span class='ocrx_word' id='word_1_577' title='bbox 1000 4836 1267 4905; x_wconf 89' lang='lat' dir='ltr'><strong>utebatur,</strong></span> <span class='ocrx_word' id='word_1_578' title='bbox 1319 4837 1375 4892; x_wconf 90' lang='lat' dir='ltr'><strong>in</strong></span> <span class='ocrx_word' id='word_1_579' title='bbox 1423 4838 1618 4909; x_wconf 90' lang='lat' dir='ltr'><strong>quibus</strong></span> <span class='ocrx_word' id='word_1_580' title='bbox 1661 4840 1829 4895; x_wconf 90' lang='lat' dir='ltr'><strong>multa</strong></span> <span class='ocrx_word' id='word_1_581' title='bbox 1878 4839 2103 4895; x_wconf 90' lang='lat' dir='ltr'><strong>interius</strong></span> 
     </span>
    </p>
   </div>
   <div class='ocr_carea' id='block_1_82' title="bbox 502 4923 2103 5001">
    <p class='ocr_par' dir='ltr' id='par_1_82' title="bbox 502 4923 2103 5001">
     <span class='ocr_line' id='line_1_82' title="bbox 502 4923 2103 5001; baseline 0.005 -25"><span class='ocrx_word' id='word_1_582' title='bbox 502 4937 675 4994; x_wconf 85' lang='lat' dir='ltr'><strong>grana</strong></span> <span class='ocrx_word' id='word_1_583' title='bbox 705 4939 814 4979; x_wconf 92' lang='lat' dir='ltr'><strong>uno</strong></span> <span class='ocrx_word' id='word_1_584' title='bbox 844 4923 978 4979; x_wconf 85' lang='lat' dir='ltr'><strong>foris</strong></span> <span class='ocrx_word' id='word_1_585' title='bbox 1008 4925 1212 4981; x_wconf 89' lang='lat' dir='ltr'><strong>cortice</strong></span> <span class='ocrx_word' id='word_1_586' title='bbox 1242 4934 1496 4999; x_wconf 89' lang='lat' dir='ltr'><strong>teguntur</strong></span> <span class='ocrx_word' id='word_1_587' title='bbox 1528 4945 1541 4982; x_wconf 86' lang='lat'><strong>:</strong></span> <span class='ocrx_word' id='word_1_588' title='bbox 1575 4928 1703 5000; x_wconf 89' lang='lat' dir='ltr'><strong>quia</strong></span> <span class='ocrx_word' id='word_1_589' title='bbox 1737 4929 1854 4999; x_wconf 91' lang='lat' dir='ltr'><strong>ipse</strong></span> <span class='ocrx_word' id='word_1_590' title='bbox 1884 4944 2103 5001; x_wconf 91' lang='lat' dir='ltr'><strong>semper</strong></span> 
     </span>
    </p>
   </div>
   <div class='ocr_carea' id='block_1_83' title="bbox 503 5011 2101 5087">
    <p class='ocr_par' dir='ltr' id='par_1_83' title="bbox 503 5011 2101 5087">
     <span class='ocr_line' id='line_1_83' title="bbox 503 5011 2101 5087; baseline 0.006 -21"><span class='ocrx_word' id='word_1_591' title='bbox 503 5011 856 5067; x_wconf 87' lang='lat' dir='ltr'><strong>multifariam</strong></span> <span class='ocrx_word' id='word_1_592' title='bbox 910 5013 1162 5068; x_wconf 88' lang='lat' dir='ltr'><strong>virtutum</strong></span> <span class='ocrx_word' id='word_1_593' title='bbox 1227 5016 1598 5087; x_wconf 89' lang='lat' dir='ltr'><strong>operationem</strong></span> <span class='ocrx_word' id='word_1_594' title='bbox 1656 5033 1764 5072; x_wconf 92' lang='lat' dir='ltr'><strong>uno</strong></span> <span class='ocrx_word' id='word_1_595' title='bbox 1827 5018 2101 5075; x_wconf 87' lang='lat' dir='ltr'><strong>charitatis</strong></span> 
     </span>
    </p>
   </div>
   <div class='ocr_carea' id='block_1_84' title="bbox 497 5100 2099 5178">
    <p class='ocr_par' dir='ltr' id='par_1_84' title="bbox 497 5100 2099 5178">
     <span class='ocr_line' id='line_1_84' title="bbox 497 5100 2099 5178; baseline 0.006 -23"><span class='ocrx_word' id='word_1_596' title='bbox 497 5100 796 5156; x_wconf 86' lang='lat' dir='ltr'><strong>munimine</strong></span> <span class='ocrx_word' id='word_1_597' title='bbox 851 5102 1317 5174; x_wconf 88' lang='lat' dir='ltr'><strong>undiqueversum</strong></span> <span class='ocrx_word' id='word_1_598' title='bbox 1381 5113 1579 5161; x_wconf 87' lang='lat' dir='ltr'><strong>tectam</strong></span> <span class='ocrx_word' id='word_1_599' title='bbox 1635 5106 1907 5178; x_wconf 88' lang='lat' dir='ltr'><strong>gestabat.</strong></span> <span class='ocrx_word' id='word_1_600' title='bbox 1969 5108 2099 5164; x_wconf 86' lang='lat' dir='ltr'><strong>Hac</strong></span> 
     </span>
    </p>
   </div>
   <div class='ocr_carea' id='block_1_85' title="bbox 501 5188 2098 5267">
    <p class='ocr_par' dir='ltr' id='par_1_85' title="bbox 501 5188 2098 5267">
     <span class='ocr_line' id='line_1_85' title="bbox 501 5188 2098 5267; baseline 0.006 -23"><span class='ocrx_word' id='word_1_601' title='bbox 501 5195 683 5244; x_wconf 86' lang='lat' dir='ltr'><strong>autem</strong></span> <span class='ocrx_word' id='word_1_602' title='bbox 710 5188 855 5243; x_wconf 90' lang='lat' dir='ltr'><strong>mala</strong></span> <span class='ocrx_word' id='word_1_603' title='bbox 884 5189 1088 5247; x_wconf 88' lang='lat' dir='ltr'><strong>Punica</strong></span> <span class='ocrx_word' id='word_1_604' title='bbox 1113 5209 1177 5248; x_wconf 86' lang='lat' dir='ltr'><strong>ex</strong></span> <span class='ocrx_word' id='word_1_605' title='bbox 1209 5209 1452 5265; x_wconf 88' lang='lat' dir='ltr'><strong>purpura</strong></span> <span class='ocrx_word' id='word_1_606' title='bbox 1474 5202 1527 5249; x_wconf 92' lang='lat' dir='ltr'><strong>et</strong></span> <span class='ocrx_word' id='word_1_607' title='bbox 1547 5194 1840 5267; x_wconf 84' lang='lat' dir='ltr'><strong>hyacintho</strong></span> <span class='ocrx_word' id='word_1_608' title='bbox 1861 5204 1914 5251; x_wconf 91' lang='lat' dir='ltr'><strong>et</strong></span> <span class='ocrx_word' id='word_1_609' title='bbox 1932 5211 2098 5253; x_wconf 90' lang='lat' dir='ltr'><strong>cocco</strong></span> 
     </span>
    </p>
   </div>
   <div class='ocr_carea' id='block_1_86' title="bbox 494 5276 2097 5355">
    <p class='ocr_par' dir='ltr' id='par_1_86' title="bbox 494 5276 2097 5355">
     <span class='ocr_line' id='line_1_86' title="bbox 494 5276 2097 5355; baseline 0.007 -24"><span class='ocrx_word' id='word_1_610' title='bbox 494 5276 580 5331; x_wconf 92' lang='lat' dir='ltr'><strong>bis</strong></span> <span class='ocrx_word' id='word_1_611' title='bbox 634 5276 800 5333; x_wconf 90' lang='lat' dir='ltr'><strong>tincto</strong></span> <span class='ocrx_word' id='word_1_612' title='bbox 844 5286 897 5333; x_wconf 92' lang='lat' dir='ltr'><strong>et</strong></span> <span class='ocrx_word' id='word_1_613' title='bbox 941 5279 1107 5352; x_wconf 82' lang='lat' dir='ltr'><strong>bysso</strong></span> <span class='ocrx_word' id='word_1_614' title='bbox 1149 5290 1355 5338; x_wconf 89' lang='lat' dir='ltr'><strong>retorta</strong></span> <span class='ocrx_word' id='word_1_615' title='bbox 1399 5292 1568 5353; x_wconf 88' lang='lat' dir='ltr'><strong>erant,</strong></span> <span class='ocrx_word' id='word_1_616' title='bbox 1616 5301 1736 5355; x_wconf 86' lang='lat' dir='ltr'><strong>qua</strong></span> <span class='ocrx_word' id='word_1_617' title='bbox 1779 5294 1973 5342; x_wconf 84' lang='lat' dir='ltr'><strong>cuncta</strong></span> <span class='ocrx_word' id='word_1_618' title='bbox 2020 5286 2097 5342; x_wconf 89' lang='lat' dir='ltr'><strong>illi</strong></span> 
     </span>
    </p>
   </div>
   <div class='ocr_carea' id='block_1_87' title="bbox 497 5365 2097 5447">
    <p class='ocr_par' dir='ltr' id='par_1_87' title="bbox 497 5365 2097 5447">
     <span class='ocr_line' id='line_1_87' title="bbox 497 5365 2097 5447; baseline 0.008 -27"><span class='ocrx_word' id='word_1_619' title='bbox 497 5365 779 5437; x_wconf 90' lang='lat' dir='ltr'><strong>aptissime</strong></span> <span class='ocrx_word' id='word_1_620' title='bbox 808 5368 1157 5424; x_wconf 90' lang='lat' dir='ltr'><strong>conveniunt.</strong></span> <span class='ocrx_word' id='word_1_621' title='bbox 1188 5370 1350 5427; x_wconf 92' lang='lat' dir='ltr'><strong>Omni</strong></span> <span class='ocrx_word' id='word_1_622' title='bbox 1381 5372 1527 5427; x_wconf 92' lang='lat' dir='ltr'><strong>enim</strong></span> <span class='ocrx_word' id='word_1_623' title='bbox 1555 5371 1830 5431; x_wconf 86' lang='lat' dir='ltr'><strong>desiderio</strong></span> <span class='ocrx_word' id='word_1_624' title='bbox 1875 5390 2097 5447; x_wconf 91' lang='lat' dir='ltr'><strong>semper</strong></span> 
     </span>
    </p>
   </div>
   <div class='ocr_carea' id='block_1_88' title="bbox 2217 3153 3805 3225">
    <p class='ocr_par' dir='ltr' id='par_1_88' title="bbox 2217 3153 3805 3225">
     <span class='ocr_line' id='line_1_88' title="bbox 2217 3153 3805 3225; baseline 0.002 -19"><span class='ocrx_word' id='word_1_625' title='bbox 2217 3166 2360 3223; x_wconf 89' lang='lat' dir='ltr'><strong>pane</strong></span> <span class='ocrx_word' id='word_1_626' title='bbox 2391 3160 2444 3207; x_wconf 88' lang='lat' dir='ltr'><strong>et</strong></span> <span class='ocrx_word' id='word_1_627' title='bbox 2473 3153 2584 3208; x_wconf 90' lang='lat' dir='ltr'><strong>sale</strong></span> <span class='ocrx_word' id='word_1_628' title='bbox 2613 3160 2666 3208; x_wconf 92' lang='lat' dir='ltr'><strong>et</strong></span> <span class='ocrx_word' id='word_1_629' title='bbox 2694 3168 2835 3225; x_wconf 90' lang='lat' dir='ltr'><strong>aqua</strong></span> <span class='ocrx_word' id='word_1_630' title='bbox 2864 3161 3134 3222; x_wconf 87' lang='lat' dir='ltr'><strong>contenta,</strong></span> <span class='ocrx_word' id='word_1_631' title='bbox 3167 3169 3199 3208; x_wconf 89' lang='lat' dir='ltr'><strong>a</strong></span> <span class='ocrx_word' id='word_1_632' title='bbox 3227 3154 3438 3210; x_wconf 82' lang='lat' dir='ltr'><strong>cateris</strong></span> <span class='ocrx_word' id='word_1_633' title='bbox 3485 3154 3805 3211; x_wconf 88' lang='lat' dir='ltr'><strong>victualibus</strong></span> 
     </span>
    </p>
   </div>
   <div class='ocr_carea' id='block_1_89' title="bbox 2215 3239 3805 3315">
    <p class='ocr_par' dir='ltr' id='par_1_89' title="bbox 2215 3239 3805 3315">
     <span class='ocr_line' id='line_1_89' title="bbox 2215 3239 3805 3315; baseline 0.003 -21"><span class='ocrx_word' id='word_1_634' title='bbox 2215 3239 2597 3296; x_wconf 88' lang='lat' dir='ltr'><strong>abstinentiam</strong></span> <span class='ocrx_word' id='word_1_635' title='bbox 2654 3241 3014 3315; x_wconf 86' lang='lat' dir='ltr'><strong>quadraginta</strong></span> <span class='ocrx_word' id='word_1_636' title='bbox 3084 3241 3276 3297; x_wconf 91' lang='lat' dir='ltr'><strong>diebus</strong></span> <span class='ocrx_word' id='word_1_637' title='bbox 3329 3258 3426 3312; x_wconf 84' lang='lat' dir='ltr'><strong>pro</strong></span> <span class='ocrx_word' id='word_1_638' title='bbox 3480 3258 3569 3298; x_wconf 92' lang='lat' dir='ltr'><strong>me</strong></span> <span class='ocrx_word' id='word_1_639' title='bbox 3625 3242 3805 3298; x_wconf 80' lang='lat' dir='ltr'><strong>facere</strong></span> 
     </span>
    </p>
   </div>
   <div class='ocr_carea' id='block_1_90' title="bbox 2213 3328 3803 3401">
    <p class='ocr_par' dir='ltr' id='par_1_90' title="bbox 2213 3328 3803 3401">
     <span class='ocr_line' id='line_1_90' title="bbox 2213 3328 3803 3401; baseline 0.001 -17"><span class='ocrx_word' id='word_1_640' title='bbox 2213 3328 2393 3392; x_wconf 89' lang='lat' dir='ltr'><strong>vellet,</strong></span> <span class='ocrx_word' id='word_1_641' title='bbox 2427 3330 2709 3386; x_wconf 91' lang='lat' dir='ltr'><strong>crederem</strong></span> <span class='ocrx_word' id='word_1_642' title='bbox 2737 3346 2824 3386; x_wconf 91' lang='lat' dir='ltr'><strong>me</strong></span> <span class='ocrx_word' id='word_1_643' title='bbox 2853 3348 2952 3401; x_wconf 90' lang='lat' dir='ltr'><strong>per</strong></span> <span class='ocrx_word' id='word_1_644' title='bbox 2978 3331 3079 3386; x_wconf 92' lang='lat' dir='ltr'><strong>Dei</strong></span> <span class='ocrx_word' id='word_1_645' title='bbox 3097 3331 3527 3387; x_wconf 89' lang='lat' dir='ltr'><strong>misericordiam</strong></span> <span class='ocrx_word' id='word_1_646' title='bbox 3546 3331 3616 3386; x_wconf 88' lang='lat' dir='ltr'><strong>ab</strong></span> <span class='ocrx_word' id='word_1_647' title='bbox 3644 3332 3803 3401; x_wconf 89' lang='lat' dir='ltr'><strong>hujus</strong></span> 
     </span>
    </p>
   </div>
   <div class='ocr_carea' id='block_1_91' title="bbox 2212 3417 3801 3491">
    <p class='ocr_par' dir='ltr' id='par_1_91' title="bbox 2212 3417 3801 3491">
     <span class='ocr_line' id='line_1_91' title="bbox 2212 3417 3801 3491; baseline 0.003 -19"><span class='ocrx_word' id='word_1_648' title='bbox 2212 3417 2538 3488; x_wconf 89' lang='lat' dir='ltr'><strong>repulsionis</strong></span> <span class='ocrx_word' id='word_1_649' title='bbox 2567 3435 2703 3474; x_wconf 86' lang='lat' dir='ltr'><strong>mea</strong></span> <span class='ocrx_word' id='word_1_650' title='bbox 2751 3420 3016 3475; x_wconf 90' lang='lat' dir='ltr'><strong>sententia</strong></span> <span class='ocrx_word' id='word_1_651' title='bbox 3064 3436 3162 3475; x_wconf 91' lang='lat' dir='ltr'><strong>seu</strong></span> <span class='ocrx_word' id='word_1_652' title='bbox 3213 3435 3376 3491; x_wconf 78' lang='lat' dir='ltr'><strong>pana</strong></span> <span class='ocrx_word' id='word_1_653' title='bbox 3415 3420 3655 3476; x_wconf 88' lang='lat' dir='ltr'><strong>liberari.</strong></span> <span class='ocrx_word' id='word_1_654' title='bbox 3703 3420 3801 3476; x_wconf 87' lang='lat' dir='ltr'><strong>Cui</strong></span> 
     </span>
    </p>
   </div>
   <div class='ocr_carea' id='block_1_92' title="bbox 2211 3506 3798 3577">
    <p class='ocr_par' dir='ltr' id='par_1_92' title="bbox 2211 3506 3798 3577">
     <span class='ocr_line' id='line_1_92' title="bbox 2211 3506 3798 3577; baseline 0.002 -15"><span class='ocrx_word' id='word_1_655' title='bbox 2211 3522 2336 3562; x_wconf 92' lang='lat' dir='ltr'><strong>cum</strong></span> <span class='ocrx_word' id='word_1_656' title='bbox 2383 3506 2521 3577; x_wconf 89' lang='lat' dir='ltr'><strong>ipse,</strong></span> <span class='ocrx_word' id='word_1_657' title='bbox 2572 3514 2630 3562; x_wconf 90' lang='lat' dir='ltr'><strong>ut</strong></span> <span class='ocrx_word' id='word_1_658' title='bbox 2669 3508 2719 3563; x_wconf 90' lang='lat' dir='ltr'><strong>ei</strong></span> <span class='ocrx_word' id='word_1_659' title='bbox 2763 3508 3067 3576; x_wconf 89' lang='lat' dir='ltr'><strong>videbatur,</strong></span> <span class='ocrx_word' id='word_1_660' title='bbox 3118 3509 3191 3563; x_wconf 91' lang='lat' dir='ltr'><strong>ita</strong></span> <span class='ocrx_word' id='word_1_661' title='bbox 3245 3524 3304 3564; x_wconf 92' lang='lat' dir='ltr'><strong>se</strong></span> <span class='ocrx_word' id='word_1_662' title='bbox 3359 3507 3624 3564; x_wconf 83' lang='lat' dir='ltr'><strong>facturum</strong></span> <span class='ocrx_word' id='word_1_663' title='bbox 3677 3524 3798 3565; x_wconf 89' lang='lat' dir='ltr'><strong>esse</strong></span> 
     </span>
    </p>
   </div>
   <div class='ocr_carea' id='block_1_93' title="bbox 2211 3595 3800 3668">
    <p class='ocr_par' dir='ltr' id='par_1_93' title="bbox 2211 3595 3800 3668">
     <span class='ocr_line' id='line_1_93' title="bbox 2211 3595 3800 3668; baseline 0.003 -19"><span class='ocrx_word' id='word_1_664' title='bbox 2211 3595 2583 3665; x_wconf 89' lang='lat' dir='ltr'><strong>polliceretur,</strong></span> <span class='ocrx_word' id='word_1_665' title='bbox 2616 3596 3030 3668; x_wconf 81' lang='lat' dir='ltr'><strong>expergefactus</strong></span> <span class='ocrx_word' id='word_1_666' title='bbox 3059 3597 3129 3653; x_wconf 92' lang='lat' dir='ltr'><strong>de</strong></span> <span class='ocrx_word' id='word_1_667' title='bbox 3158 3613 3370 3664; x_wconf 90' lang='lat' dir='ltr'><strong>somno,</strong></span> <span class='ocrx_word' id='word_1_668' title='bbox 3415 3612 3542 3653; x_wconf 80' lang='lat' dir='ltr'><strong>mox</strong></span> <span class='ocrx_word' id='word_1_669' title='bbox 3581 3605 3642 3652; x_wconf 94' lang='lat' dir='ltr'><strong>ut</strong></span> <span class='ocrx_word' id='word_1_670' title='bbox 3679 3598 3800 3668; x_wconf 89' lang='lat' dir='ltr'><strong>epi-</strong></span> 
     </span>
    </p>
   </div>
   <div class='ocr_carea' id='block_1_94' title="bbox 2210 3683 3797 3757">
    <p class='ocr_par' dir='ltr' id='par_1_94' title="bbox 2210 3683 3797 3757">
     <span class='ocr_line' id='line_1_94' title="bbox 2210 3683 3797 3757; baseline 0.002 -19"><span class='ocrx_word' id='word_1_671' title='bbox 2210 3698 2437 3754; x_wconf 90' lang='lat' dir='ltr'><strong>scopum</strong></span> <span class='ocrx_word' id='word_1_672' title='bbox 2465 3683 2665 3756; x_wconf 90' lang='lat' dir='ltr'><strong>alloqui</strong></span> <span class='ocrx_word' id='word_1_673' title='bbox 2699 3685 2892 3755; x_wconf 89' lang='lat' dir='ltr'><strong>potuit,</strong></span> <span class='ocrx_word' id='word_1_674' title='bbox 2925 3685 3191 3741; x_wconf 89' lang='lat' dir='ltr'><strong>visionem</strong></span> <span class='ocrx_word' id='word_1_675' title='bbox 3210 3686 3260 3741; x_wconf 90' lang='lat' dir='ltr'><strong>ei</strong></span> <span class='ocrx_word' id='word_1_676' title='bbox 3277 3701 3494 3742; x_wconf 89' lang='lat' dir='ltr'><strong>omnem</strong></span> <span class='ocrx_word' id='word_1_677' title='bbox 3517 3686 3797 3757; x_wconf 81' lang='lat' dir='ltr'><strong>exposuit:</strong></span> 
     </span>
    </p>
   </div>
   <div class='ocr_carea' id='block_1_95' title="bbox 2209 3773 3799 3848">
    <p class='ocr_par' dir='ltr' id='par_1_95' title="bbox 2209 3773 3799 3848">
     <span class='ocr_line' id='line_1_95' title="bbox 2209 3773 3799 3848; baseline 0.002 -21"><span class='ocrx_word' id='word_1_678' title='bbox 2209 3779 2542 3843; x_wconf 89' lang='lat' dir='ltr'><strong>acceptoque</strong></span> <span class='ocrx_word' id='word_1_679' title='bbox 2570 3773 2637 3827; x_wconf 93' lang='lat' dir='ltr'><strong>ab</strong></span> <span class='ocrx_word' id='word_1_680' title='bbox 2668 3789 2735 3828; x_wconf 92' lang='lat' dir='ltr'><strong>eo</strong></span> <span class='ocrx_word' id='word_1_681' title='bbox 2764 3773 3010 3841; x_wconf 89' lang='lat' dir='ltr'><strong>consilio,</strong></span> <span class='ocrx_word' id='word_1_682' title='bbox 3044 3782 3155 3830; x_wconf 90' lang='lat' dir='ltr'><strong>toto</strong></span> <span class='ocrx_word' id='word_1_683' title='bbox 3198 3774 3562 3848; x_wconf 88' lang='lat' dir='ltr'><strong>quadraginta</strong></span> <span class='ocrx_word' id='word_1_684' title='bbox 3589 3775 3799 3830; x_wconf 86' lang='lat' dir='ltr'><strong>dierum</strong></span> 
     </span>
    </p>
   </div>
   <div class='ocr_carea' id='block_1_96' title="bbox 2209 3861 3801 3935">
    <p class='ocr_par' dir='ltr' id='par_1_96' title="bbox 2209 3861 3801 3935">
     <span class='ocr_line' id='line_1_96' title="bbox 2209 3861 3801 3935; baseline 0.003 -21"><span class='ocrx_word' id='word_1_685' title='bbox 2209 3861 2383 3931; x_wconf 90' lang='lat' dir='ltr'><strong>spatio</strong></span> <span class='ocrx_word' id='word_1_686' title='bbox 2413 3861 2561 3916; x_wconf 93' lang='lat' dir='ltr'><strong>nullo</strong></span> <span class='ocrx_word' id='word_1_687' title='bbox 2590 3861 2698 3917; x_wconf 91' lang='lat' dir='ltr'><strong>alio</strong></span> <span class='ocrx_word' id='word_1_688' title='bbox 2726 3862 2849 3918; x_wconf 89' lang='lat' dir='ltr'><strong>cibo</strong></span> <span class='ocrx_word' id='word_1_689' title='bbox 2878 3862 2965 3919; x_wconf 92' lang='lat' dir='ltr'><strong>vel</strong></span> <span class='ocrx_word' id='word_1_690' title='bbox 3003 3870 3134 3935; x_wconf 91' lang='lat' dir='ltr'><strong>potu</strong></span> <span class='ocrx_word' id='word_1_691' title='bbox 3181 3870 3264 3918; x_wconf 88' lang='lat' dir='ltr'><strong>est</strong></span> <span class='ocrx_word' id='word_1_692' title='bbox 3304 3879 3457 3933; x_wconf 91' lang='lat' dir='ltr'><strong>usus,</strong></span> <span class='ocrx_word' id='word_1_693' title='bbox 3508 3862 3616 3918; x_wconf 90' lang='lat' dir='ltr'><strong>nisi</strong></span> <span class='ocrx_word' id='word_1_694' title='bbox 3662 3878 3801 3935; x_wconf 87' lang='lat' dir='ltr'><strong>pane</strong></span> 
     </span>
    </p>
   </div>
   <div class='ocr_carea' id='block_1_97' title="bbox 2209 3951 3798 4023">
    <p class='ocr_par' dir='ltr' id='par_1_97' title="bbox 2209 3951 3798 4023">
     <span class='ocr_line' id='line_1_97' title="bbox 2209 3951 3798 4023; baseline 0.003 -20"><span class='ocrx_word' id='word_1_695' title='bbox 2209 3956 2410 4004; x_wconf 88' lang='lat' dir='ltr'><strong>tantum</strong></span> <span class='ocrx_word' id='word_1_696' title='bbox 2466 3958 2520 4005; x_wconf 91' lang='lat' dir='ltr'><strong>et</strong></span> <span class='ocrx_word' id='word_1_697' title='bbox 2572 3965 2733 4022; x_wconf 92' lang='lat' dir='ltr'><strong>aqua.</strong></span> <span class='ocrx_word' id='word_1_698' title='bbox 2790 3951 2998 4007; x_wconf 91' lang='lat' dir='ltr'><strong>Eodem</strong></span> <span class='ocrx_word' id='word_1_699' title='bbox 3056 3959 3299 4023; x_wconf 91' lang='lat' dir='ltr'><strong>tempore</strong></span> <span class='ocrx_word' id='word_1_700' title='bbox 3354 3957 3503 4007; x_wconf 89' lang='lat' dir='ltr'><strong>tanto</strong></span> <span class='ocrx_word' id='word_1_701' title='bbox 3559 3952 3798 4008; x_wconf 89' lang='lat' dir='ltr'><strong>dentium</strong></span> 
     </span>
    </p>
   </div>
   <div class='ocr_carea' id='block_1_98' title="bbox 2206 4037 3797 4112">
    <p class='ocr_par' dir='ltr' id='par_1_98' title="bbox 2206 4037 3797 4112">
     <span class='ocr_line' id='line_1_98' title="bbox 2206 4037 3797 4112; baseline 0.001 -20"><span class='ocrx_word' id='word_1_702' title='bbox 2206 4037 2396 4093; x_wconf 92' lang='lat' dir='ltr'><strong>dolore</strong></span> <span class='ocrx_word' id='word_1_703' title='bbox 2441 4038 2754 4107; x_wconf 87' lang='lat' dir='ltr'><strong>vexabatur,</strong></span> <span class='ocrx_word' id='word_1_704' title='bbox 2805 4048 2861 4094; x_wconf 94' lang='lat' dir='ltr'><strong>ut</strong></span> <span class='ocrx_word' id='word_1_705' title='bbox 2896 4039 3031 4111; x_wconf 91' lang='lat' dir='ltr'><strong>ipsis</strong></span> <span class='ocrx_word' id='word_1_706' title='bbox 3068 4040 3171 4095; x_wconf 90' lang='lat' dir='ltr'><strong>sibi</strong></span> <span class='ocrx_word' id='word_1_707' title='bbox 3207 4056 3403 4112; x_wconf 89' lang='lat' dir='ltr'><strong>panem</strong></span> <span class='ocrx_word' id='word_1_708' title='bbox 3441 4040 3512 4095; x_wconf 90' lang='lat' dir='ltr'><strong>ad</strong></span> <span class='ocrx_word' id='word_1_709' title='bbox 3550 4040 3797 4096; x_wconf 80' lang='lat' dir='ltr'><strong>reficien-</strong></span> 
     </span>
    </p>
   </div>
   <div class='ocr_carea' id='block_1_99' title="bbox 2205 4126 3802 4200">
    <p class='ocr_par' dir='ltr' id='par_1_99' title="bbox 2205 4126 3802 4200">
     <span class='ocr_line' id='line_1_99' title="bbox 2205 4126 3802 4200; baseline 0.002 -19"><span class='ocrx_word' id='word_1_710' title='bbox 2205 4126 2333 4181; x_wconf 88' lang='lat' dir='ltr'><strong>dum</strong></span> <span class='ocrx_word' id='word_1_711' title='bbox 2372 4128 2659 4183; x_wconf 90' lang='lat' dir='ltr'><strong>commotis</strong></span> <span class='ocrx_word' id='word_1_712' title='bbox 2717 4129 2986 4185; x_wconf 88' lang='lat' dir='ltr'><strong>sustinere</strong></span> <span class='ocrx_word' id='word_1_713' title='bbox 3012 4144 3123 4184; x_wconf 90' lang='lat' dir='ltr'><strong>non</strong></span> <span class='ocrx_word' id='word_1_714' title='bbox 3180 4137 3385 4200; x_wconf 91' lang='lat' dir='ltr'><strong>posset.</strong></span> <span class='ocrx_word' id='word_1_715' title='bbox 3436 4128 3802 4198; x_wconf 89' lang='lat' dir='ltr'><strong>Quamobrem</strong></span> 
     </span>
    </p>
   </div>
   <div class='ocr_carea' id='block_1_100' title="bbox 2203 4215 3799 4287">
    <p class='ocr_par' dir='ltr' id='par_1_100' title="bbox 2203 4215 3799 4287">
     <span class='ocr_line' id='line_1_100' title="bbox 2203 4215 3799 4287; baseline 0.003 -18"><span class='ocrx_word' id='word_1_716' title='bbox 2203 4215 2383 4286; x_wconf 90' lang='lat' dir='ltr'><strong>ipsum</strong></span> <span class='ocrx_word' id='word_1_717' title='bbox 2411 4231 2610 4287; x_wconf 89' lang='lat' dir='ltr'><strong>panem</strong></span> <span class='ocrx_word' id='word_1_718' title='bbox 2640 4217 3066 4273; x_wconf 88' lang='lat' dir='ltr'><strong>comminutatim</strong></span> <span class='ocrx_word' id='word_1_719' title='bbox 3109 4218 3354 4284; x_wconf 89' lang='lat' dir='ltr'><strong>terendo,</strong></span> <span class='ocrx_word' id='word_1_720' title='bbox 3410 4233 3508 4273; x_wconf 91' lang='lat' dir='ltr'><strong>seu</strong></span> <span class='ocrx_word' id='word_1_721' title='bbox 3552 4218 3799 4273; x_wconf 88' lang='lat' dir='ltr'><strong>manibus</strong></span> 
     </span>
    </p>
   </div>
   <div class='ocr_carea' id='block_1_101' title="bbox 2203 4301 3800 4378">
    <p class='ocr_par' dir='ltr' id='par_1_101' title="bbox 2203 4301 3800 4378">
     <span class='ocr_line' id='line_1_101' title="bbox 2203 4301 3800 4378; baseline 0.002 -19"><span class='ocrx_word' id='word_1_722' title='bbox 2203 4301 2551 4360; x_wconf 81' lang='lat' dir='ltr'><strong>confricanda</strong></span> <span class='ocrx_word' id='word_1_723' title='bbox 2606 4306 2663 4360; x_wconf 91' lang='lat' dir='ltr'><strong>in</strong></span> <span class='ocrx_word' id='word_1_724' title='bbox 2720 4305 2892 4377; x_wconf 89' lang='lat' dir='ltr'><strong>ipsam</strong></span> <span class='ocrx_word' id='word_1_725' title='bbox 2937 4321 3136 4378; x_wconf 89' lang='lat' dir='ltr'><strong>aquam</strong></span> <span class='ocrx_word' id='word_1_726' title='bbox 3185 4306 3590 4373; x_wconf 88' lang='lat' dir='ltr'><strong>commiscebat,</strong></span> <span class='ocrx_word' id='word_1_727' title='bbox 3644 4315 3697 4362; x_wconf 93' lang='lat' dir='ltr'><strong>et</strong></span> <span class='ocrx_word' id='word_1_728' title='bbox 3730 4306 3800 4362; x_wconf 88' lang='lat' dir='ltr'><strong>ad</strong></span> 
     </span>
    </p>
   </div>
   <div class='ocr_carea' id='block_1_102' title="bbox 2206 4386 3798 4467">
    <p class='ocr_par' dir='ltr' id='par_1_102' title="bbox 2206 4386 3798 4467">
     <span class='ocr_line' id='line_1_102' title="bbox 2206 4386 3798 4467; baseline 0.003 -21"><span class='ocrx_word' id='word_1_729' title='bbox 2206 4391 2453 4449; x_wconf 90' lang='lat' dir='ltr'><strong>levamen</strong></span> <span class='ocrx_word' id='word_1_730' title='bbox 2481 4395 2722 4450; x_wconf 90' lang='lat' dir='ltr'><strong>dentium</strong></span> <span class='ocrx_word' id='word_1_731' title='bbox 2754 4386 3156 4466; x_wconf 80' lang='lat' dir='ltr'><strong>quodammOdo</strong></span> <span class='ocrx_word' id='word_1_732' title='bbox 3199 4395 3371 4451; x_wconf 88' lang='lat' dir='ltr'><strong>instar</strong></span> <span class='ocrx_word' id='word_1_733' title='bbox 3417 4395 3582 4467; x_wconf 77' lang='lat' dir='ltr'><strong>pultis</strong></span> <span class='ocrx_word' id='word_1_734' title='bbox 3626 4395 3798 4452; x_wconf 88' lang='lat' dir='ltr'><strong>emol-</strong></span> 
     </span>
    </p>
   </div>
   <div class='ocr_carea' id='block_1_103' title="bbox 2212 4480 3801 4556">
    <p class='ocr_par' dir='ltr' id='par_1_103' title="bbox 2212 4480 3801 4556">
     <span class='ocr_line' id='line_1_103' title="bbox 2212 4480 3801 4556; baseline 0.003 -21"><span class='ocrx_word' id='word_1_735' title='bbox 2212 4480 2393 4537; x_wconf 91' lang='lat' dir='ltr'><strong>liebat.</strong></span> <span class='ocrx_word' id='word_1_736' title='bbox 2426 4485 2486 4537; x_wconf 89' lang='lat' dir='ltr'><strong>In</strong></span> <span class='ocrx_word' id='word_1_737' title='bbox 2517 4500 2624 4555; x_wconf 93' lang='lat' dir='ltr'><strong>quo</strong></span> <span class='ocrx_word' id='word_1_738' title='bbox 2654 4481 2815 4539; x_wconf 90' lang='lat' dir='ltr'><strong>etiam</strong></span> <span class='ocrx_word' id='word_1_739' title='bbox 2844 4484 2911 4539; x_wconf 88' lang='lat' dir='ltr'><strong>ad</strong></span> <span class='ocrx_word' id='word_1_740' title='bbox 2942 4492 3292 4556; x_wconf 81' lang='lat' dir='ltr'><strong>augmentum</strong></span> <span class='ocrx_word' id='word_1_741' title='bbox 3330 4484 3686 4552; x_wconf 84' lang='lat' dir='ltr'><strong>abstinentia,</strong></span> <span class='ocrx_word' id='word_1_742' title='bbox 3735 4499 3801 4539; x_wconf 90' lang='lat' dir='ltr'><strong>ea</strong></span> 
     </span>
    </p>
   </div>
   <div class='ocr_carea' id='block_1_104' title="bbox 2200 4571 3797 4645">
    <p class='ocr_par' dir='ltr' id='par_1_104' title="bbox 2200 4571 3797 4645">
     <span class='ocr_line' id='line_1_104' title="bbox 2200 4571 3797 4645; baseline 0.002 -21"><span class='ocrx_word' id='word_1_743' title='bbox 2200 4587 2321 4642; x_wconf 84' lang='lat' dir='ltr'><strong>qua</strong></span> <span class='ocrx_word' id='word_1_744' title='bbox 2352 4571 2408 4625; x_wconf 93' lang='lat' dir='ltr'><strong>in</strong></span> <span class='ocrx_word' id='word_1_745' title='bbox 2438 4572 2672 4643; x_wconf 91' lang='lat' dir='ltr'><strong>simplici</strong></span> <span class='ocrx_word' id='word_1_746' title='bbox 2700 4573 3018 4629; x_wconf 89' lang='lat' dir='ltr'><strong>decoctione</strong></span> <span class='ocrx_word' id='word_1_747' title='bbox 3047 4574 3203 4644; x_wconf 91' lang='lat' dir='ltr'><strong>panis</strong></span> <span class='ocrx_word' id='word_1_748' title='bbox 3225 4590 3347 4629; x_wconf 89' lang='lat' dir='ltr'><strong>esse</strong></span> <span class='ocrx_word' id='word_1_749' title='bbox 3369 4572 3797 4645; x_wconf 86' lang='lat' dir='ltr'><strong>possent,pluri-</strong></span> 
     </span>
    </p>
   </div>
   <div class='ocr_carea' id='block_1_105' title="bbox 2202 4659 3795 4730">
    <p class='ocr_par' dir='ltr' id='par_1_105' title="bbox 2202 4659 3795 4730">
     <span class='ocr_line' id='line_1_105' title="bbox 2202 4659 3795 4730; baseline 0.004 -18"><span class='ocrx_word' id='word_1_750' title='bbox 2202 4675 2351 4714; x_wconf 90' lang='lat' dir='ltr'><strong>mum</strong></span> <span class='ocrx_word' id='word_1_751' title='bbox 2376 4659 2706 4729; x_wconf 83' lang='lat' dir='ltr'><strong>defecerunt,</strong></span> <span class='ocrx_word' id='word_1_752' title='bbox 2732 4669 2785 4716; x_wconf 91' lang='lat' dir='ltr'><strong>et</strong></span> <span class='ocrx_word' id='word_1_753' title='bbox 2804 4662 2886 4716; x_wconf 91' lang='lat' dir='ltr'><strong>vis</strong></span> <span class='ocrx_word' id='word_1_754' title='bbox 2908 4662 3115 4717; x_wconf 91' lang='lat' dir='ltr'><strong>scilicet</strong></span> <span class='ocrx_word' id='word_1_755' title='bbox 3128 4662 3386 4730; x_wconf 89' lang='lat' dir='ltr'><strong>alimenti,</strong></span> <span class='ocrx_word' id='word_1_756' title='bbox 3406 4670 3458 4718; x_wconf 91' lang='lat' dir='ltr'><strong>et</strong></span> <span class='ocrx_word' id='word_1_757' title='bbox 3475 4662 3714 4718; x_wconf 85' lang='lat' dir='ltr'><strong>suavitas</strong></span> <span class='ocrx_word' id='word_1_758' title='bbox 3733 4677 3795 4718; x_wconf 89' lang='lat' dir='ltr'><strong>ac</strong></span> 
     </span>
    </p>
   </div>
   <div class='ocr_carea' id='block_1_106' title="bbox 2204 4747 3793 4821">
    <p class='ocr_par' dir='ltr' id='par_1_106' title="bbox 2204 4747 3793 4821">
     <span class='ocr_line' id='line_1_106' title="bbox 2204 4747 3793 4821; baseline 0.003 -20"><span class='ocrx_word' id='word_1_759' title='bbox 2204 4747 2491 4805; x_wconf 90' lang='lat' dir='ltr'><strong>delectatio</strong></span> <span class='ocrx_word' id='word_1_760' title='bbox 2559 4749 2789 4820; x_wconf 89' lang='lat' dir='ltr'><strong>saporis.</strong></span> <span class='ocrx_word' id='word_1_761' title='bbox 2857 4750 3100 4821; x_wconf 89' lang='lat' dir='ltr'><strong>Expletis</strong></span> <span class='ocrx_word' id='word_1_762' title='bbox 3156 4759 3336 4806; x_wconf 91' lang='lat' dir='ltr'><strong>autem</strong></span> <span class='ocrx_word' id='word_1_763' title='bbox 3398 4750 3592 4807; x_wconf 90' lang='lat' dir='ltr'><strong>diebus</strong></span> <span class='ocrx_word' id='word_1_764' title='bbox 3646 4750 3793 4806; x_wconf 89' lang='lat' dir='ltr'><strong>istius</strong></span> 
     </span>
    </p>
   </div>
   <div class='ocr_carea' id='block_1_107' title="bbox 2203 4836 3791 4911">
    <p class='ocr_par' dir='ltr' id='par_1_107' title="bbox 2203 4836 3791 4911">
     <span class='ocr_line' id='line_1_107' title="bbox 2203 4836 3791 4911; baseline 0.002 -21"><span class='ocrx_word' id='word_1_765' title='bbox 2203 4837 2562 4905; x_wconf 87' lang='lat' dir='ltr'><strong>abstinentia,</strong></span> <span class='ocrx_word' id='word_1_766' title='bbox 2595 4836 2714 4909; x_wconf 89' lang='lat' dir='ltr'><strong>ipse</strong></span> <span class='ocrx_word' id='word_1_767' title='bbox 2744 4839 3029 4910; x_wconf 82' lang='lat' dir='ltr'><strong>presbyter</strong></span> <span class='ocrx_word' id='word_1_768' title='bbox 3056 4856 3157 4910; x_wconf 91' lang='lat' dir='ltr'><strong>pro</strong></span> <span class='ocrx_word' id='word_1_769' title='bbox 3190 4856 3295 4911; x_wconf 91' lang='lat' dir='ltr'><strong>quo</strong></span> <span class='ocrx_word' id='word_1_770' title='bbox 3326 4841 3441 4896; x_wconf 82' lang='lat' dir='ltr'><strong>hac</strong></span> <span class='ocrx_word' id='word_1_771' title='bbox 3471 4840 3791 4911; x_wconf 87' lang='lat' dir='ltr'><strong>agebantur,</strong></span> 
     </span>
    </p>
   </div>
   <div class='ocr_carea' id='block_1_108' title="bbox 2202 4925 3792 5000">
    <p class='ocr_par' dir='ltr' id='par_1_108' title="bbox 2202 4925 3792 5000">
     <span class='ocr_line' id='line_1_108' title="bbox 2202 4925 3792 5000; baseline 0.001 -20"><span class='ocrx_word' id='word_1_772' title='bbox 2202 4941 2302 4996; x_wconf 90' lang='lat' dir='ltr'><strong>per</strong></span> <span class='ocrx_word' id='word_1_773' title='bbox 2331 4925 2507 4981; x_wconf 89' lang='lat' dir='ltr'><strong>visum</strong></span> <span class='ocrx_word' id='word_1_774' title='bbox 2539 4926 2788 4998; x_wconf 88' lang='lat' dir='ltr'><strong>apparuit</strong></span> <span class='ocrx_word' id='word_1_775' title='bbox 2819 4927 3032 4985; x_wconf 86' lang='lat' dir='ltr'><strong>cuidam</strong></span> <span class='ocrx_word' id='word_1_776' title='bbox 3062 4927 3295 4994; x_wconf 77' lang='lat' dir='ltr'><strong>femina,</strong></span> <span class='ocrx_word' id='word_1_777' title='bbox 3320 4944 3441 5000; x_wconf 84' lang='lat' dir='ltr'><strong>qua</strong></span> <span class='ocrx_word' id='word_1_778' title='bbox 3470 4928 3653 4983; x_wconf 90' lang='lat' dir='ltr'><strong>multis</strong></span> <span class='ocrx_word' id='word_1_779' title='bbox 3682 4927 3792 4982; x_wconf 87' lang='lat' dir='ltr'><strong>dic-</strong></span> 
     </span>
    </p>
   </div>
   <div class='ocr_carea' id='block_1_109' title="bbox 2202 5014 3791 5088">
    <p class='ocr_par' dir='ltr' id='par_1_109' title="bbox 2202 5014 3791 5088">
     <span class='ocr_line' id='line_1_109' title="bbox 2202 5014 3791 5088; baseline 0.003 -20"><span class='ocrx_word' id='word_1_780' title='bbox 2202 5014 2302 5069; x_wconf 91' lang='lat' dir='ltr'><strong>bus</strong></span> <span class='ocrx_word' id='word_1_781' title='bbox 2330 5015 2624 5086; x_wconf 84' lang='lat' dir='ltr'><strong>paralytica</strong></span> <span class='ocrx_word' id='word_1_782' title='bbox 2647 5015 2877 5085; x_wconf 82' lang='lat' dir='ltr'><strong>jacebat,</strong></span> <span class='ocrx_word' id='word_1_783' title='bbox 2928 5016 3145 5072; x_wconf 90' lang='lat' dir='ltr'><strong>nomine</strong></span> <span class='ocrx_word' id='word_1_784' title='bbox 3195 5017 3479 5083; x_wconf 87' lang='lat' dir='ltr'><strong>Helahvih,</strong></span> <span class='ocrx_word' id='word_1_785' title='bbox 3514 5018 3602 5074; x_wconf 91' lang='lat' dir='ltr'><strong>cui</strong></span> <span class='ocrx_word' id='word_1_786' title='bbox 3633 5017 3791 5088; x_wconf 79' lang='lat' dir='ltr'><strong>longa</strong></span> 
     </span>
    </p>
   </div>
   <div class='ocr_carea' id='block_1_110' title="bbox 2198 5102 3791 5177">
    <p class='ocr_par' dir='ltr' id='par_1_110' title="bbox 2198 5102 3791 5177">
     <span class='ocr_line' id='line_1_110' title="bbox 2198 5102 3791 5177; baseline 0.001 -20"><span class='ocrx_word' id='word_1_787' title='bbox 2198 5103 2420 5174; x_wconf 91' lang='lat' dir='ltr'><strong>quidem</strong></span> <span class='ocrx_word' id='word_1_788' title='bbox 2452 5102 2738 5159; x_wconf 86' lang='lat' dir='ltr'><strong>infirmitas</strong></span> <span class='ocrx_word' id='word_1_789' title='bbox 2767 5105 3018 5160; x_wconf 90' lang='lat' dir='ltr'><strong>membra</strong></span> <span class='ocrx_word' id='word_1_790' title='bbox 3050 5105 3333 5177; x_wconf 87' lang='lat' dir='ltr'><strong>gravavit;</strong></span> <span class='ocrx_word' id='word_1_791' title='bbox 3376 5106 3474 5161; x_wconf 91' lang='lat' dir='ltr'><strong>sed</strong></span> <span class='ocrx_word' id='word_1_792' title='bbox 3504 5114 3704 5172; x_wconf 92' lang='lat' dir='ltr'><strong>tamen,</strong></span> <span class='ocrx_word' id='word_1_793' title='bbox 3736 5112 3791 5159; x_wconf 91' lang='lat' dir='ltr'><strong>ut</strong></span> 
     </span>
    </p>
   </div>
   <div class='ocr_carea' id='block_1_111' title="bbox 2197 5190 3787 5266">
    <p class='ocr_par' dir='ltr' id='par_1_111' title="bbox 2197 5190 3787 5266">
     <span class='ocr_line' id='line_1_111' title="bbox 2197 5190 3787 5266; baseline 0.001 -21"><span class='ocrx_word' id='word_1_794' title='bbox 2197 5190 2267 5245; x_wconf 92' lang='lat' dir='ltr'><strong>de</strong></span> <span class='ocrx_word' id='word_1_795' title='bbox 2296 5192 2531 5263; x_wconf 90' lang='lat' dir='ltr'><strong>quodam</strong></span> <span class='ocrx_word' id='word_1_796' title='bbox 2563 5193 2755 5249; x_wconf 88' lang='lat' dir='ltr'><strong>beatus</strong></span> <span class='ocrx_word' id='word_1_797' title='bbox 2785 5192 3088 5266; x_wconf 89' lang='lat' dir='ltr'><strong>Gregorius</strong></span> <span class='ocrx_word' id='word_1_798' title='bbox 3110 5200 3136 5228; x_wconf 74' lang='grc'>⁸</span> <span class='ocrx_word' id='word_1_799' title='bbox 3163 5194 3311 5260; x_wconf 90' lang='lat' dir='ltr'><strong>dicit,</strong></span> <span class='ocrx_word' id='word_1_800' title='bbox 3359 5195 3476 5265; x_wconf 90' lang='lat' dir='ltr'><strong>ipsa</strong></span> <span class='ocrx_word' id='word_1_801' title='bbox 3513 5190 3787 5248; x_wconf 87' lang='lat' dir='ltr'><strong>inﬁrmitas</strong></span> 
     </span>
    </p>
   </div>
   <div class='ocr_carea' id='block_1_112' title="bbox 2197 5280 3787 5355">
    <p class='ocr_par' dir='ltr' id='par_1_112' title="bbox 2197 5280 3787 5355">
     <span class='ocr_line' id='line_1_112' title="bbox 2197 5280 3787 5355; baseline 0.001 -21"><span class='ocrx_word' id='word_1_802' title='bbox 2197 5280 2390 5335; x_wconf 86' lang='lat' dir='ltr'><strong>eadem</strong></span> <span class='ocrx_word' id='word_1_803' title='bbox 2421 5282 2667 5338; x_wconf 89' lang='lat' dir='ltr'><strong>membra</strong></span> <span class='ocrx_word' id='word_1_804' title='bbox 2697 5297 2731 5337; x_wconf 92' lang='lat' dir='ltr'><strong>a</strong></span> <span class='ocrx_word' id='word_1_805' title='bbox 2758 5281 2905 5337; x_wconf 89' lang='lat' dir='ltr'><strong>bono</strong></span> <span class='ocrx_word' id='word_1_806' title='bbox 2933 5297 3101 5355; x_wconf 89' lang='lat' dir='ltr'><strong>opere</strong></span> <span class='ocrx_word' id='word_1_807' title='bbox 3138 5299 3247 5339; x_wconf 92' lang='lat' dir='ltr'><strong>non</strong></span> <span class='ocrx_word' id='word_1_808' title='bbox 3292 5281 3498 5354; x_wconf 88' lang='lat' dir='ltr'><strong>ligavit.</strong></span> <span class='ocrx_word' id='word_1_809' title='bbox 3545 5281 3787 5352; x_wconf 89' lang='lat' dir='ltr'><strong>Quotidie</strong></span> 
     </span>
    </p>
   </div>
   <div class='ocr_carea' id='block_1_113' title="bbox 2198 5376 3785 5461">
    <p class='ocr_par' dir='ltr' id='par_1_113' title="bbox 2198 5376 3785 5461">
     <span class='ocr_line' id='line_1_113' title="bbox 2198 5376 3785 5461; baseline 0.001 -29"><span class='ocrx_word' id='word_1_810' title='bbox 2198 5376 2341 5433; x_wconf 91' lang='lat' dir='ltr'><strong>enim</strong></span> <span class='ocrx_word' id='word_1_811' title='bbox 2393 5394 2453 5435; x_wconf 91' lang='lat' dir='ltr'><strong>se</strong></span> <span class='ocrx_word' id='word_1_812' title='bbox 2501 5381 2569 5435; x_wconf 91' lang='lat' dir='ltr'><strong>ad</strong></span> <span class='ocrx_word' id='word_1_813' title='bbox 2624 5378 2914 5437; x_wconf 89' lang='lat' dir='ltr'><strong>ecclesiam</strong></span> <span class='ocrx_word' id='word_1_814' title='bbox 2966 5381 3245 5453; x_wconf 81' lang='lat' dir='ltr'><strong>deportari</strong></span> <span class='ocrx_word' id='word_1_815' title='bbox 3292 5380 3516 5461; x_wconf 86' lang='lat' dir='ltr'><strong>faciens,</strong></span> <span class='ocrx_word' id='word_1_816' title='bbox 3566 5380 3785 5437; x_wconf 90' lang='lat' dir='ltr'><strong>verbum</strong></span> 
     </span>
    </p>
   </div>
   <div class='ocr_carea' id='block_1_114' title="bbox 557 5528 2559 5620">
    <p class='ocr_par' dir='ltr' id='par_1_114' title="bbox 557 5528 2559 5620">
     <span class='ocr_line' id='line_1_114' title="bbox 557 5528 2559 5620; baseline 0.007 -26"><span class='ocrx_word' id='word_1_817' title='bbox 557 5540 583 5569; x_wconf 76' lang='grc' dir='ltr'>ι</span> <span class='ocrx_word' id='word_1_818' title='bbox 605 5543 806 5597; x_wconf 74' lang='lat' dir='ltr'><strong>Scilicet</strong></span> <span class='ocrx_word' id='word_1_819' title='bbox 827 5545 889 5599; x_wconf 82' lang='lat' dir='ltr'><strong>de</strong></span> <span class='ocrx_word' id='word_1_820' title='bbox 908 5546 1131 5613; x_wconf 84' lang='lat' dir='ltr'><strong>Servulo,</strong></span> <span class='ocrx_word' id='word_1_821' title='bbox 1154 5549 1205 5601; x_wconf 90' lang='lat' dir='ltr'><strong>in</strong></span> <span class='ocrx_word' id='word_1_822' title='bbox 1228 5550 1429 5603; x_wconf 75' lang='lat' dir='ltr'><strong>humilia</strong></span> <span class='ocrx_word' id='word_1_823' title='bbox 1455 5551 1520 5605; x_wconf 70' lang='grc' dir='ltr'><strong>ιδ</strong></span> <span class='ocrx_word' id='word_1_824' title='bbox 1541 5552 1591 5604; x_wconf 91' lang='lat' dir='ltr'><strong>in</strong></span> <span class='ocrx_word' id='word_1_825' title='bbox 1614 5554 1906 5619; x_wconf 72' lang='lat' dir='ltr'><strong>Evangelia,</strong></span> <span class='ocrx_word' id='word_1_826' title='bbox 1932 5528 1983 5607; x_wconf 82' lang='lat' dir='ltr'><strong>et</strong></span> <span class='ocrx_word' id='word_1_827' title='bbox 2003 5555 2093 5607; x_wconf 88' lang='lat' dir='ltr'><strong>lib.</strong></span> <span class='ocrx_word' id='word_1_828' title='bbox 2113 5568 2164 5607; x_wconf 76' lang='grc' dir='ltr'><strong>ιν</strong></span> <span class='ocrx_word' id='word_1_829' title='bbox 2187 5554 2313 5607; x_wconf 89' lang='lat' dir='ltr'><strong>Dial.</strong></span> <span class='ocrx_word' id='word_1_830' title='bbox 2339 5568 2448 5620; x_wconf 89' lang='lat' dir='ltr'><strong>cap.</strong></span> <span class='ocrx_word' id='word_1_831' title='bbox 2478 5557 2559 5609; x_wconf 70' lang='grc' dir='ltr'><strong>ιι.</strong></span> 
     </span>
    </p>
   </div>
  </div>
