4086 6306
245 290 344 345 997

1693 291 1876 347 VITA.

3439 303 3547 355 998

248 417 368 473 vitae
400 417 600 471 ibidem
632 417 1003 472 delectabatur
1033 417 1240 484 audire,
1271 417 1595 490 hymnisque
1625 424 1677 472 et
1721 417 1844 471 lau-
1875 415 1931 477 A
1951 434 2063 473 sua:
2089 419 2304 475 defectu
2335 421 2444 476 voti
2472 421 2554 476 sui
2585 423 2750 478 verba
2781 425 3173 480 commendans
3232 425 3551 496 episcopus,

252 505 425 570 dibus,
463 513 622 577 prout
648 507 838 577 potuit,
875 507 963 562 die
1009 516 1280 580 noctuque
1325 523 1538 563 vacare.
1599 507 1753 576 Huic,
1788 515 1844 561 ut

253 595 450 650 dictum
477 603 576 661 est,
608 612 706 666 per
754 596 932 651 visum
978 613 1246 667 apparens
1293 597 1583 668 presbyter
1639 611 1844 651 memo-

253 691 416 753 ratus,
445 683 647 739 famulo
690 685 790 740 Dei
837 687 1129 742 Remberto
1181 686 1380 756 gratias
1430 684 1614 740 referri
1659 684 1847 756 petivit

254 773 319 828 de
349 773 683 844 parcimonia
714 790 814 844 pro
843 774 959 842 ejus
992 775 1288 830 salvatione
1319 782 1524 841 exacta,
1576 789 1738 844 quam
1795 781 1848 827 et

253 861 306 916 in
348 869 554 916 tantum
598 862 700 916 sibi
749 862 1049 933 profecisse
1095 863 1389 929 mandavit,
1432 871 1488 917 ut
1520 863 1848 934 abnegatum

253 951 353 1004 sibi
383 951 530 1021 prius
557 951 623 1004 ad
654 960 999 1022 conspectum
1031 952 1130 1006 Dei
1171 967 1454 1008 accessum
1483 960 1534 1006 et
1565 951 1703 1006 aulae
1733 967 1849 1006 ete-

246 1038 398 1095 lestis
427 1039 702 1094 introitum
735 1057 836 1110 per
851 1042 990 1095 hanc
1022 1041 1385 1096 condonatum
1406 1047 1693 1096 constaret.
1730 1040 1851 1110 Ipse

255 1144 383 1183 vero
429 1129 749 1184 Rembertus
796 1128 938 1184 inter
996 1146 1110 1195 eos,
1171 1129 1361 1201 inquit,
1397 1129 1723 1194 ascribetur,
1785 1128 1852 1183 de

261 1217 457 1288 quibus
487 1217 682 1272 dicitur
725 1235 736 1271 :
772 1218 1087 1290 Fulgebunt
1106 1220 1273 1289 justi,
1308 1222 1364 1273 et
1396 1222 1668 1290 tanquam
1701 1218 1853 1272 scin-

264 1307 404 1360 tillae
433 1308 498 1360 in
530 1307 874 1362 arundineto
924 1307 1249 1363 discurrent
1296 1307 1445 1378 (Sap.
1473 1321 1553 1372 ιιι,
1587 1307 1643 1374 7)
1685 1312 1737 1360 et
1788 1305 1854 1359 de

266 1395 459 1465 quibus
490 1395 774 1449 Psalmista
805 1395 875 1448 ait
908 1412 920 1449 :
957 1396 1120 1450 Ibunt
1149 1395 1214 1450 de
1247 1396 1455 1449 virtute
1494 1395 1555 1449 in
1587 1395 1856 1449 virtutem

263 1483 433 1553 (Psal.
471 1497 701 1547 Lxxxm,
739 1485 810 1553 8).
849 1483 1156 1538 Istiusmodi
1187 1482 1489 1537 visionibus
1512 1481 1594 1536 vir
1625 1482 1723 1536 Dei
1755 1481 1857 1534 nisi

262 1587 500 1642 unquam
535 1571 713 1625 anima
761 1572 942 1626 extolli
974 1571 1182 1626 solebat
1217 1589 1227 1626 :
1263 1572 1359 1626 sed
1417 1588 1517 1641 per
1544 1570 1860 1624 humilitatis

263 1659 581 1713 tutissimam
613 1676 832 1730 semper
862 1660 1005 1715 viam
1045 1659 1325 1726 incedens,
1351 1659 1423 1713 ita
1455 1659 1858 1730 quodammodo

1942 524 2043 577 per
2073 524 2193 563 eum
2227 525 2285 564 se
2308 526 2661 581 compensare
2675 513 2924 578 credidit,
2953 513 3214 585 quidquid
3233 514 3348 585 ipse
3367 513 3549 568 minus

1945 597 2245 652 orationum
2268 599 2382 668 jam
2404 599 2640 655 moriens
2686 617 2954 674 peragere
3004 610 3188 673 posset
3221 620 3234 656 :
3297 601 3552 674 quoniam

1947 693 1998 740 et
2025 695 2252 758 pr0pter
2279 688 2401 743 vitae
2429 691 2543 757 ejus
2573 691 2828 743 meritum
2859 706 2959 760 pro
2990 707 3048 744 se
3104 691 3252 744 illum
3307 689 3556 745 exaudiri

1947 790 2055 828 non
2085 776 2344 831 dubitavit
2378 796 2390 842 ;
2421 785 2473 830 et
2505 778 2648 848 quod
2682 778 2772 832 ille
2812 777 2956 847 fecit,
3015 795 3121 833 non
3178 778 3436 833 discrevit
3483 777 3552 832 ab

1949 878 2015 917 eo
2046 863 2192 934 quod
2220 881 2252 918 a
2283 881 2342 919 se
2373 865 2492 935 ipso
2523 865 2723 921 factum
2755 865 2948 921 fuisset
2979 884 2992 921 :
3027 867 3150 938 quia
3181 883 3275 922 cor
3303 881 3470 920 unum
3502 873 3555 920 et

1951 952 2128 1006 anima
2158 969 2284 1020 una,
2318 971 2459 1008 unus
2481 953 2701 1026 spiritus
2731 963 2784 1010 et
2813 971 2919 1009 una
2946 954 3082 1010 fides
3104 962 3220 1010 erat
3251 970 3469 1026 semper
3500 953 3558 1007 in

1957 1055 2054 1095 81$.

2582 1189 2806 1246 CAPUT
2845 1190 2916 1244 X.

2028 1311 2276 1383 Denique
2308 1327 2428 1367 cum
2462 1311 2768 1367 infirmitate
2818 1313 2956 1384 ipsa,
3016 1315 3123 1384 qua
3177 1313 3247 1368 de
3303 1314 3404 1368 hac
3454 1311 3564 1367 vita

1956 1399 2230 1471 migravit,
2279 1400 2566 1455 consilium
2611 1409 2943 1471 quaereretur
2991 1401 3058 1455 ab
3108 1401 3302 1456 eodem
3357 1401 3560 1455 domno

1959 1488 2224 1558 Ansgario
2254 1489 2321 1542 de
2362 1504 2678 1544 successore
2736 1489 2851 1557 ejus
2907 1489 3178 1561 eligendo,
3233 1497 3286 1543 et
3344 1488 3565 1560 quidam

1958 1577 2119 1630 etiam
2152 1577 2220 1630 de
2265 1577 2556 1632 Remberto
2595 1578 2724 1648 quid
2755 1577 2804 1632 ei
2837 1578 3132 1647 videretur,
3187 1576 3562 1648 inquirerent;

1930 1665 2310 1734 ‘respondisse
2349 1665 2539 1731 fertur,
2575 1666 2719 1736 quod
2751 1668 2854 1720 hoc
2901 1666 2982 1720 sui
3037 1682 3147 1721 non
3203 1665 3364 1720 fuerit
3400 1664 3566 1719 mini-

269 1748 504 1819 quotidie
535 1749 791 1802 virtutum
817 1750 1022 1821 gradus
1053 1748 1315 1818 ascendit,
1347 1755 1406 1802 ut
1463 1764 1606 1817 saepe
1661 1747 1857 1802 dictum
1879 1773 1932 1833 Β
1963 1754 2113 1808 sterii
2171 1755 2490 1820 decernere,
2541 1755 2663 1825 quia
2719 1754 2948 1809 forsitan
2976 1755 3093 1824 ipse
3137 1753 3192 1807 in
3250 1753 3568 1824 episcopatu

268 1853 484 1907 semper
513 1838 786 1892 attendere
820 1838 1100 1893 videretur
1138 1838 1354 1891 beatum
1388 1836 1739 1908 Gregorium,
1773 1836 1859 1889 di-

266 1933 514 1979 sentem:
556 1947 578 1977 ι
615 1927 1005 1998 Unusquisque
1036 1934 1296 1994 vestrum,
1352 1925 1571 1990 fratres,
1632 1941 1864 1996 magnus

267 2029 388 2068 esse
418 2015 646 2080 studeat,
679 2015 776 2070 sed
808 2024 989 2069 tamen
1020 2031 1279 2087 magnum
1334 2031 1393 2070 se
1447 2030 1568 2069 esse
1599 2014 1864 2084 quodam-

266 2102 429 2157 modo
457 2103 661 2158 nesciat
695 2121 707 2157 :
740 2120 808 2158 ne
838 2103 968 2157 dum
1001 2104 1104 2158 sibi
1133 2102 1561 2174 magnitudinem
1593 2118 1864 2173 arrogan-

265 2197 350 2245 ter
377 2191 633 2261 attribuit,
668 2192 903 2248 amittat.
943 2213 964 2241 κ

868 2334 1091 2390 CAPUT
1125 2334 1227 2389 IX.

340 2457 594 2528 Quandiu
626 2473 762 2531 ergo
791 2457 890 2513 fuit
921 2459 974 2512 in
1005 2474 1236 2529 corpore
1267 2457 1349 2512 vir
1386 2457 1602 2512 Domini
1649 2458 1868 2529 Ansga-

270 2547 402 2614 rius,
437 2548 538 2602 iste
569 2563 760 2602 servus
795 2549 892 2601 Dei
924 2548 1244 2602 Rembertus
1301 2563 1415 2616 prae
1453 2546 1661 2601 cunctis
1718 2546 1871 2600 fami-

271 2636 453 2691 liarius
477 2636 550 2690 illi
581 2636 636 2690 in
665 2637 915 2690 omnibus
945 2637 1138 2691 adesse
1168 2636 1397 2700 solebat,
1430 2635 1498 2688 de
1536 2651 1640 2706 quo
1661 2635 1871 2705 aliquo-

271 2724 374 2779 ties
404 2725 561 2778 nobis
592 2725 647 2778 in
677 2725 780 2780 hoc
811 2725 1072 2794 opusculo
1118 2724 1318 2778 mentio
1352 2724 1558 2789 incidit,
1619 2731 1670 2777 et
1717 2723 1874 2777 libel-

271 2812 357 2868 lus
387 2820 662 2885 gestornm
711 2812 922 2883 praefati
964 2813 1234 2884 pontificis
1289 2813 1359 2866 ab
1416 2812 1534 2882 ipso
1582 2812 1873 2868 Remberto

274 2901 489 2973 alioque
519 2901 891 2972 condiscipulo
949 2903 1064 2971 ejus
1121 2902 1293 2956 editus
1348 2909 1591 2956 testatur.
1652 2902 1712 2954 In
1769 2916 1874 2972 quo

273 2990 526 3047 videlicet
559 2990 696 3045 libro
730 2991 1043 3062 ubicunque
1101 2990 1542 3046 commemoratio
1585 2989 1644 3042 ﬁt
1697 2989 1876 3057 cujus-

276 3079 400 3133 dam
449 3078 695 3133 fidissimi
734 3079 984 3149 discipuli
1045 3080 1180 3147 ejus,
1246 3080 1391 3148 quod
1446 3077 1756 3149 frequenter
1803 3077 1875 3130 ibi

279 3125 400 3133 ““““⁸⁸
449 3125 695 3133 “”ν“’“”“¹’“”⁵“
737 3125 984 3149 “··“’ν·ι“’“··-
1049 3125 1180 3147 “¹’δ“’”“¹7
1249 3125 1391 3148 “ι“·ν“
1446 3125 1746 3149 ’“νῚ“““⁷“““⁷“
1803 3125 1875 3130 ”⁷“

275 3167 446 3222 lector
473 3166 728 3232 inveniet,
763 3167 940 3238 ipsum
976 3167 1111 3222 sciat
1143 3167 1306 3221 fuisse
1364 3167 1734 3222 Rembertum.
1768 3165 1874 3220 Sed
1897 3125 1947 3187 Ο

279 3255 423 3326 quia,
492 3264 548 3310 ut
599 3256 850 3324 diximus,
904 3255 1022 3327 ipse
1078 3272 1202 3311 cum
1259 3255 1367 3310 alio
1415 3255 1648 3326 quodam
1705 3255 1880 3309 editor

280 3345 594 3400 eorumdem
652 3345 854 3400 exstitit
934 3353 1231 3416 gestorum,
1317 3343 1519 3399 idcirco
1595 3344 1880 3399 veritatem

278 3433 378 3500 rei,
414 3449 708 3504 suppresso
736 3433 954 3488 nomine
984 3450 1099 3501 suo,
1134 3433 1440 3504 exprimere
1487 3432 1672 3502 voluit,
1704 3449 1773 3486 ne
1811 3432 1879 3486 de

279 3538 340 3576 se
369 3521 768 3578 familiariorem
799 3524 1031 3595 gratiam
1059 3524 1322 3591 jactanter
1365 3521 1612 3592 proferre
1667 3522 1883 3577 videre-

278 3617 387 3665 tur.
421 3611 509 3666 Sic
530 3612 672 3666 enim
694 3619 746 3666 et
775 3612 964 3667 beatus
995 3611 1333 3682 evangelista
1361 3611 1596 3665 Joannes
1627 3610 1679 3662 in
1709 3611 1882 3664 Evan-

281 3700 425 3771 gelio
484 3717 580 3755 suo
631 3700 777 3770 fecit,
828 3701 921 3755 ubi
967 3717 1120 3756 suam
1165 3717 1383 3771 semper
1426 3715 1721 3771 personam
1758 3715 1880 3753 ma-

281 3787 378 3842 luit
405 3789 618 3844 indiciis
646 3806 827 3844 rerum
857 3789 1234 3855 accidentium,
1298 3804 1460 3860 quam
1511 3787 1735 3858 proprio
1787 3788 1882 3842 de-

281 3875 498 3947 signare
527 3878 810 3934 vocabulo.
847 3877 1126 3946 Quatenus
1156 3885 1333 3932 autem
1363 3878 1418 3932 in
1447 3879 1552 3932 hoc
1582 3875 1883 3932 devotionis

282 3964 406 4021 loco
444 3982 568 4021 cum
598 3967 853 4038 episcopo
887 3966 1228 4022 familiariter
1263 3975 1480 4023 sanctus
1507 3966 1591 4021 vir
1620 3966 1885 4021 Rember-

281 4061 368 4108 tus
397 4056 778 4125 perseverarit,
813 4071 878 4110 ex
908 4057 1091 4111 verbis
1122 4055 1330 4126 praefati
1367 4056 1530 4109 libelli
1591 4054 1883 4124 cognosci-

292 4149 399 4208 tur,
434 4144 627 4214 quibus
656 4145 724 4198 de
755 4145 989 4198 transitu
1022 4143 1207 4198 domni
1239 4144 1480 4214 episcopi
1536 4143 1610 4197 ita
1639 4158 1886 4198 comme-

286 4238 532 4286 moratur
575 4251 587 4286 :
627 4254 648 4283 α
686 4234 971 4302 Percepta,
1007 4232 1195 4303 inquit,
1245 4231 1514 4287 Dominici
1561 4229 1804 4300 corporis
1833 4236 1887 4283 et

287 4320 566 4392 sanguinis
597 4322 1001 4386 communione,
1037 4329 1253 4376 sanctus
1301 4319 1538 4390 pontifex
1596 4318 1886 4373 Dominum

286 4407 694 4478 deprecabatur,
756 4417 813 4464 ut
863 4409 1172 4480 quicunque
1219 4409 1273 4463 in
1330 4424 1452 4463 eum
1502 4406 1887 4478 quoquomodo

1964 1842 2256 1896 multorum
2281 1843 2490 1897 animos
2517 1841 2755 1897 offensos
2794 1843 3034 1908 haberet,
3087 1842 3231 1914 quod
3278 1843 3570 1897 emendare

1963 1931 2140 2000 magis
2169 1931 2466 1996 debuisset,
2504 1947 2668 2001 quam
2698 1947 2797 2002 per
2821 1933 2926 1986 hoc
2969 1939 3173 1986 motum
3218 1931 3395 2001 ipsum
3444 1930 3568 1985 ani-

1965 2035 2178 2073 morum
2199 2035 2420 2091 augere,
2439 2020 2584 2090 quod
2602 2020 2720 2090 ipse
2743 2020 2906 2074 talem
2923 2019 2992 2073 ad
3018 2018 3422 2074 successionem
3444 2034 3570 2088 per-

1969 2123 2157 2162 sonam
2205 2108 2600 2176 denomiuaret,
2661 2124 2782 2179 qua:
2831 2107 3076 2180 fortassis
3130 2107 3572 2162 incommoditate

1970 2212 2068 2250 sua
2098 2205 2353 2268 gravaret
2372 2197 2665 2264 subjectos,
2700 2205 2751 2250 et
2779 2212 2977 2251 amarae
3003 2195 3197 2250 fierent
3226 2204 3445 2266 pr0pter
3469 2195 3575 2250 hoc

1970 2292 2155 2340 contra
2193 2285 2372 2354 ipsum
2401 2284 2772 2356 querimoniae.
2810 2306 2831 2334 ι
2869 2287 2948 2339 De
2997 2285 3203 2339 meritis
3251 2293 3449 2348 tamen,
3484 2284 3572 2337 in-

1971 2374 2101 2445 quit,
2128 2374 2406 2428 Remberti
2435 2373 2654 2439 sciatur,
2687 2374 2814 2444 quia
2867 2373 3084 2445 dignior
3141 2373 3258 2443 ipse
3307 2371 3574 2442 archiepi-

1971 2462 2193 2532 scopali,
2226 2479 2386 2533 quam
2416 2478 2521 2534 ego
2552 2460 3185 2516 subdiaconatusofficio.
3224 2482 3244 2510 ι
3271 2461 3399 2515 Haec
3415 2461 3483 2514 de
3513 2475 3573 2514 se

1972 2566 2189 2624 magna;
2218 2549 2533 2604 humilitatis
2567 2550 2863 2604 intentione
2896 2558 3113 2605 sanctus
3143 2557 3462 2620 prosecutus
3492 2555 3575 2603 est

1974 2639 2282 2709 episcopus,
2319 2647 2572 2709 tanquam
2596 2655 2759 2693 verus
2790 2639 3114 2692 observator
3143 2639 3275 2706 ejus,
3311 2653 3476 2708 quam
3523 2644 3577 2691 et

1975 2728 2090 2798 ipse
2122 2728 2250 2782 olim
2271 2728 2326 2780 in
2355 2726 2691 2797 profectione
2723 2727 2906 2780 habuit
2951 2727 3341 2781 monachorum
3371 2725 3575 2798 regulae

1976 2816 2121 2888 (cap.
2155 2816 2230 2886 7),
2265 2815 2497 2871 dicentis
2547 2834 2560 2869 :
2613 2837 2633 2865 α
2692 2815 2983 2886 Septimus,
3035 2814 3227 2885 inquit,
3260 2813 3578 2868 humilitatis

1977 2905 2181 2975 gradus
2211 2912 2311 2972 est,
2349 2904 2393 2958 si
2424 2920 2533 2958 non
2563 2904 2740 2958 solum
2769 2905 3022 2958 omnibus
3053 2920 3112 2958 se
3140 2902 3452 2957 inferiorem
3484 2918 3579 2955 sua

1978 2993 2162 3063 lingua
2192 2993 2500 3063 pronuntiet
2543 2993 2865 3056 monachus,
2926 3008 3117 3046 verum
3170 2983 3354 3045 etiam'
3387 2990 3577 3045 intimo

1980 3082 2161 3137 cordis
2187 3082 2374 3136 credat
2417 3081 2635 3147 affectu,
2696 3081 3010 3135 humilitans
3040 3096 3100 3134 se
3130 3088 3182 3134 et
3212 3079 3402 3134 dicens
3453 3095 3579 3134 cum

1978 3171 2248 3239 Propheta
2283 3188 2296 3223 :
2329 3172 2435 3241 Ego
2477 3173 2670 3224 autem
2723 3186 2851 3225 sum
2908 3170 3112 3224 vermis
3161 3172 3218 3223 et
3263 3184 3380 3223 non
3419 3168 3579 3223 homo

1979 3259 2152 3329 (Psal.
2190 3273 2304 3324 xxx,
2338 3261 2414 3328 ’7).
2449 3258 2635 3313 Solent
2664 3258 2806 3312 enim
2857 3257 3029 3312 sancti
3082 3256 3185 3312 viri
3245 3272 3367 3311 cum
3424 3254 3583 3310 fortia

1979 3355 2168 3418 agunt,
2193 3347 2261 3402 de
2312 3347 2617 3417 semetipsis
2671 3346 2797 3402 vilia
2853 3345 3070 3409 sentire,
3117 3345 3266 3414 juxta
3313 3344 3458 3416 quod
3514 3343 3583 3399 de

1982 3436 2274 3506 semetipso
2305 3437 2479 3490 David
2511 3452 2694 3491 coram
2726 3450 2850 3490 arca
2881 3434 3098 3489 Domini
3143 3434 3388 3488 saltando
3431 3431 3586 3503 regni

1982 3525 2064 3579 sui
2085 3525 2380 3596 potentiam
2407 3524 2714 3594 despiciens
2734 3524 2866 3577 dixit
2897 3541 2909 3576 :
2943 3523 3159 3578 Ludam
3189 3526 3247 3577 et
3261 3523 3426 3577 vilior
3448 3522 3585 3590 ﬁam

1927 3673 1930 3677 ,
1981 3615 2110 3686 plus
2131 3631 2298 3686 quam
2310 3617 2500 3684 factus
2526 3630 2672 3678 sum,
2699 3617 2755 3668 et
2785 3629 2876 3668 ero
2899 3611 3132 3667 humilis
3162 3613 3221 3666 in
3245 3611 3423 3666 oculis
3444 3610 3585 3665 meis
3675 3629 3680 3634 ·

1983 3702 2060 3774 (II
2086 3705 2215 3773 Reg.
2272 3718 2347 3767 v1,
2381 3704 2510 3771 22);
2572 3702 2642 3757 de
2698 3717 2806 3771 quo
2863 3708 2918 3755 et
2965 3699 3259 3771 Apostolus
3308 3699 3582 3766 admonet,

1983 3791 2171 3847 dicens
2205 3808 2217 3844 :
2252 3792 2484 3862 Implete
2514 3791 2784 3862 gaudium
2815 3805 3025 3853 meum,
3058 3793 3124 3844 ut
3153 3789 3302 3845 idem
3325 3789 3586 3861 sapiatis,

1983 3880 2236 3935 eamdem
2287 3881 2630 3936 charitatem
2661 3880 2947 3944 habentes,
3007 3880 3309 3934 unanimes
3348 3877 3598 3949 idipsum

1982 3969 2472 4036 sentientes,nihil
2486 3984 2590 4040 per
2601 3969 3024 4023 contentionem
3040 3982 3222 4038 neque
3234 3981 3335 4036 per
3346 3969 3589 4020 inanem

1984 4058 2239 4127 gloriam,
2274 4056 2368 4111 sed
2397 4059 2457 4110 in
2489 4057 2816 4110 humilitate
2847 4055 3160 4125 superiores
3189 4055 3296 4108 sibi
3349 4054 3593 4108 invicem

1985 4142 2330 4195 arbitrantes
2363 4140 2591 4211 (Philip.
2617 4154 2676 4205 ιι,
2707 4140 2785 4207 2).
2821 4137 3061 4206 Quorum
3117 4137 3289 4207 prius,
3349 4138 3453 4192 hoc
3510 4142 3593 4192 est

1987 4229 2271 4299 Propheta
2298 4227 2685 4293 testimonium,
2721 4227 2910 4282 beatus
2940 4226 3025 4282 vir
3081 4224 3377 4297 Ansgarius
3432 4225 3508 4279 ita
3537 4224 3592 4278 in

1988 4332 2048 4370 se
2077 4316 2354 4372 custodire
2385 4316 2612 4385 solebat,
2644 4323 2703 4369 ut
2733 4316 2800 4370 de
2830 4314 3122 4385 semetipso
3178 4315 3320 4369 intus
3373 4312 3596 4368 humilia

1988 4405 2247 4471 sentiens,
2281 4407 2545 4460 honorem
2596 4404 2829 4458 exterius
2884 4419 2994 4458 non
3049 4403 3374 4475 requireret,
3438 4401 3596 4475 quasi

284 4506 589 4568 peccasset,
631 4498 813 4553 divina
844 4479 948 4554 hcc
978 4499 1027 4553 ei
1059 4479 1232 4568 pietas
1284 4479 1641 4552 remitteret.‘
1675 4495 1883 4550 Deinde
1913 4482 1965 4543 D
1988 4495 2174 4549 dicens
2209 4513 2222 4548 :
2254 4495 2456 4549 Ludam
2489 4501 2539 4548 et
2568 4493 2726 4548 vilior
2756 4492 2914 4558 fiam;
2949 4508 3051 4547 nec
3081 4509 3300 4547 rursum
3348 4507 3446 4562 per
3490 4491 3596 4547 hoc

286 4587 583 4642 versiculos
613 4587 745 4642 istos
775 4588 940 4657 cmpit
971 4586 1306 4658 frequentius
1337 4594 1587 4656 repetere
1624 4602 1636 4638 :
1675 4587 1890 4640 Secun-

289 4675 424 4731 dum
455 4677 902 4732 misericordiam
930 4681 1088 4732 tuam
1115 4680 1396 4732 memento
1418 4677 1544 4740 mei,
1582 4678 1645 4730 tu
1663 4678 1894 4746 prepter

290 4765 598 4821 bonitatem
630 4768 1049 4832 tuam,Domine
1072 4767 1245 4829 (Psal.
1279 4781 1440 4831 xxxv,
1476 4764 1560 4836 7);
1595 4772 1647 4819 et
1679 4782 1691 4818 :
1725 4767 1889 4829 Deus,

282 4855 568 4927 prepitius
597 4859 712 4911 esto
741 4855 884 4910 mihi
899 4857 1182 4927 peccatori
1199 4855 1354 4924 (Luc.
1376 4869 1538 4920 xvm,
1561 4854 1648 4924 13)
1672 4873 1685 4920 ;
1711 4862 1796 4908 et:
1831 4854 1896 4908 In

288 4960 494 4999 manus
520 4947 665 5013 tuas,
696 4945 946 5009 Domine,
1003 4943 1328 5001 commendo
1377 4945 1648 5015 spiritum
1705 4959 1895 4997 meum

289 5031 465 5101 (Psal.
499 5047 640 5097 xxx,
676 5035 809 5088 Luc.
830 5033 1196 5103 23).Cumque
1231 5034 1344 5087 haec
1366 5031 1567 5102 saepius
1598 5038 1889 5101 repeteret,

293 5129 344 5175 et
374 5120 646 5192 frequenti
677 5121 916 5176 anhelitu
938 5122 1048 5190 jam
1077 5137 1144 5176 ea
1172 5120 1518 5192 frequentare
1548 5136 1657 5174 non
1685 5127 1891 5190 posset,

293 5210 506 5265 cuidam
537 5210 684 5266 fratri
714 5211 989 5281 praeepit,
1023 5219 1082 5265 ut
1110 5211 1226 5265 haec
1282 5209 1400 5265 vice
1445 5209 1588 5262 illius
1644 5208 1895 5279 frequen-

292 5299 455 5354 tando
477 5307 698 5355 caneret
731 5317 744 5353 :
778 5299 966 5370 sicque
995 5299 1166 5355 oculis
1214 5299 1269 5352 in
1303 5299 1500 5353 emtum
1529 5297 1748 5351 intentis
1781 5299 1894 5351 Do-

291 5387 426 5441 mini
483 5387 667 5458 gratiaa
722 5389 1157 5444 commendatum
1212 5387 1458 5457 spiritum
1517 5385 1806 5440 exhalavit.
1869 5405 1891 5434 ι

294 5476 395 5532 Hic
423 5493 558 5549 ergo
590 5493 751 5549 quem
781 5478 900 5534 vice
930 5493 1028 5532 sua
1068 5477 1240 5532 verba
1267 5475 1525 5531 orationis
1565 5490 1666 5545 pro
1695 5491 1756 5530 se
1785 5474 1897 5530 fre-

290 5575 554 5638 quentare
580 5567 859 5640 praecepit,
894 5567 1220 5624 Rembertus
1251 5566 1350 5622 fuit
1385 5585 1398 5620 :
1445 5565 1531 5621 cui
1560 5565 1615 5618 in
1662 5563 1896 5636 loquele

1996 4584 2141 4654 quod
2171 4583 2331 4638 vilem
2362 4599 2421 4637 se
2450 4583 2688 4637 exterius
2735 4581 2983 4652 praebuit,
3042 4580 3269 4635 interius
3326 4580 3594 4634 intumes-

1995 4681 2162 4738 ceret,
2224 4672 2502 4744 implendo
2556 4672 2732 4742 potius
2789 4671 2934 4742 quod
2991 4669 3237 4741 sequitur
3297 4687 3310 4723 :
3372 4669 3440 4723 Et
3498 4684 3595 4724 ero

1996 4763 2214 4817 humilis
2243 4763 2299 4816 in
2326 4761 2499 4818 oculis
2529 4761 2682 4826 meis,
2717 4759 2772 4814 id
2803 4767 2887 4813 est
2943 4758 3160 4830 qualem
3215 4774 3304 4813 me
3361 4757 3596 4813 exterius

1998 4851 2307 4922 despiciens
2338 4850 2589 4918 exhibeo,
2623 4849 2783 4904 talem
2811 4863 2900 4902 me
2929 4846 3155 4902 interius
3186 4846 3426 4902 attendo.
3477 4845 3599 4916 Qua

1997 4940 2286 5010 despectus
2318 4939 2402 4993 sui
2456 4938 2753 4993 intentione
2808 4936 3052 5007 implevit
3108 4936 3268 4990 etiam
3328 4936 3475 5008 quod
3528 4935 3599 4991 de

1998 5028 2258 5098 Apostolo
2286 5027 2670 5098 proposuimus
2694 5046 2706 5094 ;
2732 5033 2789 5080 ut
2817 5025 2964 5079 omni
3007 5024 3354 5081 contentione
3370 5032 3423 5080 et
3451 5023 3601 5079 inani

1997 5117 2174 5189 gloria
2204 5132 2418 5182 carens,
2453 5133 2553 5186 per
2580 5115 2934 5170 humilitatem
2965 5113 3068 5168 sibi
3105 5113 3243 5169 alios
3287 5114 3602 5186 superiores

1998 5206 2355 5261 arbitraretur
2389 5223 2402 5259 :
2435 5205 2578 5260 unde
2607 5213 2660 5259 et
2690 5203 2940 5275 superius
2973 5211 3054 5258 est
3111 5203 3394 5275 scriptum,
3456 5203 3603 5274 quod

1997 5294 2228 5364 potioris
2260 5309 2421 5365 quam
2451 5293 2569 5364 ipse
2599 5301 2744 5347 esset
2762 5292 2956 5360 meriti,
2983 5292 3145 5348 beato
3171 5291 3288 5347 viro
3309 5291 3600 5348 Remberto

1998 5391 2280 5453 tantopere
2330 5381 2476 5437 dedit
2525 5381 2914 5436 testimonium.
2967 5381 3078 5437 Sed
3126 5396 3438 5454 quanquam
3487 5381 3604 5450 ipse

1997 5470 2315 5526 humilitatis
2361 5486 2529 5526 causa
2585 5470 2654 5526 de
2710 5486 2832 5526 sese
2893 5469 3020 5525 talia
3075 5470 3289 5538 dixerit,
3359 5475 3605 5524 nostrum

1998 5568 2182 5618 tamen
2207 5576 2316 5616 non
2346 5567 2428 5616 est
2480 5559 2776 5632 quemlibet
2824 5574 3013 5618 eorum
3044 5559 3202 5616 alteri
3257 5572 3599 5632 praeponere,
