4086 6312
539 241 644 294 999

1562 231 1619 287 S.
1651 228 2007 286 REM’BERTI
2032 225 2392 284 HAMBURG.
2416 225 2633 282 EPISC.

3704 223 3845 279 1000

538 366 636 421 sed
663 362 899 436 aequales
945 360 1112 416 fuisse
1157 358 1367 414 meritis
1404 357 1650 425 credere,
1682 372 1820 427 quos
1867 362 1920 409 et
1965 353 2129 407 unius
2158 352 2214 412 A
2234 352 2507 424 gloriosus
2536 368 2628 406 rex
2658 349 2855 405 direxit
2882 350 2950 404 ad
2989 349 3342 404 Liudbertum
3372 347 3841 419 Mongontiensem

539 452 666 509 ﬁdei
695 451 931 517 devotio,
965 459 1017 505 et
1046 449 1292 519 ejusdem
1324 444 1489 502 officii
1517 447 1646 501 licet
1674 443 1909 500 diversis
1937 451 2145 513 tempo-

534 541 687 597 ribus
716 539 1112 597 administratio
1144 536 1489 594 commendet
1517 532 1817 606 zequaliter.
1865 553 1887 581 »

1140 714 1368 771 CAPUT
1406 713 1501 767 XI.

504 844 507 847 Α
608 846 937 916 Quanquam
992 842 1175 915 igitur,
1227 839 1364 895 sicut
1401 852 1546 892 nunc
1604 834 1859 898 diximus,
1919 839 2140 887 sanctus

532 933 776 1007 pontifex
830 948 941 986 non
986 930 1220 985 libenter
1255 926 1395 991 aliis,
1454 940 1554 995 pro
1583 921 1791 978 offensa
1833 936 2024 976 eorum
2052 919 2138 975 vi-

533 1023 715 1088 tanda,
749 1022 817 1075 de
847 1033 1164 1074 successuro
1193 1015 1296 1069 sibi
1354 1012 1559 1084 aliquid
1590 1010 1796 1066 referre
1828 1007 2088 1064 voluisset
2121 1025 2136 1071 ;

532 1129 602 1167 ne
633 1127 790 1166 suam
845 1116 1023 1163 tamen
1079 1121 1240 1176 paene
1277 1103 1332 1158 in
1398 1101 1651 1157 omnibus
1699 1098 1979 1176 conscium
2036 1096 2139 1150 hac

532 1200 713 1274 gratia
740 1198 794 1252 in
824 1197 933 1251 fine
980 1174 1352 1257 defraudaret,
1411 1189 1592 1244 triduo
1649 1174 1775 1242 ante
1820 1185 1998 1241 obitus
2054 1181 2138 1238 sui

534 1291 679 1346 diem
733 1286 945 1358 aperuit
994 1291 1261 1340 secretum
1310 1295 1468 1334 suum
1512 1278 1633 1332 viro
1687 1276 1788 1331 Dei
1818 1274 2133 1339 Remberto,

531 1378 678 1452 quod
704 1382 827 1447 post
856 1390 916 1428 se
936 1373 1160 1427 deberet
1191 1370 1260 1424 ad
1290 1366 1631 1439 pontificatus
1671 1364 1883 1434 apicem
1912 1375 2136 1432 promo-

532 1449 668 1523 veri.
702 1465 837 1519 Tum
867 1462 958 1517 ille
984 1459 1146 1515 reniti
1176 1456 1342 1528 cmpit
1392 1456 1460 1510 ad
1490 1462 1697 1508 tantum
1754 1449 2131 1514 ministerium,

532 1571 634 1611 nec
660 1553 866 1609 viribus
894 1565 997 1606 nec
1016 1547 1227 1603 meritis
1242 1562 1303 1601 se
1331 1545 1588 1600 idoneum
1617 1557 1740 1597 esse
1766 1538 2131 1611 proclamans.

531 1643 630 1699 Cui
658 1648 878 1698 sanctus
904 1638 1194 1709 episcopus
1235 1634 1337 1689 Dei
1391 1630 1804 1703 dispositionem
1833 1644 1956 1683 esse
1984 1642 2159 1682 com--

530 1745 842 1788 memorans
873 1727 1020 1798 quod
1046 1725 1151 1796 ipsi
1181 1721 1451 1794 praedixit,
1482 1726 1855 1790 competentes
1887 1713 2133 1770 admoni-

531 1821 709 1876 tiones
745 1816 1005 1887 adjunxit,
1056 1813 1201 1886 quod
1240 1827 1397 1866 suam
1443 1809 1772 1865 voluntatem
1820 1805 1889 1860 ad
1936 1803 2135 1858 divinm

531 1904 904 1979 dispositionis
925 1902 1186 1973 judicium
1216 1899 1494 1954 inﬂectere
1545 1896 1786 1962 deberet,
1814 1894 1969 1962 juxta
1998 1890 2133 1945 illud

531 1996 678 2053 beati
703 1996 925 2050 Thoma‘:
957 1990 1190 2047 Domino
1211 1987 1440 2044 dicentis
1463 2007 1479 2041 :
1504 1983 1768 2039 Dominus
1784 1997 1939 2036 meus
1970 1996 2032 2034 es
2051 1987 2130 2045 tu,

530 2094 586 2141 et
614 2100 721 2156 ego
740 2098 931 2138 servus
951 2088 1095 2149 tuus,
1119 2077 1211 2132 fiat
1238 2075 1490 2131 voluntas
1520 2082 1630 2127 tua.
1655 2071 1863 2125 Adhaec
1890 2067 2133 2141 glorioso

532 2155 830 2229 Remberto
882 2168 1044 2224 reniti
1100 2165 1189 2222 vel
1233 2163 1496 2220 contraire
1552 2158 1857 2217 constantia
1910 2155 2130 2223 defecit,

531 2261 752 2334 quando
782 2259 1100 2330 episcOpum
1128 2253 1384 2310 divinitus
1415 2253 1532 2306 haec
1579 2248 1857 2319 accepisse
1903 2245 2128 2300 sciebat.

527 2352 643 2406 Nec
670 2349 779 2405 ulla
794 2344 1121 2419 ambiguitas
1151 2342 1248 2397 fuit
1275 2341 1423 2396 clero
1442 2339 1529 2395 vel
1547 2337 1748 2410 populo
1776 2335 1918 2390 inter
1943 2334 2133 2405 plures

529 2439 600 2495 de
626 2437 892 2494 electione
926 2452 940 2489 :
973 2434 1074 2489 sed
1112 2433 1233 2502 ipso
1270 2445 1396 2485 mox
1442 2428 1531 2483 die
1560 2423 1917 2497 depositionis
1947 2420 2135 2477 domni

528 2525 789 2600 Ansgarii
818 2523 1171 2580 Rembertum
1199 2534 1391 2575 omnes
1430 2514 1776 2573 concorditer
1822 2512 2128 2583 elegerunt.

527 2617 664 2673 Cum
703 2614 865 2684 cujus
882 2609 1191 2667 concordiae
1212 2605 1471 2678 pacto,ad
1499 2602 1800 2675 gloriosum
1831 2609 1960 2655 tunc
1990 2606 2131 2653 tem-

524 2704 679 2777 poris
707 2717 898 2773 regem
928 2697 1259 2755 Ludovicum
1286 2694 1626 2749 adduxerunt
1654 2706 1777 2746 eum
1810 2688 1913 2745 viri
1931 2702 2132 2743 venera

525 2793 686 2858 biles,
716 2788 1033 2846 Thiadricus
1062 2783 1358 2840 Mindensis
1399 2780 1663 2837 Ecclesia:
1708 2778 2017 2848 episcOpus,
2079 2783 2133 2832 et

525 2878 855 2953 Adalgarius
885 2877 1058 2931 abbas
1086 2870 1400 2928 monasterii
1428 2885 1588 2925 novae
1605 2865 1853 2923 Corbeiae
1887 2883 1899 2919 :
1934 2878 2129 2919 susce-

526 2950 759 3043 ptusque
788 2966 856 3022 ab
912 2980 978 3020 eo
1023 2959 1341 3026 honorifice,
1402 2974 1526 3014 cum
1580 2953 1907 3027 pontiﬁcalis
1954 2950 2132 3006 baculi

2244 440 2735 510 archiepisc0pum,
2770 454 2801 493 a
2821 455 2927 510 quo
2940 439 3096 508 jussu
3126 438 3242 506 ejus
3273 436 3345 491 ita
3366 444 3447 491 est
3466 445 3840 501 consecratus,

2242 536 2299 582 ut
2327 528 2554 598 provide
2584 536 2762 583 actum
2793 527 2879 596 sit,
2912 535 3175 598 quatenus
3204 525 3259 579 in
3288 524 3615 593 adjutorium
3644 540 3847 581 conse-

2242 616 2514 683 crationis,
2550 632 2660 671 non
2692 615 2852 670 unius
2880 615 3217 685 metropolis,
3272 614 3370 669 sed
3427 629 3657 686 quarum
3719 629 3848 669 con-

2241 705 2489 759 venirent
2517 703 2871 777 suﬂ'raganei,
2890 703 3226 758 Liudhardus
3247 702 3499 758 videlicet
3529 701 3843 757 Paderbur-

2240 792 2425 847 nensis
2454 792 2763 863 episcopus,
2821 791 3099 863 pertinens
3128 792 3198 846 ad
3227 789 3562 864 Maguntiam
3586 808 3602 857 ;
3636 798 3691 845 et
3710 806 3848 861 pra:-

2241 879 2382 936 fatus
2398 880 2567 935 Thiad
2575 880 2720 936 ricus
2736 879 3112 952 suﬂ‘raganeus
3144 878 3538 950 archiepiscOpi
3558 876 3842 933 Colonien-

2241 970 2315 1024 sis
2349 987 2362 1024 :
2396 985 2531 1040 quos
2558 969 2631 1023 ita
2659 969 2959 1039 permistim
2988 968 3182 1023 adesse
3231 967 3433 1023 idcirco
3487 966 3712 1038 placuit,
3786 974 3842 1019 ut

2240 1065 2352 1112 tam
2379 1058 2539 1127 hujus
2570 1056 2994 1113 consecrationis
3023 1056 3180 1126 actio,
3243 1072 3407 1128 quam
3462 1056 3625 1111 etiam
3653 1055 3840 1109 domni

2238 1145 2495 1216 Ansgarii
2524 1145 2869 1217 primitusad
2897 1145 3082 1200 sedem
3109 1144 3284 1215 ipsam
3315 1144 3477 1198 simili
3506 1144 3671 1200 modo
3700 1142 3839 1198 facta

2239 1233 2522 1301 ordinatio,
2554 1233 2611 1288 in
2640 1234 2855 1307 signum
2885 1240 3067 1288 essent
3096 1231 3289 1287 futuris
3318 1232 3675 1307 temporibus,
3696 1230 3841 1303 quod

2236 1323 2305 1377 ad
2332 1322 2534 1377 nullam
2564 1321 2883 1378 nominatim
2928 1321 3423 1378 conditecesitatem
3471 1304 3839 1392 quorumcun-

2238 1428 2341 1483 que
2371 1410 2753 1482 episcOporum
2780 1409 3044 1481 pertineat
3095 1410 3163 1464 ad
3209 1411 3351 1466 hanc
3404 1409 3592 1465 sedem
3639 1423 3837 1464 conse-

2237 1515 2396 1555 crare
2426 1499 2759 1571 episc0pum,
2802 1498 2900 1554 sed
2928 1506 3154 1564 tantum,
3187 1505 3244 1552 ut
3272 1497 3526 1564 diximus,
3586 1496 3841 1568 palatinas

2233 1589 2338 1643 hoc
2368 1587 2721 1644 commissum
2751 1587 2819 1641 sit
2846 1586 3166 1658 prudentiae,
3201 1586 3376 1642 donec
3403 1584 3838 1642 consecrantium

2163 1702 2216 1761 Β
2237 1693 2497 1733 numerus
2528 1691 2602 1731 ex
2623 1675 2875 1749 gentibus
2892 1675 3228 1747 suppleatur.

2836 1848 3059 1905 CAPUT
3095 1848 3219 1903 XII.

2305 1983 2506 2040 Habuit
2535 1990 2714 2039 autem
2736 1982 2824 2038 hic
2854 1980 3231 2061 sanctissimus
3259 1981 3342 2037 vir
3359 1980 3488 2036 olim
3517 1981 3624 2036 hoc
3652 1986 3836 2036 votum

2233 2074 2303 2128 de
2346 2089 2405 2128 se
2468 2071 2686 2138 factum,
2738 2078 2795 2125 ut
2822 2078 2947 2142 post
2983 2070 3283 2127 discessum
3335 2070 3523 2125 domni
3578 2066 3837 2139 Ansgarii

2233 2161 2612 2218 monachicum
2639 2176 2765 2216 mox
2794 2167 2847 2215 et
2874 2159 3213 2230 propositum
3240 2158 3507 2230 acciperet
3564 2167 3615 2213 et
3675 2156 3834 2211 babi-

2232 2258 2367 2305 tum.
2393 2250 2548 2306 Unde
2606 2264 2729 2305 cum
2774 2247 3003 2303 consilio
3023 2246 3457 2303 consecrantium
3502 2261 3560 2301 se
3607 2243 3833 2317 pontiﬁ-

2233 2356 2377 2405 cum,
2409 2354 2537 2393 mox
2565 2345 2690 2408 post
2716 2336 3112 2391 ordinationem
3144 2335 3215 2391 ad
3263 2335 3652 2391 monasterium
3682 2349 3836 2389 nova:

2233 2427 2477 2484 Corbeiae
2505 2440 2826 2497 properans,
2876 2432 3085 2480 vestem
3139 2424 3359 2495 quidem
3412 2423 3556 2478 illius
3602 2422 3835 2494 promis-

2233 2516 2402 2571 sionis
2453 2532 2520 2571 ex
2574 2514 2791 2585 integro
2846 2512 3103 2583 suscepit,
3163 2510 3593 2568 conversationis
3651 2519 3835 2566 autem

2232 2604 2378 2660 illius
2416 2601 2837 2675 promissionem
2873 2601 2944 2656 ita
3000 2599 3146 2668 fecit,
3198 2608 3255 2656 ut
3307 2600 3784 2657 conversationem
3811 2619 3835 2648 ε

2235 2709 2411 2761 suam,
2434 2701 2487 2748 et
2525 2690 2851 2747 stabiliatem
2904 2705 3120 2746 morum
3173 2705 3416 2755 suorum,
3461 2697 3515 2745 et
3566 2688 3834 2745 obedien-

2232 2782 2361 2837 tiam
2386 2780 2686 2837 secundum
2715 2777 2962 2852 regulam
2992 2778 3166 2834 sancti
3203 2777 3478 2833 Benedicti
3531 2776 3833 2842 exhiberet,

2230 2871 2289 2925 in
2316 2877 2573 2941 quantum
2594 2868 2751 2924 labor
2769 2875 2824 2923 et
2863 2866 3148 2938 occupatio
3203 2865 3440 2937 suscepti
3491 2864 3834 2936 pontiﬁcatus

2230 2958 2623 3030 permitterent.
2656 2958 2726 3011 Et
2751 2963 2809 3011 ut
2837 2955 2894 3010 in
2922 2955 3080 3024 hujus
3108 2953 3484 3026 promissionis
3513 2955 3709 3010 effectu
3738 2968 3832 3009 ve-

516 3059 672 3128 juxta
700 3070 907 3112 morem
937 3075 968 3110 a
995 3047 1464 3108 commendatione
1512 3045 1860 3116 episcopatus
1894 3048 1976 3096 est
2006 3054 2122 3095 sor—
2153 3053 2203 3117 α
2234 3047 2415 3102 racius
2445 3052 2805 3113 assuesceret,
2869 3043 3108 3115 aliquem
3163 3043 3231 3098 de
3284 3042 3541 3098 fratribus
3586 3041 3832 3111 ejusdem

525 3147 653 3203 titus
707 3144 1025 3201 dominium.
1085 3141 1146 3195 In
1201 3137 1403 3195 chartis
1466 3142 1648 3190 autem
1702 3129 2127 3204 apostolicorum

521 3236 785 3293 Remanae
831 3232 977 3289 sedis
1033 3228 1367 3302 pontiﬁcum,
1425 3241 1456 3279 a
1511 3222 1707 3295 quibus
1780 3218 2127 3292 privilegium

525 3320 993 3395 archiepiscopale
1021 3318 1260 3375 sancitur
1289 3314 1405 3371 sedi
1435 3328 1599 3385 quam
1629 3320 1757 3366 tunc
1784 3310 1903 3380 ipse
1935 3323 2125 3363 susce-

524 3414 621 3486 pit,
654 3413 813 3469 etiam
843 3411 948 3466 hoc
1005 3406 1312 3465 continetur
1338 3421 1367 3461 b
1401 3445 1415 3474 ,
1447 3409 1505 3457 ut
1524 3401 1652 3473 quia
1679 3405 1904 3470 propter
1931 3395 2126 3453 novel-

520 3503 632 3559 lam
669 3501 912 3572 ejusdem
955 3497 1101 3554 sedis
1130 3494 1540 3558 institutionem,
1599 3497 1653 3545 et
1707 3487 1940 3543 necdum
1996 3501 2127 3542 con-

522 3608 715 3648 versos
744 3591 813 3646 ad
844 3587 1009 3644 fidem
1046 3584 1278 3658 populos
1324 3578 1660 3653 suﬂ'raganei
1703 3593 1815 3632 non
1860 3575 2128 3630 habentur

524 3679 786 3752 episcopi,
841 3694 871 3732 a
920 3675 1117 3747 quibus
1155 3672 1453 3729 decedente
1506 3685 1616 3723 uno
1671 3666 1810 3721 alter
1859 3662 2127 3734 archiepi-

518 3751 719 3840 scopus
750 3771 1210 3828 consecraretur;
1242 3759 1494 3831 palatina;
1514 3755 1733 3811 interim
1763 3751 2125 3825 providentiae

523 3855 930 3913 succedentium
975 3868 1076 3923 per
1122 3858 1364 3920 tempora
1408 3844 1726 3918 pontiﬁcum
1782 3840 2124 3898 consecratio

523 3945 593 4002 sit
621 3944 933 4013 commissa,
979 3941 1154 3998 donec
1183 3953 1446 3995 numerus
1485 3932 1949 4004 suifraganeorum
2002 3928 2124 4000 epi-

520 4051 811 4107 scoporum
855 4031 1115 4090 canonice
1142 4045 1269 4086 eum
1315 4039 1640 4084 consecrare
1688 4018 2000 4076 debentium
2058 4034 2126 4072 ex

518 4123 775 4198 gentibus
806 4121 1142 4195 suppleatur.
1176 4120 1310 4175 Cum
1339 4116 1498 4185 hujus
1527 4128 1663 4186 ergo
1683 4110 1751 4166 ad
1767 4107 2124 4198 ordinandum

519 4197 643 4269 eum
671 4211 877 4269 tenoris
934 4208 1297 4265 insinuatione
1348 4202 1714 4260 venerabilem
1770 4197 2123 4255 Rembertum

585 4384 605 4411 ³
642 4376 756 4425 Haec
779 4372 929 4423 verba
946 4373 996 4421 in
1022 4370 1228 4432 gratiam
1276 4364 1540 4429 imperialis
1585 4360 1892 4432 investiturte
1934 4359 2120 4432 iutr_usa

520 4443 668 4494 fuisse
693 4445 912 4503 tempore
955 4425 1152 4487 Henrici
1196 4425 1360 4503 quarti
1402 4434 1572 4503 censet
1601 4425 2117 4503 uiienscbcnius,"hac

522 4492 734 4560 niaxime
760 4492 946 4556 ratione
964 4504 1157 4563 ductus,
1185 4492 1312 4562 quod
1338 4499 1388 4547 in
1413 4496 1659 4560 primariis
1707 4493 1926 4563 ecclesias
1969 4492 2121 4563 Ham-

522 4557 775 4637 btirgensis
800 4576 850 4622 et
876 4557 1154 4620 Bremensis
1177 4557 1443 4637 privilegiis
1478 4563 1663 4637 nullum
1684 4561 1835 4637 hujus
1859 4559 1930 4637 rei
1974 4557 2124 4637 vesti-

521 4625 651 4707 gium
678 4639 989 4707 apparet._Et
1014 4625 1193 4707 tamen"
1219 4625 1455 4707 ‘Adanius‘2
1482 4629 1714 4707 ‘Hettr-ici
1745 4625 1962 4707 aequalis,
2015 4625 2122 4707 haec

522 4690 775 4773 privilegia
802 4716 891 4768 pro
906 4699 1193 4773 investitura
1216 4697 1458 4773 imperiali
1468 4696 1647 4773 .laudat
1667 4694 1745 4773 his
1762 4691 1925 4743 verbis
1948 4690 2122 4773 capitis

520 4757 595 4826 ξεί
615 4757 873 4824 {Palla-tm
899 4769 1186 4820 Rcmbertus
1223 4757 1509 4828 pontiﬁcale
1532 4764 1748 4823 suscepit
1769 4776 1799 4811 a
1820 4770 1952 4818 papa
1976 4757 2124 4828 {Vico-

520 4821 616 4900 l—ao,
645 4821 858 4901 ferulam
881 4834 1173 4901 pastoralem
1191 4821 1238 4883 α’
1256 4821 1467 4901 Cresam
1497 4821 1832 4901 (scribendum
1856 4821 1995 4888 rege)
2024 4824 2125 4875 Lu-

522 4898 769 4967 theoutco,
797 4905 935 4954 sicut
956 4905 1005 4952 in
1028 4900 1312 4963 privilegiis
1330 4899 1547 4961 dignosci
1566 4898 1742 4959 potest.

580 4994 606 5032 b
636 4992 819 5052 Nempe
841 4988 889 5037 in
917 4986 1170 5050 privilegio
1195 4982 1415 5045 Gregorii
1442 4994 1576 5052 papae
1622 4979 1703 5040 IV,
1712 4979 1776 5052 in
1802 4990 1895 5040 quo
1942 4976 2124 5052 haben-

521 5062 600 5109 tur
624 5070 679 5106 ea
708 5045 813 5118 quae
836 5045 1117 5116 sequuntur'
1149 5052 1196 5101 in
1245 5052 1373 5101 hunc
1416 5048 1611 5118 modum
1637 5061 1650 5097 :
1702 5045 2123 5118 Conseorationem

517 5137 632 5175 vero
654 5112 1014 5173 succedentium
1038 5119 1362 5171 sacerdotum.
1392 5117 1539 5167 donec
1561 5112 1940 5164 consecrantium
1964 5122 2126 5160 nume-

515 5203 608 5243 rus
629 5193 869 5251 augeatur
890 5200 955 5238 ea:
978 5186 1221 5250 gentibus,
1246 5195 1403 5235 sacra
1421 5181 1663 5244 palatina:
1696 5178 2021 5241 providentiae
2042 5179 2122 5228 in-

517 5258 663 5310 terim
686 5256 1049 5308 committimus.

585 5356 607 5384 c
633 5341 714 5393 Sic
740 5338 852 5390 libri
878 5338 993 5390 editi
1020 5336 1145 5400 apud
1170 5335 1446 5398 Philippum
1470 5333 1716 5400 Caesarem
1743 5332 1793 5379 et
1818 5327 2119 5379 Bollandum.

515 5410 623 5461 Erit
651 5410 815 5459 forsan
843 5408 921 5469 qui
947 5398 1204 5469 legendum
1232 5406 1391 5466 putet,
1450 5405 1507 5449 ut
1531 5398 1902 5469 stabilitatm,_
1926 5401 1977 5445 et
2011 5407 2123 5469 00!!-

514 5477 786 5528 vcrsioncm
805 5461 1248 5533 morum—suorum,
1282 5461 1403 5530 eth,
1453 5466 1801 5517 convenienter
1845 5463 1908 5514 ad
1943 5461 2123 5525 regula:

2226 3134 2542 3191 monasterii
2572 3133 2675 3188 sibi
2705 3132 2952 3204 praeteri
2985 3132 3232 3204 rogabat,
3265 3147 3389 3187 cum
3419 3145 3544 3203 quo,
3578 3130 3707 3202 quia
3726 3129 3832 3201 ipsi

2225 3225 2280 3280 in
2310 3223 2642 3280 monasterio
2672 3237 2795 3277 esse
2823 3236 2933 3276 non
2955 3219 3126 3285 licuit,
3159 3218 3410 3275 solatium
3438 3218 3666 3274 haberet
3692 3217 3829 3273 assi-

2225 3313 2345 3369 duae
2373 3312 2502 3368 inde
2530 3309 2898 3367 meditationis
2917 3317 2972 3364 et
3000 3323 3160 3363 usum
3216 3306 3531 3364 continendi
3567 3321 3631 3362 se
3678 3307 3833 3376 juxta

2224 3403 2576 3458 moderamen
2633 3398 2884 3467 regulare
2941 3397 3089 3469 quod
3142 3396 3407 3468 promisit.
3456 3395 3543 3451 Ad
3586 3395 3736 3467 quod
3781 3394 3830 3451 ei

2224 3490 2478 3563 deputari
2508 3488 2707 3561 placuit
2734 3486 3006 3560 insignem
3037 3484 3451 3542 conversatione
3477 3483 3673 3551 virum,
3705 3498 3830 3557 gra-

2225 3581 2299 3635 du
2340 3579 2649 3645 diaconum,
2723 3575 2944 3632 nomine
2991 3573 3341 3646 Adalgarium
3361 3581 3389 3623 d
3435 3615 3450 3640 ,
3509 3587 3823 3646 germanum

2223 3668 2478 3725 videlicet
2497 3675 2552 3722 et
2578 3665 2917 3738 mquivocum
2946 3663 3159 3719 abbatis
3190 3662 3435 3732 ejusdem
3483 3661 3822 3728 monasterii,

2222 3758 2292 3813 de
2322 3773 2429 3828 quo
2459 3771 2623 3827 supra
2651 3754 2903 3810 diximus.
2938 3752 3036 3807 Hic
3063 3752 3146 3808 vir
3173 3750 3500 3807 venerabilis
3520 3750 3575 3804 in
3597 3765 3822 3807 conver-

2224 3845 2450 3902 sationis
2480 3845 2597 3914 ejus
2624 3842 2923 3898 imitatione
2961 3840 3123 3896 simul
3149 3848 3205 3896 et
3232 3839 3593 3897 successionis
3641 3838 3819 3911 digni-

2222 3943 2330 3991 tate
2373 3934 2552 3991 adhuc
2587 3931 2750 3988 hodie
2810 3937 3079 4001 superest,
3131 3944 3255 3984 cum
3298 3926 3483 3983 multis
3527 3926 3650 3982 aliis
3689 3935 3819 3983 atte-

2222 4032 2393 4091 stans,
2426 4021 2551 4095 quia
2577 4028 2794 4077 sanctus
2822 4017 3100 4091 pontiﬁex,
3123 4017 3280 4086 cujus
3308 4016 3474 4073 vitam
3503 4016 3816 4082 scribimus,

2220 4112 2355 4168 nihil
2373 4128 2439 4167 ex
2493 4110 2776 4168 occasione
2833 4123 2981 4164 curae
3036 4105 3327 4178 pastoralis
3383 4106 3452 4161 de
3506 4105 3819 4161 monachica

2177 4206 2181 4210 ’
2221 4200 2553 4274 perfectione
2581 4196 2901 4271 perdiderit,
2933 4195 3070 4251 adeo
3123 4203 3180 4250 ut
3233 4194 3416 4250 nullus
3470 4193 3637 4249 etiam
3683 4193 3817 4248 intra

2230 4368 2406 4415 nostrae
2430 4364 2576 4425 caput
2598 4362 2682 4423 58,
2709 4360 2789 4410 ubi
2813 4359 2920 4409 haec
2942 4356 3092 4407 verba
3120 4375 3131 4405 :
3160 4355 3517 4425 Suscipiendu:
3574 4360 3734 4407 autem
3773 4354 3818 4405 in

2148 4415 2199 4475 D
2231 4431 2442 4481 oratorio
2465 4415 2625 4479 coram
2637 4415 2860 4476 omnibus
2879 4425 3132 4486 promittat
3151 4424 3211 4472 de
3235 4415 3507 4473 stabilitate
3528 4427 3696 4481 sua,ct
3714 4434 3818 4471 coa-

2220 4498 2441 4548 vcrsionc
2505 4507 2693 4546 morum
2755 4504 2977 4553 suorum,
3025 4496 3075 4539 ct
3132 4489 3407 4540 obcdicntia
3486 4502 3651 4539 coram
3724 4489 3819 4537 Deo

2219 4570 2267 4616 ct
2288 4565 2468 4616 sanctis
2493 4562 2687 4624 cjus.Et
2711 4561 2837 4610 hanc
2861 4558 3054 4620 quidem
3081 4556 3624 4624 professionisformam
3652 4557 3817 4624 hacte-

2220 4643 2310 4681 nus
2334 4623 2583 4693 sequimur
2605 4625 2908 4693 Benedictini
2931 4635 3119 4693 omnes.
3148 4623 3325 4673 Verum
3351 4623 3617 4693 aliqmodo
3643 4623 3816 4673 editam

2219 4688 2534 4748 aRemberto
2582 4695 2729 4745 fuisse
2801 4691 3149 4755 professionem
3199 4692 3334 4752 puto.
3376 4688 3496 4751 Quia
3540 4689 3672 4739 enim
3720 4688 3817 4750 ejus

2219 4765 2556 4825 dignitasnon
2576 4761 2768 4811 sinebat
2788 4761 2946 4821 ipsum
2971 4758 3019 4807 in
3056 4756 3352 4825 monasterio
3376 4755 3644 4818 persistere
3674 4775 3688 4815 ;
3712 4759 3817 4805 tan-

2220 4820 2324 4881 tum
2347 4820 2655 4882 stabilitatem
2678 4820 2864 4877 morum
2885 4826 3147 4875 secundum
3171 4824 3391 4884 regulam
3433 4824 3589 4872 sancti
3613 4820 3815 4872 Benedi-

2218 4899 2302 4955 cti,
2333 4909 2426 4946 non
2452 4896 2766 4946 stabilitatem
2792 4893 2842 4942 in
2870 4890 3183 4950 monasterio,
3213 4890 3311 4939 Deo
3335 4888 3486 4938 vovit.
3514 4890 3617 4951 Quo
3642 4888 3715 4942 fit.
3764 4891 3812 4935 ut

2221 4969 2405 5014 rectam
2432 4962 2580 5024 hujus
2603 4963 2695 5012 loci
2719 4960 2975 5010 lectionem
3005 4956 3301 5007 existimem.
3331 4957 3479 5024 Porro
3501 4955 3550 5004 in
3577 4956 3667 5005 hoc
3693 4955 3812 5003 facto

2219 5031 2341 5081 illud
2369 5022 2624 5080 observata
2651 5029 2848 5088 dignum
2876 5029 2973 5084 est,
2999 5024 3316 5075 Rembertum
3366 5022 3494 5071 nulla
3538 5022 3810 5084 probatione

2222 5099 2351 5148 facta
2375 5097 2436 5147 ad
2460 5096 2808 5158 professionem
2855 5093 2967 5142 vita:
3015 5089 3298 5141 monasticis
3340 5088 3605 5140 admissum
3649 5088 3808 5139 fuisse.

2219 5167 2347 5225 Lege
2366 5164 2631 5226 superioris
2654 5161 2773 5213 tomi
2799 5158 3151 5224 praefationem.

2288 5297 2315 5337 d
2338 5284 2460 5334 Hinc
2485 5286 2626 5347 paret
2650 5280 2980 5343 Adalgarium,
3007 5276 3088 5340 qui
3130 5272 3393 5327 Remberto
3415 5273 3672 5332 successit,
3717 5282 3807 5321 non

2220 5368 2369 5420 fuisse
2393 5368 2608 5419 Corbeiaz
2632 5367 2879 5430 abbatem,
2895 5366 2951 5415 ut
2966 5364 3099 5414 recte
3118 5362 3290 5411 contra
3316 5360 3608 5410 Letznerum
3632 5354 3814 5408 notavit

2219 5453 2570 5505 Henscbenius.
