4086 6300
203 337 335 391 1001

1749 327 1930 385 VITA.

3373 340 3510 396 1002

200 463 320 533 ipsa
379 457 709 516 monasteria
754 457 1064 525 viventium,
1123 457 1477 511 instrumenta
1535 457 1805 510 bonorum
1835 462 1880 516 Α
1904 473 2008 527 que
2030 457 2096 510 ad
2118 457 2220 512 hoc
2241 455 2419 527 ipsum
2442 455 2496 510 in
2525 470 2660 512 zona
2690 473 2786 512 sua
2811 460 3090 530 marsupio
3119 477 3242 516 cum
3271 462 3511 517 nummis

210 566 460 623 operum,
495 565 614 620 quae
651 563 838 602 eorum
887 547 1082 618 regula
1129 552 1520 601 commemorat
1551 546 1696 616 (cap.
1733 545 1807 613 4),

210 656 366 712 mque
397 646 454 693 ut
487 638 604 708 ipse
635 636 1030 692 observaverit.
1056 636 1220 704 Cujus
1252 634 1394 689 facta
1423 634 1640 706 quidem
1671 633 1758 688 vix
1782 648 1814 686 a

211 729 372 783 nobis
400 725 658 798 explicari
688 732 915 796 possunt
949 742 961 778 :
998 725 1096 780 sed
1143 724 1515 796 quotidianam
1545 723 1662 791 ejus
1691 738 1812 777 cum

213 818 332 872 Deo
382 814 870 881 conversationem,
906 821 957 867 et
989 813 1228 867 animum
1274 813 1415 868 coelo
1463 828 1681 882 semper
1727 810 1814 864 in-

213 913 441 972 tentum,
473 911 672 958 nostrae
703 902 932 956 tenuitas
963 901 1203 956 scientia
1225 916 1566 972 nequaquam
1597 899 1814 954 edicere

212 993 302 1049 vel
334 993 525 1048 saltem
571 991 914 1063 perpendere
945 991 1103 1045 valet.
1139 990 1320 1045 Grave
1368 989 1595 1044 ducebat
1643 987 1816 1042 ullum

214 1091 429 1153 tempus
472 1097 704 1137 vacuum
748 1081 954 1150 absque
1004 1096 1169 1150 opere
1201 1079 1301 1133 Dei
1332 1078 1638 1149 transigere
1672 1093 1683 1131 :
1721 1075 1816 1130 sed

214 1170 445 1227 orationi
472 1170 653 1235 lectio,
687 1169 908 1224 lectioni
939 1185 1156 1238 semper
1201 1167 1344 1238 apud
1374 1167 1525 1221 illum
1557 1165 1819 1220 successit

215 1260 385 1316 oratio
419 1277 432 1313 :
468 1268 518 1314 et
550 1259 595 1312 si
624 1257 825 1329 aliquid
875 1257 1218 1321 accessisset,
1254 1257 1399 1327 quod
1437 1271 1560 1310 eum
1591 1255 1657 1308 ab
1687 1269 1817 1309 ora-

217 1350 363 1404 tione
392 1347 654 1419 impedire
702 1347 991 1411 videretur,
1043 1362 1262 1416 semper
1307 1354 1487 1399 tamen
1534 1361 1652 1415 qua
1677 1344 1819 1411 justa

218 1447 343 1493 sunt
372 1453 561 1509 agens,
596 1436 712 1491 sine
744 1435 1143 1490 intermissione
1168 1434 1482 1489 sentiendus
1505 1441 1587 1488 est
1607 1448 1815 1498 orasse,

217 1535 276 1582 ut
323 1528 510 1581 beatus
558 1525 717 1579 docet
766 1523 1101 1596 Augustinus
1146 1541 1158 1576 :
1207 1524 1323 1592 Illi,
1369 1522 1573 1593 inquit,
1628 1522 1718 1592 qui
1767 1521 1821 1574 in

219 1616 403 1670 divino
449 1623 702 1669 versatur
749 1612 945 1682 oﬂicio,
980 1612 1163 1667 omnia
1209 1620 1362 1682 gesta
1411 1611 1526 1679 ejus
1570 1610 1821 1682 dictaque

220 1720 318 1776 pro
347 1703 588 1759 oratione
621 1710 956 1772 reputantur.

818 1839 1041 1896 CAPUT
1071 1839 1220 1893 XIII.

294 1949 611 2022 Vigiliarum
641 1964 798 2002 usum
829 1947 1180 2001 moderanter
1210 1945 1406 2016 agebat
1439 1960 1451 1998 :
1487 1943 1822 1997 abstinentiae

222 2040 447 2095 modum
475 2039 547 2092 ita
573 2037 832 2103 exercuit,
866 2043 924 2090 ut
956 2052 1169 2106 semper
1198 2034 1274 2089 illi
1307 2041 1489 2089 essent
1512 2033 1826 2104 quotidiana

221 2129 446 2200 jejunia,
479 2135 530 2182 et
560 2126 784 2182 refectio
830 2125 1136 2180 satietatem
1177 2124 1408 2194 fugiens.
1445 2125 1504 2176 In
1536 2138 1642 2194 quo
1669 2122 1826 2176 vide-

226 2219 353 2273 licet
380 2219 483 2272 hoc
527 2215 853 2280 attendebat,
901 2223 956 2269 ut
995 2214 1147 2282 juxta
1195 2213 1406 2267 beatum
1437 2212 1829 2281 Hieronymum

224 2308 296 2362 ita
314 2305 561 2376 corporis
582 2304 858 2376 frangeret
874 2303 1184 2373 appetitum,
1207 2311 1264 2356 ut
1285 2309 1465 2356 tamen
1482 2302 1550 2355 ad
1568 2301 1830 2355 lectiones

226 2403 278 2450 et
327 2394 682 2466 psalmodiam
729 2400 886 2463 atque
934 2392 1003 2446 ad
1051 2391 1232 2444 altaris
1261 2406 1321 2444 ac
1351 2388 1695 2459 pontificatus
1747 2388 1830 2442 sui

225 2484 463 2540 ofﬁcium
485 2482 630 2537 vires
652 2481 699 2537 ei
723 2497 829 2535 non
851 2479 1166 2535 deficerent.
1199 2501 1220 2528 ε
1248 2479 1393 2532 Nihil
1417 2479 1559 2532 enim
1583 2478 1829 2548 prodest,

225 2581 286 2630 ut
315 2573 388 2627 ait
433 2572 575 2626 idem
627 2571 990 2640 Hieronymus
1039 2570 1226 2639 (epist.
1278 2572 1345 2624 2’2
1398 2569 1469 2622 ad
1517 2566 1826 2636 Emtae/1.),

228 2661 396 2717 biduo
427 2661 708 2730 triduoque
737 2674 967 2713 vacuum
1013 2666 1227 2727 portare
1258 2665 1522 2718 ventrem,
1556 2656 1599 2708 si
1630 2655 1834 2726 pariter

227 2751 505 2814 obruatur,
541 2749 584 2802 si
614 2755 998 2817 compensatur
1046 2745 1318 2799 saturitate
1357 2743 1640 2813 jejunium.
1684 2744 1834 2798 Illico

230 2835 375 2891 enim
430 2835 584 2887 mens
644 2831 853 2901 repleta
908 2830 1188 2900 torpescit,
1248 2837 1301 2883 et
1359 2829 1579 2898 irrigata
1639 2829 1834 2881 humus

229 2925 412 2996 spinas
433 2921 715 2976 libidinum
741 2927 984 2990 generat.
1015 2940 1035 2967 ν
1064 2918 1222 2986 Quod
1249 2917 1329 2972 vir
1350 2917 1468 2983 Dei,
1492 2925 1548 2970 ut
1578 2917 1830 2983 diximus,

229 3014 287 3068 in
317 3029 375 3067 se
402 3027 599 3067 cavere
621 3010 830 3075 volens,
854 3008 1202 3062 moderamen
1219 3006 1409 3076 jejunii
1431 3007 1503 3060 ita
1525 3005 1831 3074 custodivit,

233 3112 293 3158 ut
322 3101 584 3157 Dominus
614 3099 668 3153 in
699 3098 1002 3170 Evangelio
1023 3098 1240 3152 Judaeos
1270 3112 1524 3168 arguens,
1560 3095 1703 3166 quod
1735 3111 1836 3149 nec

1848 1812 1901 1871 B

1915 562 2132 616 semper
2163 547 2434 614 utebatur,
2468 554 2523 600 ut
2555 546 2599 599 si
2628 547 2846 618 quando
2877 548 3220 619 dispensator
3265 551 3509 606 eleemo-

1915 652 2064 704 synae
2096 651 2208 690 sua:
2237 634 2290 688 in
2323 634 2557 689 adventu
2578 636 2788 707 egentis
2811 637 3045 703 deesset,
3066 637 3182 708 ipse
3213 638 3330 693 sine
3358 655 3513 695 mora

1915 723 2138 778 haberet
2184 724 2328 794 quod
2376 725 2550 778 daret.
2603 725 2785 779 Inerat
2834 725 2978 780 enim
3007 725 3058 780 ei
3089 727 3412 797 sollicitudo,
3444 744 3514 784 ne

1915 812 2034 883 quis
2081 812 2260 866 talium
2294 828 2325 866 a
2354 829 2411 866 se
2445 813 2560 866 sine
2608 812 2873 868 levamine
2923 815 3248 882 abcedaret;
3295 817 3514 887 suisque

1917 901 2114 955 similia
2135 902 2338 971 jugiter
2360 901 2790 956 adhortationem
2811 902 3037 969 faciens,
3065 904 3242 958 dicere
3274 905 3514 960 solebat:

1922 1014 1942 1037 «
1978 992 2101 1045 Non
2130 991 2450 1044 tardandum
2479 999 2561 1045 est
2593 999 2649 1044 ut
2678 992 2886 1046 cunctis
2931 993 3260 1063 pauperibus
3292 1010 3516 1049 succur-

1918 1095 2121 1145 ramus,
2157 1079 2278 1149 quia
2310 1079 2432 1150 quis
2475 1079 2544 1134 sit
2589 1080 2852 1146 Christus,
2904 1081 2989 1136 vel
3038 1082 3255 1152 quando
3305 1082 3374 1137 ad
3421 1097 3523 1138 nos

1919 1168 2084 1235 venit,
2117 1167 2454 1240 ignoramus.
2496 1190 2518 1218 ι

2527 1293 2749 1348 CAPUT
2786 1293 2907 1349 XV.

1993 1419 2205 1472 Interea
2226 1417 2378 1486 juxta
2407 1417 2832 1473 admonitionem
2876 1418 3019 1473 beati
3051 1418 3325 1492 Gregorii,
3361 1419 3524 1476 etiam

1923 1507 2322 1577 eleemosynam
2347 1507 2498 1561 verbi
2525 1507 2863 1562 incessanter
2883 1524 3075 1580 agens,
3101 1509 3357 1565 doctrina
3387 1509 3526 1564 salu-

1922 1597 2053 1650 taris
2085 1596 2263 1650 studio
2287 1596 2490 1668 jugiter
2539 1596 2789 1662 instabat,
2823 1597 3074 1652 recolens
3104 1598 3248 1669 quod
3275 1597 3418 1653 idem
3451 1600 3526 1653 ait

1925 1686 2117 1740 doctor
2146 1687 2316 1755 (hom.
2352 1686 2405 1754 6)
2441 1703 2452 1738 :
2484 1684 2611 1738 Plus
2642 1701 2762 1740 esse
2793 1694 2848 1739 ut
2880 1686 3034 1741 verbi
3074 1686 3274 1756 pabulo
3316 1687 3527 1742 victura

1926 1773 1980 1827 in
2031 1783 2355 1844 perpetuum
2402 1790 2556 1828 mens
2601 1772 2888 1840 reﬁciatur,
2922 1792 3083 1846 quam
3126 1783 3314 1830 venter
3358 1776 3527 1831 mori-

1925 1870 2055 1918 tura:
2085 1863 2263 1918 carnis
2293 1878 2434 1933 pane
2467 1871 2688 1917 terreno
2722 1863 2963 1918 satietur.
3015 1864 3183 1932 Hujus
3230 1863 3306 1919 rei
3353 1864 3530 1936 gratia

1926 1960 2235 2022 excerptum
2266 1951 2572 2022 legentibus
2602 1951 2730 2006 utile
2760 1952 2828 2006 de
2857 1952 3026 2006 nibris
3069 1953 3244 2008 sancti
3274 1952 3532 2026 Gregorii

1928 2039 2071 2108 fecit,
2109 2048 2156 2094 et
2189 2040 2412 2110 propria
2437 2055 2602 2094 manu
2631 2040 2973 2111 conscripsit,
3007 2041 3372 2112 epistolasque
3402 2057 3514 2096 non

1926 2129 2106 2183 nullas
2136 2128 2511 2184 aadilicationis
2560 2129 2747 2199 plenas
2791 2129 2860 2183 ad
2909 2129 3158 2184 diversos
3206 2129 3530 2201 composuit,

1930 2235 2160 2288 quarum
2210 2235 2315 2272 una
2347 2226 2429 2273 est
2459 2219 2530 2272 ad
2563 2219 2853 2288 quamdam
2902 2218 3002 2274 Dei
3049 2218 3302 2274 ancillam
3327 2218 3382 2274 in
3409 2235 3532 2274 mo-

1929 2307 2165 2361 nasterio
2215 2307 2361 2376 quod
2410 2306 2607 2361 dicitur
2657 2307 2837 2361 Herisi
2867 2315 2891 2341 ³
2920 2307 3306 2372 constitutum,
3367 2315 3535 2363 caete-

1931 2412 2132 2466 rasque
2164 2411 2378 2449 sorores
2408 2395 2608 2448 ibidem
2640 2395 2695 2448 in
2726 2395 2824 2448 Dei
2866 2394 3123 2449 famulatu
3154 2395 3532 2450 consistentes.

1931 2485 2058 2539 Hmc
2089 2492 2268 2538 autem
2301 2483 2502 2538 famula
2534 2483 2652 2548 Dei,
2679 2483 2746 2537 de
2769 2499 2873 2553 qua
2901 2483 3192 2554 loquimur,
3227 2483 3404 2554 neptis
3425 2492 3540 2539 erat

1931 2572 2259 2627 venerabilis
2309 2571 2551 2642 episcopi
2599 2571 2893 2637 Liuthardi,
2951 2572 3104 2641 cujus
3164 2588 3330 2642 supra
3385 2588 3542 2628 men-

1932 2657 2134 2712 tionem
2175 2656 2419 2721 fecimus,
2457 2656 2544 2727 qui
2578 2672 2635 2710 se
2669 2664 2856 2712 sancto
2889 2655 3006 2710 viro
3036 2671 3157 2710 cum
3189 2654 3336 2710 omni
3367 2657 3540 2713 devo—

1933 2744 2094 2800 tionis
2151 2743 2346 2800 aﬁectu
2400 2745 2475 2798 ita
2533 2743 2878 2810 devinxerat,
2931 2751 2987 2798 ut
3036 2759 3144 2798 non
3193 2744 3371 2798 solum
3426 2745 3544 2815 ipse

1937 2833 2237 2888 sanctitatis
2265 2833 2382 2901 ejus
2411 2841 2622 2888 amator
2650 2832 2904 2898 existere,
2940 2849 3132 2888 verum
3164 2831 3325 2887 etiam
3357 2848 3550 2888 omnes

1935 2924 2002 2977 ad
2050 2939 2108 2976 se
2158 2937 2376 2994 quoquo
2436 2923 2598 2976 modo
2647 2921 2980 2992 pertinentes
3029 2921 3105 2975 illi
3157 2921 3547 2977 commendare

1938 3011 2220 3076 studuerit,
2257 3011 2530 3082 praecipue
2560 3011 2719 3064 istam
2761 3011 2829 3065 de
2874 3026 2977 3081 qua
3025 3009 3300 3080 loquimur
3341 3010 3408 3064 ab
3458 3010 3548 3063 in-

1939 3099 2102 3154 fantia
2147 3102 2263 3154 Deo
2311 3100 2568 3167 oblatam,
2605 3099 2737 3153 etin
2783 3098 3092 3171 virginitate
3135 3105 3546 3168 permanentem

231 3193 498 3248 Joannem
541 3189 894 3258 jejunantem,
949 3203 1050 3242 nec
1099 3188 1276 3256 ipsum
1323 3186 1739 3239 manducantem
1791 3191 1840 3236 et
1873 3173 2154 3259 Cneptem
2187 3204 2357 3254 suam,
2392 3205 2512 3259 quae
2545 3195 2595 3242 et
2619 3187 2840 3258 propria
2880 3187 3167 3242 devotione
3215 3186 3536 3257 promeruit,

232 3281 507 3336 bibentem
536 3277 892 3348 susciperent,
927 3275 1155 3344 subjecit
1176 3275 1364 3329 dicens
1389 3293 1400 3326 :
1428 3276 1494 3328 Et
1516 3273 1836 3344 justiﬁeata

235 3375 323 3428 est
351 3370 632 3442 sapientia
662 3385 696 3422 a
726 3367 866 3435 ﬁliis
896 3366 1014 3421 suis
1045 3365 1263 3435 (Matth.
1291 3379 1368 3428 x1,
1398 3362 1514 3432 19‘);
1540 3361 1835 3416 ostendens

232 3477 334 3532 per
352 3460 456 3514 hoc
477 3456 614 3512 filios
637 3455 913 3526 sapientiae
936 3453 1266 3525 intelligere,
1292 3468 1394 3506 nec
1416 3451 1470 3505 in
1489 3451 1830 3515 abstinendo,

232 3565 337 3605 nec
367 3549 420 3602 in
451 3545 823 3600 manducando
855 3559 976 3598 esse
1003 3542 1284 3612 justitiam,
1313 3541 1409 3595 sed
1441 3541 1494 3593 in
1522 3539 1834 3610 {equanimi-

233 3646 344 3695 tate
391 3634 655 3691 tolerandi
703 3633 956 3703 inopiam,
991 3640 1043 3686 et
1072 3629 1486 3701 temperantiam
1517 3645 1616 3699 per
1657 3628 1835 3682 abun-

232 3727 475 3782 dantiam
512 3739 621 3779 non
652 3739 710 3778 se
741 3721 1144 3792 corrumpendi,
1193 3729 1355 3790 atque
1400 3726 1703 3789 Opportune
1749 3734 1837 3770 su-

236 3815 421 3872 mendi
451 3814 536 3870 vel
578 3828 687 3868 non
731 3810 980 3867 sumendi
1011 3827 1091 3875 ea,
1127 3825 1355 3880 quorum
1401 3824 1510 3863 non
1555 3823 1706 3876 usus,
1741 3806 1838 3861 sed

235 3901 671 3976 concupiscentia
699 3899 1146 3972 reprehendenda
1176 3907 1276 3954 est.

643 4084 668 4110 ο
834 4052 1062 4107 CAPUT
1091 4051 1238 4105 XIV.

311 4163 585 4235 Quidquid
631 4175 762 4217 vero
818 4160 980 4214 etiam
1026 4158 1096 4212 ad
1145 4173 1278 4214 usus
1321 4163 1374 4211 et
1419 4153 1838 4209 sustentationes

236 4269 539 4329 pauperum
567 4252 740 4306 beatae
769 4247 1047 4304 memoria:
1090 4247 1348 4301 decessor
1380 4261 1508 4298 suus
1539 4243 1836 4296 institutum

234 4344 492 4409 habebat,
544 4341 599 4395 in
641 4339 789 4394 nullo
837 4339 941 4392 hoc
988 4337 1105 4407 ipse
1153 4335 1360 4404 disjecit
1409 4351 1420 4387 :
1474 4333 1570 4387 sed
1621 4347 1839 4387 omnem

241 4449 433 4492 curam
463 4439 515 4487 et
545 4427 875 4500 diligentiam
905 4426 1218 4490 adhibebat,
1249 4432 1304 4478 ut
1335 4422 1518 4478 omnia
1549 4422 1618 4476 ad
1648 4421 1702 4474 id
1733 4428 1840 4474 sta-

1934 3286 1988 3332 ut
2033 3277 2280 3331 unicam-
2309 3276 2613 3331 dilectionis
2662 3293 2772 3332 sua:
2819 3275 2985 3330 filiam
3029 3275 3112 3331 vir
3161 3284 3376 3330 sanctus
3425 3291 3548 3331 eam

1937 3365 2218 3421 nominare
2250 3365 2438 3420 solitus
2469 3365 2554 3419 sit.
2590 3364 2724 3433 Qum
2743 3364 2867 3420 licet
2893 3380 3095 3419 nomen
3124 3380 3277 3420 suum
3309 3365 3544 3422 vitandas

1930 3455 2203 3524 jactantim
2233 3471 2395 3510 causa
2444 3454 2621 3524 palam
2668 3453 2800 3508 nolit
2847 3453 3005 3522 edici,
3041 3454 3212 3522 ipsam
3263 3462 3443 3509 tamen
3471 3453 3541 3510 ad

1939 3543 2351 3598 aedificationem
2382 3543 2552 3598 sacris
2582 3541 2899 3612 virginibus,
2934 3541 3176 3612 quamvis
3223 3543 3389 3597 tacito
3435 3559 3542 3598 no-

1937 3633 2082 3687 mine
2113 3633 2227 3700 ejus
2260 3633 2326 3686 ad
2357 3647 2520 3702 quam
2570 3630 2881 3701 specialiter
2930 3631 3127 3700 scripta
3156 3637 3272 3696 est,
3305 3630 3392 3686 hic
3440 3647 3546 3703 po-

1937 3737 2068 3776 nere
2098 3720 2443 3776 decrevimus
2473 3719 2753 3790 epistolam
2795 3718 2863 3772 ita
2902 3735 2960 3773 se
2987 3718 3273 3773 habentem
3302 3717 3350 3774 δ.

2015 3831 2037 3860 α
2075 3809 2420 3865 Charissimae
2444 3806 2567 3863 tilia:
2589 3807 2908 3878 caterisque
2929 3807 3227 3878 virginibus
3249 3816 3301 3862 et
3323 3809 3540 3879 sponsis

1939 3895 2136 3949 Christi
2164 3896 2521 3959 Ramnenrus,
2549 3893 2735 3966 gregis
2766 3893 2866 3948 Dei
2895 3891 3016 3947 vilis
3046 3891 3316 3963 servulus,
3349 3892 3403 3947 in
3438 3895 3540 3950 Do-

1938 3983 2087 4040 mino
2120 3983 2369 4038 salutem.

2015 4094 2036 4122 »
2073 4075 2262 4127 Frater
2307 4070 2630 4142 Adalgarius
2678 4085 2850 4139 nuper
2879 4086 2910 4123 a
2939 4069 3094 4124 vobis
3133 4069 3368 4138 rediens,
3402 4069 3538 4126 dixit

1938 4161 2070 4216 mihi
2099 4162 2338 4232 graviter
2366 4176 2464 4215 vos
2495 4159 2656 4227 ferre,
2682 4159 2828 4229 quod
2857 4158 3140 4228 parvitatis
3168 4175 3305 4214 mea:
3331 4157 3538 4214 litteras

1939 4267 2064 4306 raro
2096 4249 2416 4320 suscipiatis.
2443 4247 2601 4317 Quod
2621 4248 2782 4302 modo
2803 4247 2937 4301 mihi
2955 4247 3250 4302 emendare
3279 4245 3535 4318 cupienti,

1940 4340 2069 4412 quid
2100 4339 2336 4394 scribere
2368 4338 2618 4402 debeam,
2661 4336 2796 4390 nihil
2841 4335 3252 4392 convenientius
3283 4335 3533 4404 occurrit,

1942 4446 2103 4501 quam
2129 4436 2186 4483 ut
2217 4444 2312 4482 vos
2340 4428 2407 4482 de
2437 4434 2632 4482 vestrae
2679 4425 2970 4480 sanctitatis
3000 4441 3376 4497 commoveam
3405 4439 3540 4495 pro-

239 4531 355 4580 tula
387 4521 592 4576 nuuum
621 4519 732 4574 SUiS
772 4515 1106 4586 temporibus
1147 4521 1402 4584 caperem
1440 4510 1836 4572 detrimentum.
1867 4518 2136 4594 Dposito.
2174 4517 2228 4571 Si
2258 4516 2423 4589 igitur
2450 4517 2520 4570 ad
2550 4514 2914 4570 sublissimam
2958 4514 3188 4587 gloriam
3218 4512 3382 4568 vultis
3411 4530 3543 4585 per-

246 4614 345 4670 sed
373 4611 551 4684 potius
580 4624 678 4663 suo
709 4605 947 4678 quotidie
979 4603 1156 4658 studio
1185 4603 1269 4656 his
1300 4601 1501 4672 aliquid
1525 4600 1837 4656 adderetur.

244 4705 378 4760 Erat
407 4699 551 4756 enim
580 4712 682 4770 pro
712 4693 1068 4767 indigentium
1101 4691 1368 4748 levamine
1396 4689 1659 4761 hospitale
1707 4704 1843 4744 con-

249 4793 490 4849 stitutum
518 4789 572 4842 in
617 4787 928 4857 episcopatu
977 4783 1112 4852 ejus,
1163 4783 1230 4838 ad
1280 4781 1423 4852 quod
1471 4786 1613 4834 tanta
1663 4777 1844 4832 subsi-

249 4882 466 4939 diorum
496 4875 811 4933 sufficientia
839 4875 1093 4944 deputata
1123 4879 1224 4941 est,
1257 4878 1315 4925 ut
1343 4885 1612 4941 nusquam
1656 4866 1846 4938 copio-

251 4971 366 5027 sius
422 4967 510 5024 vel
564 4964 855 5037 sapientius
913 4963 1017 5018 hoc
1073 4961 1251 5032 ipsum
1305 4966 1656 5030 procuratum
1727 4971 1848 5010 esse

253 5059 508 5117 sciamus.
566 5055 675 5110 Sed
733 5061 785 5108 et
841 5059 994 5107 extra
1065 5051 1466 5121 episcopatum,
1539 5046 1850 5115 ubicunque

251 5149 463 5214 fuisset,
498 5159 715 5215 semper
753 5141 1072 5197 constitutos
1119 5138 1374 5204 habebat,
1427 5135 1518 5206 qui
1563 5133 1851 5205 pecuniam

254 5239 312 5294 in
343 5234 593 5294 saccellis
621 5233 692 5288 ad
719 5230 957 5286 dandum
987 5227 1316 5301 pauperibus
1346 5232 1624 5299 gestarent
1656 5241 1669 5278 :
1703 5223 1852 5294 ipse-

326 5381 351 5410 ι
370 5370 512 5426 Modo
534 5371 669 5422 Nova
691 5367 901 5431 Herisia,
927 5365 1070 5428 vulgo
1113 5364 1406 5422 Nienherse,
1434 5359 1687 5421 collegium
1712 5369 1857 5408 cano-

257 5458 502 5520 nicarum,
527 5456 674 5507 trium
699 5455 931 5505 horarum
963 5450 1138 5502 itinere
1164 5449 1224 5498 ab
1249 5447 1368 5498 urbe
1411 5445 1770 5506 Paterbrunna,
1797 5454 1858 5493 ex

258 5543 583 5596 Henschenio.

325 5622 352 5660 b
377 5629 568 5682 Abhinc
593 5625 856 5690 capitulum
885 5621 946 5672 t6
971 5621 1161 5673 orditur
1201 5617 1456 5684 Philippus
1480 5616 1672 5676 Cesar;
1703 5617 1755 5664 at
1777 5623 1860 5662 se-

487 5737 730 5792 Px'raon.
763 5729 1009 5790 CXXVI.

1942 4607 2158 4674 venire,
2210 4606 2357 4661 omni
2409 4605 2605 4660 virtute
2658 4603 3121 4674 incorruptionem
3175 4601 3423 4673 corporis
3476 4618 3540 4658 ac

1945 4697 2164 4768 spiritus
2221 4694 2470 4750 excolere
2525 4693 2754 4748 debetis.
2803 4691 3082 4748 Interioris
3129 4691 3272 4746 enim
3321 4690 3432 4747 fotu
3479 4706 3542 4746 ac

1946 4786 2144 4857 pabulo
2199 4783 2467 4856 puritatis,
2517 4781 2917 4837 subministrari
2973 4795 3200 4836 necesse
3256 4787 3337 4835 est
3382 4783 3544 4835 etiam

1947 4873 2228 4930 exterioris
2275 4872 2511 4927 hominis
2555 4871 2888 4938 castitatem,
2939 4885 3165 4941 eamque
3216 4868 3419 4941 jugiter
3474 4867 3546 4924 ad

1947 4962 2412 5036 perseverantiam
2468 4967 2746 5032 perpetuae
2811 4957 3231 5029 incorruptionis
3294 4956 3548 5014 animari.

1950 5053 2061 5108 Illa
2107 5067 2342 5122 namque
2393 5058 2517 5105 sunt
2563 5065 2705 5104 verae
2749 5056 2910 5118 atque
2951 5048 3277 5118 incorrupta;
3306 5046 3551 5120 virgines

1954 5141 2174 5207 Christi,
2206 5157 2314 5194 non
2345 5156 2464 5211 qua
2495 5145 2762 5204 metuunt,
2796 5137 2894 5191 sed
2922 5136 3118 5207 quibus
3147 5152 3258 5191 non
3284 5135 3416 5191 libet
3445 5135 3553 5191 for-

1953 5230 2142 5287 nicari.
2168 5229 2326 5298 Quod
2357 5228 2578 5293 donum,
2609 5226 2654 5280 si
2681 5242 2782 5298 per
2811 5225 2913 5281 Dei
2939 5225 3172 5298 gratiam
3204 5225 3429 5298 adeptas
3457 5239 3555 5281 vos

1957 5368 2110 5420 quens
2134 5354 2336 5418 epistola
2362 5352 2576 5416 pertinet
2601 5351 2662 5401 ad
2688 5350 2952 5414 capitulum
2980 5352 3062 5414 15,
3101 5353 3154 5401 ut
3177 5354 3315 5414 patet
3339 5363 3400 5402 ex
3425 5349 3557 5401 Ada-

1960 5454 2060 5503 mo,
2087 5440 2162 5490 cui
2204 5439 2465 5500 capitulum
2497 5436 2554 5485 I6
2578 5439 2652 5486 est
2676 5436 2724 5486 id
2749 5434 2876 5498 quod
2904 5438 3011 5499 post
3035 5436 3289 5500 epistolam
3318 5434 3556 5498 sequitur,

1959 5527 2202 5588 integrum
2227 5523 2286 5574 ab
2311 5523 2414 5587 ipso
2439 5521 2648 5573 relatum
2672 5522 2722 5571 in
2747 5533 2856 5584 cap.
2885 5521 2968 5571 ΞΘ.

3159 5676 3227 5729 32
