4086 6296
539 262 565 314 1
575 261 677 315 003

1657 251 1712 306 S.
1743 245 2098 306 BEMBERTI
2127 241 2500 302 HAMBURG.
2531 243 2755 300 EPISC.

3697 241 3722 292 i
3735 238 3850 294 004

540 381 822 440 senseritis
841 422 856 452 ,
915 386 1118 452 quanto
1173 393 1388 450 magnae
1433 375 1598 444 estis,
1649 383 1708 430 ut
1755 390 1912 431 sacra
1957 377 2141 428 monet
2167 367 2224 428 A
2243 369 2479 437 dentius,
2519 369 2607 426 cui
2649 365 2877 440 placetis
2922 362 3193 421 attentius.
3239 360 3456 417 Lumbis
3499 359 3768 416 accinctis
3802 366 3858 413 et

538 471 838 542 Scriptura,
883 469 1164 524 humiliate
1193 483 1292 524 vos
1320 466 1379 521 in
1409 465 1683 532 omnibus,
1717 472 1770 519 et
1799 479 1982 520 coram
2026 463 2142 516 Deo

537 559 826 616 invenietis
855 557 1086 632 gratiam
1107 557 1303 629 (Eccli.
1327 571 1408 622 III,
1431 555 1544 626 20).
1567 555 1650 609 Ea
1671 552 1816 610 enim
1836 551 1921 608 via
1949 565 2142 623 perve-

538 649 656 704 nire
709 648 920 704 debetis
978 647 1050 703 ad
1103 646 1379 702 Christum
1431 644 1723 700 Dominum
1778 649 1832 698 et
1879 655 2143 712 Sponsum

539 745 804 804 vestrum,
849 736 975 808 quia
1017 735 1134 806 ipse
1174 735 1308 789 dixit
1341 751 1354 788 :
1386 734 1597 789 Discite
1636 749 1670 787 a
1704 747 1794 786 me
1823 731 1954 802 quia
1984 729 2143 784 mitis

541 843 670 884 sum
690 829 748 882 et
769 825 1004 882 humilis
1025 825 1186 880 corde
1216 823 1436 893 (Matth.
1458 836 1538 888 χι,
1567 823 1680 891 20).
1713 818 2026 875 Curandum
2045 816 2143 871 ita-

541 931 650 987 que
678 922 782 982 est,
812 921 871 969 ut
901 913 1049 968 omni
1079 911 1326 968 custodia
1356 925 1510 965 mens
1541 916 1787 964 servetur
1813 924 1845 961 a
1875 905 2145 978 superbia

539 1010 776 1058 tumore.
826 1003 951 1058 Non
993 1001 1136 1057 enim
1176 1007 1299 1054 ante
1342 998 1530 1054 oculos
1557 997 1658 1052 Dei
1686 1012 1870 1053 vacuae
1897 1003 2148 1050 transvo-

540 1091 653 1146 lant
681 1091 1038 1164 cogitationes
1067 1097 1280 1146 vestrae.
1309 1089 1460 1143 Intus
1479 1101 1614 1158 ergo
1643 1085 1792 1142 videt
1819 1085 1969 1139 Deus
1998 1083 2146 1154 quod

542 1187 782 1236 mentem
813 1179 989 1236 elevat
1013 1197 1026 1234 :
1051 1187 1104 1234 et
1131 1176 1338 1234 idcirco
1368 1175 1501 1232 foris
1529 1173 1788 1247 permittit
1810 1173 2146 1230 invalescere

540 1269 688 1342 quod
717 1269 972 1340 deponat.
1026 1266 1165 1324 Hinc
1207 1265 1405 1338 quippe
1433 1281 1534 1336 per
1564 1264 1709 1320 Osee
1739 1271 1929 1320 contra
1959 1263 2144 1316 Israe-

540 1357 664 1413 litas
692 1357 892 1413 dicitur
915 1375 928 1411 :
951 1356 1200 1428 Spiritus
1218 1355 1621 1426 fornicationis
1641 1355 1704 1408 in
1724 1353 1906 1408 medio
1927 1367 2140 1415 eorum,

543 1451 601 1503 et
629 1447 932 1502 Dominum
951 1461 1068 1501 non
1096 1445 1478 1516 cognoverunt
1497 1441 1656 1514 (Osee
1677 1458 1730 1509 v,
1757 1439 1833 1510 4).
1860 1438 1963 1508 Qui
1983 1446 2044 1493 ut
2057 1454 2150 1494 os-

543 1535 809 1601 tenderet,
843 1533 980 1590 sicut
1022 1532 1152 1589 dicit
1194 1532 1386 1587 beatus
1435 1529 1760 1604 Gregorius,
1794 1528 1942 1601 quod
1982 1542 2148 1583 causa

539 1622 782 1678 libidinis
811 1638 877 1678 ex
906 1621 1063 1692 culpa
1104 1627 1426 1692 prorumpat
1456 1618 1722 1682 elationis,
1754 1634 1882 1673 mox
1909 1614 2150 1672 subdidit

2241 459 2479 516 lucernis
2533 456 2848 513 ardentibus
2896 459 3208 525 exspectate
3263 449 3569 516 Dominum,
3621 446 3853 520 quando

2241 547 2421 604 veniat
2449 562 2483 602 a
2511 545 2732 618 nuptiis.
2757 545 2869 600 Vos
2899 541 3137 598 aﬂ'eretis
3165 540 3237 596 ad
3264 539 3406 612 Agni
3429 537 3647 609 nuptias
3677 534 3856 592 canti-

2242 652 2368 692 cum
2425 651 2626 692 novum
2651 677 2664 703 ,
2717 633 2864 707 quod
2909 631 3196 688 cantabitis
3240 628 3297 683 in
3341 626 3562 683 citharis
3609 625 3852 691 vestris,

2242 726 2430 798 utique
2460 725 2587 793 tale,
2619 723 2782 796 quale
2814 736 2974 778 nemo
3017 719 3213 792 poterit
3256 717 3440 773 dicere
3469 715 3575 771 nisi
3603 730 3730 770 vos.
3764 713 3857 769 Sic

2245 815 2391 870 enim
2435 830 2534 870 vos
2580 813 2714 870 vidit
2742 811 2800 866 in
2827 807 3157 882 Apocalypsi
3205 805 3426 880 quidam
3469 821 3585 877 prae
3631 802 3857 860 caeteris

2245 903 2474 960 dilectus
2523 905 2701 977 Aguo,
2753 900 2848 974 qui
2891 897 3238 956 discumbere
3286 910 3450 966 super
3493 901 3688 966 pectus
3733 892 3857 962 ejus

2246 992 2435 1048 solitus
2465 999 2601 1048 erat.
2635 991 2760 1062 Ipse
2788 1005 2888 1046 vos
2917 988 3050 1044 vidit
3077 984 3373 1042 duodecies
3402 983 3656 1039 duodena
3683 979 3860 1036 millia

2247 1089 2557 1138 sanctorum
2623 1078 3053 1136 citharoedorum
3117 1075 3340 1130 illibatae
3402 1071 3737 1146 virginitatis
3799 1069 3860 1125 in

2246 1186 2479 1242 corpore
2499 1213 2513 1238 ,
2573 1167 2844 1224 inviolatae
2897 1164 3142 1223 veritatis
3197 1163 3256 1218 in
3310 1161 3493 1218 corde.

2245 1263 2480 1332 Agnum,
2522 1257 2646 1330 quia
2683 1264 2738 1312 et
2773 1255 2916 1328 Agni
2955 1271 3082 1310 caro
3118 1251 3303 1324 utique
3332 1249 3506 1322 virgo.
3549 1247 3860 1322 Sequimini

2247 1366 2372 1405 eum
2400 1346 2710 1422 virginitate
2755 1344 2938 1402 cordis
2985 1354 3036 1400 et
3083 1341 3280 1408 carnis,
3330 1354 3657 1412 quocunque
3706 1338 3856 1394 ierit.

2249 1437 2391 1507 Quid
2421 1444 2504 1492 est
2549 1452 2676 1492 eum
2722 1433 2898 1506 sequi,
2947 1431 3052 1488 nisi
3097 1429 3340 1486 imitari?
3385 1429 3455 1484 de
3502 1443 3613 1500 quo
3657 1427 3860 1484 beatus

2247 1528 2442 1582 Petrus
2467 1543 2480 1580 :
2511 1526 2786 1592 Christus,
2809 1522 3002 1594 inquit,
3025 1523 3183 1578 Jesus
3208 1535 3412 1594 passus
3433 1521 3520 1574 est
3535 1534 3642 1591 pro
3669 1518 3858 1584 nobis,

2249 1617 2396 1672 vobis
2425 1615 2753 1687 relinquens
2783 1613 3128 1684 exemplum,
3163 1613 3231 1680 ut
3255 1607 3574 1681 sequamini
3616 1607 3858 1680 vestigia

543 1712 732 1768 dicens
757 1729 770 1766 :
798 1712 872 1766 Et
900 1709 1254 1782 respondebit
1281 1710 1611 1781 arrogantia
1640 1707 1817 1763 Israel
1847 1708 1910 1762 in
1935 1707 2146 1776 faciem
2167 1727 2222 1787 Β
2251 1706 2373 1777 ejus
2402 1703 2456 1776 (Ι
2478 1705 2632 1759 Petr.
2665 1717 2724 1769 ιι,
2756 1702 2869 1770 22).
2909 1721 2932 1750 ι

544 1803 698 1874 ejus;
728 1816 792 1855 ac
823 1798 869 1854 si
895 1798 1102 1854 diceret
1125 1813 1138 1853 :
1165 1797 1332 1869 Culpa
1353 1814 1474 1869 quae
1503 1813 1604 1868 per
1633 1795 1925 1852 elationem
1950 1791 2150 1848 mentis

543 1888 603 1945 in
631 1888 844 1945 occulto
873 1888 1048 1958 latuit,
1080 1903 1180 1958 per
1224 1885 1406 1942 carnis
1450 1885 1723 1940 luxuriam
1752 1883 1809 1938 in
1837 1889 2028 1954 aperto
2058 1897 2154 1937 re-

547 1976 857 2050 spondebit.
901 1975 1135 2032 Proinde
1181 1992 1284 2048 per
1325 1973 1642 2029 humilitatis
1689 1973 1994 2030 custodiam
2036 1986 2154 2026 ser-

545 2065 724 2121 vanda
758 2071 842 2120 est
881 2063 1143 2119 munditia
1190 2062 1474 2120 castitatis.
1511 2062 1570 2118 Si
1599 2061 1744 2118 enim
1789 2060 2010 2132 Spiritus
2053 2058 2154 2114 sub

549 2155 669 2210 Deo
687 2152 966 2226 premitur,
989 2168 1118 2208 caro
1138 2151 1324 2208 illicita
1346 2167 1510 2224 super
1529 2150 1776 2222 spiritum
1795 2166 1907 2206 non
1926 2149 2150 2204 lavatur.

548 2243 726 2298 Habet
790 2241 991 2314 quippe
1056 2240 1274 2313 spiritus
1318 2239 1668 2296 commissum
1715 2237 1817 2294 sibi
1856 2237 2156 2294 dominium

547 2330 747 2399 carnis,
783 2329 830 2385 si
858 2338 1044 2386 tamen
1072 2330 1172 2385 sub
1201 2329 1436 2386 Domino
1475 2327 1823 2400 recognoscit
1857 2327 1982 2397 jura
2021 2325 2157 2398 legi-

2323 1793 2474 1848 Hanc
2505 1791 2793 1863 epistolam
2821 1789 2946 1846 ideo
2992 1787 3082 1844 hic
3123 1786 3424 1859 posuimus,
3455 1793 3516 1840 ut
3542 1783 3859 1857 legentibus

2251 1888 2526 1954 appareat,
2560 1887 2840 1953 quantum,
2888 1878 3029 1936 sicut
3075 1877 3332 1932 admonet
3373 1874 3690 1947 Apostolus,
3737 1881 3860 1931 stu-

2253 1971 2403 2027 dium
2431 1970 2682 2026 habuerit
2711 1969 2829 2039 ejus
2856 1985 2978 2041 quae
3006 1966 3305 2024 secundum
3347 1965 3608 2036 pietatem
3637 1972 3720 2022 est
3749 1964 3858 2020 do-

2255 2060 2460 2130 ctrinas,
2495 2068 2547 2115 et
2580 2075 2742 2132 quam
2768 2065 2964 2131 potens
2993 2055 3156 2114 fuerit
3181 2055 3239 2110 in
3267 2054 3388 2127 ipsa
3411 2053 3665 2112 doctrina
3689 2053 3859 2112 etiam

2254 2149 2393 2206 alios
2423 2147 2716 2207 exhortari.

2849 2236 3078 2294 CAPUT
3106 2237 3254 2294 XVI.

2325 2329 2595 2384 Praeterea
2621 2325 2910 2402 legationis
2939 2343 3052 2383 suae
3089 2325 3344 2394 oﬂicium,
3377 2323 3526 2398 quod
3551 2323 3624 2380 ad
3649 2322 3858 2396 pradi-

547 2419 695 2476 timm
723 2417 1019 2475 servitutis.
1042 2419 1182 2474 Nam
1213 2417 1260 2473 si
1289 2425 1571 2474 auctorem
1602 2433 1761 2472 suum
1791 2413 2156 2488 superbiendo

548 2507 866 2578 contemnit,
881 2508 1006 2578 jure
1037 2515 1090 2564 et
1108 2523 1139 2562 a
1161 2507 1407 2578 subjecta
1435 2521 1600 2563 carne
1632 2505 1880 2577 praelium
1910 2503 2154 2575 suscipit.

2255 2419 2488 2475 candum
2517 2417 2770 2490 gentibus
2797 2416 3027 2475 verbum
3072 2415 3176 2472 Dei
3220 2413 3470 2488 primitus
3498 2431 3532 2470 a
3560 2413 3858 2471 decessore

2256 2523 2354 2564 suo
2385 2513 2700 2579 susceptum
2729 2513 2831 2573 est,
2865 2513 2918 2560 et
2945 2505 3294 2577 postmodum
3339 2503 3442 2560 sibi
3489 2501 3859 2560 successionis

549 2596 691 2653 Hinc
717 2603 801 2652 est
827 2595 972 2652 enim
1001 2595 1150 2668 quod
1177 2595 1342 2668 longa
1371 2595 1700 2652 continentia
1729 2601 1954 2666 repente
1986 2591 2156 2649 solvi-
2250 2597 2376 2666 jure
2406 2595 2562 2670 quasi
2591 2593 2989 2652 haereditarium
3030 2594 3298 2666 provenit,
3347 2593 3582 2667 impigre
3623 2607 3858 2649 exsecu-

548 2693 660 2756 tur,
690 2685 818 2741 hinc
849 2685 994 2756 quod
1019 2684 1342 2756 plerumque
1371 2691 1424 2739 et
1453 2698 1628 2756 usque
1655 2682 1725 2738 ad
1755 2682 1968 2738 senium
1995 2679 2160 2752 virgi-
2255 2693 2343 2742 tus
2373 2693 2471 2753 est,
2504 2685 2623 2758 ipse
2655 2683 2875 2757 quidem
2893 2700 2991 2755 per
3010 2700 3070 2740 se
3087 2683 3298 2756 quoties
3325 2681 3717 2754 occupationes
3743 2680 3862 2737 alie

549 2773 694 2828 nitas
713 2779 926 2829 servata
945 2772 1182 2828 vitiatur.
1209 2771 1346 2841 Quia
1368 2771 1512 2828 enim
1549 2771 1846 2845 negligitur
1885 2769 2158 2826 humilitas
2256 2775 2519 2843 sinerent,
2551 2774 2733 2830 eidem
2773 2773 3035 2847 legationi
3073 2772 3363 2840 insistens;
3409 2787 3632 2844 semper
3679 2779 3860 2827 autem

552 2861 758 2930 cordis,
787 2868 970 2917 rectus
993 2861 1162 2932 judex
1191 2859 1414 2932 respicit
1445 2860 1609 2916 etiam
1636 2859 2005 2934 integritatem
2035 2875 2157 2916 cor-
2254 2863 2576 2920 constitutos
2601 2864 2814 2918 habens
2843 2863 3218 2934 presbyteros,
3250 2878 3349 2934 per
3376 2877 3514 2934 quos
3543 2868 3600 2918 et
3626 2861 3858 2918 verbum

551 2949 722 3024 poris.
748 2950 818 3005 Et
845 2950 1170 3023 quandoque
1208 2965 1310 3021 per
1351 2957 1600 3022 apertum
1643 2949 1846 3004 malum
1887 2948 2158 3020 reprobos
2256 2953 2357 3009 Dei
2387 2953 2620 3026 gentiles
2647 2951 2919 3019 audirent,
2952 2959 3006 3008 et
3035 2951 3288 3008 solatium
3329 2950 3527 3023 captivi
3567 2949 3860 3006 Christiani

555 3038 858 3109 annuntiat,
883 3054 1022 3111 quos
1043 3038 1246 3094 dudum
1265 3039 1530 3110 reprobos
1552 3039 1609 3094 in
1628 3038 1840 3096 occulto
1872 3037 2154 3094 tolerabat.
2174 3087 2222 3113 η
2255 3042 2542 3110 haberent,
2575 3043 2648 3098 ad
2675 3041 2937 3098 ecclesias
2960 3041 3103 3097 inter
3130 3041 3280 3113 ipsos
3309 3055 3556 3113 paganos
3585 3039 3857 3097 constitu-

553 3128 696 3185 Nam
727 3127 819 3202 qui
847 3087 942 3184 dilu
971 3135 1242 3184 servatum
1271 3087 1475 3184 bdnum
1504 3127 1684 3184 subito
1725 3127 1978 3200 perdidit,
2011 3127 2156 3198 apud
2173 3087 2225 3152 α
2255 3140 2339 3188 tas
2358 3087 2612 3205 longe’ab
2634 3130 2871 3188 ecclesia
2889 3131 3037 3186 sedis
3057 3087 3190 3198 sua;
3209 3087 3462 3203 quo‘dq‘iie
3476 3129 3862 3204 gravissimum

555 3217 908 3290 semetipsum
935 3217 1082 3273 intus
1111 3217 1256 3273 aliud
1286 3217 1490 3273 malum
1521 3216 1707 3284 tenuit,
1756 3233 1822 3272 ex
1861 3233 1968 3289 quo
2008 3215 2158 3271 aliud
2255 3228 2402 3288 erat,
2438 3219 2666 3276 marinis
2713 3219 3116 3277 discriminibus
3161 3218 3464 3275 adeundas.
3496 3217 3635 3288 Quae
3664 3217 3861 3274 discri-

553 3306 734 3362 subito
769 3305 948 3378 erupit
980 3324 994 3360 :
1025 3323 1088 3361 ac
1135 3322 1237 3378 per
1280 3307 1386 3362 hoc
1433 3305 1789 3377 omnipotenti
1833 3307 1950 3361 Deo
1994 3304 2158 3361 etiam
2253 3309 2404 3366 mina
2459 3309 2579 3381 ipse
2631 3308 2968 3382 frequentius
3023 3316 3078 3365 et
3129 3307 3494 3365 abundantius
3551 3307 3859 3373 sustinens,

549 3402 677 3452 tunc
722 3395 932 3450 alienus
980 3394 1201 3462 exstitit,
1254 3394 1472 3466 quando
1502 3411 1562 3450 se
1599 3393 1650 3449 ei
1695 3410 1792 3466 per
1837 3393 2158 3450 munditiam
2256 3414 2402 3470 saepe
2448 3405 2710 3470 tanquam
2742 3397 2812 3454 de
2840 3415 2900 3454 se
2927 3397 3228 3454 testabatur
3271 3395 3588 3469 Apostolus,
3632 3395 3858 3452 naufra-

549 3483 800 3557 corporis
838 3483 1106 3540 inhaerere
1146 3482 1486 3540 monstravit.
1522 3483 1652 3539 Haec
1681 3498 1838 3556 ergo,
1869 3481 2014 3548 ﬁliae,
2047 3498 2158 3538 non
2256 3487 2407 3561 gium
2447 3487 2684 3558 pertulit,
2721 3503 2868 3560 saepe
2896 3487 2955 3542 in
2981 3486 3228 3559 proximo
3270 3495 3384 3543 erat
3409 3492 3469 3542 ut
3495 3501 3622 3543 cum
3667 3484 3860 3542 eodem

547 3572 676 3630 ideo
723 3571 926 3638 scribo,
959 3571 1106 3645 quod
1147 3571 1205 3626 in
1231 3571 1390 3628 vobis
1437 3570 1736 3644 quidquam
1783 3578 1852 3627 de
1899 3570 2159 3644 qualitate
2255 3575 2441 3633 dicere
2469 3584 2656 3648 posset
2688 3595 2702 3632 :
2737 3577 2906 3634 Nocte
2935 3581 2994 3633 et
3019 3577 3109 3634 die
3136 3577 3201 3632 in
3231 3575 3514 3650 profundo
3559 3577 3743 3632 maris
3769 3576 3860 3648 fui

550 3661 822 3734 superbiae
852 3661 941 3717 vel
967 3677 1121 3717 vana
1149 3661 1344 3734 glorias
1373 3659 1761 3732 cognoverim:
1785 3662 1886 3717 sed
1915 3659 2042 3732 quia
2059 3676 2159 3716 vos
2257 3665 2335 3738 (II
2362 3665 2483 3722 Cor.
2515 3680 2598 3736 ιιι,
2631 3666 2742 3735 25).
2781 3665 2890 3722 Sed
2915 3665 3164 3737 profecto
3192 3664 3383 3726 aderat
3399 3663 3451 3720 ei
3471 3663 3708 3736 Spiritus
3733 3679 3858 3720 san-

549 3757 680 3822 opto
707 3749 764 3804 in
811 3749 1025 3837 illarum
1068 3749 1346 3805 consortio
1391 3765 1533 3816 esse,
1585 3749 1654 3805 de
1698 3750 1896 3822 quibus
1938 3749 2156 3823 legitur,
2257 3761 2397 3824 ctus,
2421 3753 2589 3826 quiin
2608 3754 2890 3810 exterioris
2911 3754 3148 3810 hominis
3169 3753 3517 3825 corruptione
3547 3753 3858 3810 interiorem

551 3837 812 3910 quoniam
843 3845 1144 3910 sequuntur
1181 3840 1399 3910 Agnum
1442 3853 1768 3910 quocunque
1812 3837 1937 3894 ierit
1967 3837 2156 3910 (Apoc.
2259 3850 2548 3898 renovaret
2576 3842 2646 3898 de
2677 3843 2766 3899 die
2793 3843 2850 3898 in
2879 3843 3044 3910 diem,
3079 3851 3132 3900 et
3159 3859 3257 3914 spe
3296 3842 3486 3900 futurae
3513 3841 3860 3900 beatitudinis

555 3942 678 3994 xw,
715 3926 789 4000 4).
823 3925 928 3982 Ubi
957 3927 1152 3983 multos
1200 3927 1466 3984 cecidisse
1513 3927 1696 3998 doleo,
1727 3943 1826 3984 vos
1855 3935 2009 3983 caute
2037 3943 2158 3982 am-
2260 3931 2440 3988 omnia
2459 3931 2748 4002 praesentis
2768 3932 2892 3988 vitae
2917 3948 3110 4004 aspera
3137 3931 3403 3999 deliniret,
3436 3939 3488 3988 et
3519 3931 3714 4006 gravia
3731 3931 3861 3988 releo

548 4015 738 4072 bulare
766 4015 1041 4083 desidero,
1093 4024 1329 4090 optoque
1357 4025 1414 4072 ut
1442 4017 1586 4074 dicat
1613 4015 1770 4074 vobis
1814 4015 2078 4072 Dominus
2109 4024 2162 4072 et
2259 4027 2428 4077 varet.
2463 4021 2862 4078 Consolabatur
2890 4022 3034 4078 enim
3063 4021 3317 4078 continua
3356 4021 3709 4078 meditatione
3737 4037 3854 4079 ser-

546 4121 781 4178 sponsus
811 4112 1024 4162 vester:
1053 4107 1185 4164 Tota
1214 4106 1455 4180 pulchra
1475 4123 1552 4173 es,
1579 4107 1766 4163 amica
1787 4123 1932 4176 mea,
1967 4109 2024 4162 et
2047 4123 2164 4162 ma.
2259 4109 2438 4166 monis
2453 4110 2741 4182 apostolici
2764 4129 2778 4166 :
2806 4111 2947 4180 Quia
2964 4128 3082 4168 non
3101 4115 3243 4168 sunt
3257 4110 3552 4184 condigna:
3567 4113 3855 4184 passiones

561 4195 694 4252 cula
720 4210 837 4250 non
868 4197 955 4250 est
986 4194 1052 4250 in
1083 4197 1136 4250 te
1166 4193 1355 4264 (Cant.
1387 4210 1464 4264 IV,
1511 4197 1588 4266 '7).
1639 4195 1830 4266 Itaque
1873 4193 2164 4266 sequimini
2263 4199 2432 4272 hujus
2463 4201 2732 4273 temporis
2762 4201 2834 4256 ad
2862 4203 3126 4273 futuram
3153 4200 3397 4274 gloriam
3435 4217 3557 4274 qua
3583 4201 3856 4260 revelabi-

551 4281 643 4338 hic
670 4283 886 4354 Agnum
906 4282 963 4336 in
981 4281 1272 4354 prmeeptis
1293 4283 1426 4351 suis,
1463 4291 1521 4337 ut
1549 4283 1670 4355 ipso
1689 4282 1984 4339 auxiliante
2011 4283 2164 4338 illum
2264 4293 2361 4346 tur
2387 4291 2452 4345 in
2483 4291 2630 4347 vobis
2661 4290 2838 4362 (Rom.
2871 4305 2991 4358 vm,
3026 4291 3116 4363 18)
3147 4308 3162 4344 :
3191 4307 3256 4347 ac
3283 4290 3364 4346 sic
3391 4307 3735 4364 quascunque
3758 4289 3856 4346 ﬁe-

549 4370 707 4444 sequi
753 4371 984 4426 valeatis
1029 4370 1085 4425 in
1127 4379 1331 4427 aeterna
1374 4370 1504 4438 vita,
1553 4373 1824 4428 cantando
1869 4372 2160 4440 canticum,

2260 4385 2384 4434 rent
2411 4378 2548 4434 dura
2577 4379 2864 4448 laboranti,
2906 4379 3194 4438 mitescere
3231 4379 3480 4437 solebant
3505 4379 3702 4438 eadem
3726 4395 3857 4454 pro-

549 4459 699 4534 quod
725 4476 888 4515 nemo
918 4467 1094 4531 potest
1120 4459 1302 4516 dicere
1334 4458 1442 4514 nisi
1469 4461 1670 4516 chorus
1699 4461 1999 4536 virgineus.
2030 4463 2161 4518 Haec
2185 4451 2240 4515 D
2261 4475 2382 4540 pter
2409 4467 2682 4525 Christum
2703 4469 2987 4526 sustinenti
3015 4477 3058 4524 ³.

547 4549 778 4622 pulchre
810 4549 1005 4604 beatus
1038 4547 1376 4620 Augustinus
1405 4547 1648 4622 virgines
1687 4551 2032 4607 admonendo
2060 4567 2160 4608 ex-

553 4636 736 4710 posuit
765 4638 954 4711 (Aug.,
986 4635 1054 4692 de
1081 4641 1284 4694 sancta
1338 4639 1479 4710 Virg.
1513 4653 1632 4710 cap.
1665 4638 1778 4709 27).
1811 4639 2046 4713 Pergite,
2079 4639 2162 4694 in-

557 4726 692 4798 quit,
727 4725 899 4782 sancti
939 4725 1041 4781 Dei
1081 4725 1238 4796 pueri
1283 4733 1336 4782 et
1378 4726 1590 4797 puellm,
1624 4743 1804 4782 mares
1833 4744 1894 4784 ac
1922 4727 2158 4796 femina,

563 4814 785 4872 caelibes
819 4823 870 4870 et
902 4814 1160 4886 innuptas,
1192 4815 1404 4888 pergite
1433 4825 1849 4888 perseveranter
1883 4816 1940 4871 in
1980 4815 2162 4874 ﬁnem.

555 4901 792 4959 Laudate
823 4903 1116 4960 Dominum
1138 4903 1372 4972 dulcius,
1402 4921 1565 4976 quem
1594 4905 1878 4977 cogitastis
1897 4906 2120 4963 uberius
2146 4926 2158 4962 :

559 4999 777 5063 sperate
818 4991 1048 5060 felicius,
1100 4991 1188 5049 cui
1233 4993 1452 5050 servitis
1499 4993 1786 5050 instantius
1818 5013 1832 5050 :
1867 5004 2046 5052 amate
2073 5013 2162 5052 ar-

625 5145 651 5174 ⁸
691 5143 893 5214 Omittit
929 5145 1023 5214 hoc
1058 5144 1177 5214 loco
1219 5149 1388 5198 auctor
1434 5146 1616 5214 factum
1677 5147 1918 5210 quoddam
1975 5149 2162 5214 insigne

559 5210 730 5280 sancti
755 5211 1027 5280 Remberti,
1053 5213 1102 5264 in
1126 5213 1556 5265 Observationibus
1595 5216 1789 5278 praeviis
1833 5210 2160 5280 relatumfde

559 5279 1045 5398 ﬁctogaliirisonum
1069 5281 1119 5331 in
1145 5284 1464 5333 Nortmannos
1500 5285 1752 5344 reportata
1793 5283 1982 5334 meritis
2003 5285 2160 5335 sancti

604 5358 682 5398 em
747 5359 774 5396 r
795 5359 832 5396 ι.

604 5358 832 5398 emneru.

631 5459 658 5498 δ
682 5465 796 5514 Hac
820 5461 970 5530 verba
993 5475 1054 5514 ex
1077 5464 1173 5515 hac
1195 5465 1306 5516 Vita
1330 5466 1483 5516 refert
1505 5466 1719 5518 Adamus
1741 5466 1790 5517 in
1815 5479 1926 5530 cap.
1952 5466 2037 5530 32,
2077 5479 2162 5517 ca-

563 5527 664 5594 pite
686 5529 920 5593 vigesimo
961 5531 1192 5584 mendose
1231 5531 1420 5583 citato:
1449 5536 1498 5584 et
1519 5535 1633 5597 post
1671 5534 1779 5585 haec
1817 5527 1968 5585 verba
2004 5527 2157 5598 addit,

2839 4576 3068 4634 CAPUT
3103 4574 3276 4633 XVII.

2330 4665 2417 4720 Ad
2445 4664 2872 4738 redemptionem
2917 4665 3252 4738 captivorum
3299 4665 3508 4724 cunctis
3553 4682 3696 4739 pene
3739 4681 3856 4740 quae

2261 4753 2492 4810 habebat
2520 4753 2796 4826 expensis,
2828 4769 2955 4812 cum
2981 4755 3274 4812 multorum
3313 4756 3491 4812 adhuc
3521 4755 3666 4828 apud
3692 4771 3857 4828 paga-

2259 4861 2362 4901 nos
2389 4845 2732 4902 detentorum
2777 4845 3057 4903 miseriam
3103 4862 3328 4904 cernere
3359 4855 3666 4922 cogeretur,
3696 4847 3854 4903 etiam

2261 4935 2447 4990 altaris
2476 4950 2610 4992 vasa
2639 4936 2708 4991 ad
2737 4936 3169 5008 redemptionem
3195 4952 3387 4993 eorum
3414 4937 3729 5010 impendere
3747 4951 3852 4992 non

2260 5023 2522 5080 dubitavit
2549 5045 2596 5084 ι).
2628 5026 2691 5080 In
2720 5041 2828 5098 quo
2857 5023 2987 5082 dum
3007 5026 3329 5100 quibusdam
3347 5025 3527 5082 minus
3555 5025 3852 5083 sublimiter

2258 5160 2578 5212 Rembertum
2602 5161 2781 5214 dixisse
2806 5175 2916 5214 cum
2957 5162 3102 5214 beato
3123 5161 3382 5215 Ambrosio
3408 5177 3424 5216 :
3451 5163 3630 5216 Helius
3651 5169 3725 5215 est
3741 5162 3850 5214 aui-

2257 5241 2362 5278 mas
2386 5228 2612 5289 Domino,
2639 5243 2784 5292 quam
2805 5241 2984 5282 aurum
3004 5243 3227 5282 servare.
3253 5231 3479 5283 Pretiosa
3494 5235 3611 5282 sunt
3629 5244 3742 5294 ergo
3765 5230 3848 5280 illa

2260 5306 2398 5362 uasa,
2425 5309 2535 5357 qua:
2558 5297 2748 5348 animos
2783 5298 2845 5348 de
2883 5303 3038 5348 morte
3073 5298 3342 5350 redimunt.
3383 5299 3512 5362 Lege
3545 5297 3718 5350 librum
3745 5310 3761 5347 ι
3789 5297 3846 5347 de

2257 5360 2567 5492 ἔὲξηὲἕιιίξῐὶ
2604 5363 2803 5416 Caesarii
2831 5363 3043 5430 episcopi
3078 5363 3396 5430 Arelatensis,
3438 5360 3576 5418 num.
3605 5366 3666 5416 17
3691 5367 3738 5416 et
3770 5376 3846 5416 se-
