4086 6304
228 291 369 347 1005

1723 285 1909 344 VITA.

3389 290 3532 351 1006

229 412 658 488 intelligentibus
685 427 800 470 non
824 420 972 470 recte
1013 413 1292 471 videretur
1320 413 1535 484 fecisse,
1570 413 1727 486 quasi
1758 413 1828 468 ad
1857 411 1910 474 A
1939 429 2107 484 super
2135 429 2325 470 omnes
2367 414 2614 472 homines
2643 415 2812 473 fuisse
2840 417 3171 475 describitur
3198 419 3388 490 (Num.
3421 434 3528 491 xu,

237 501 376 559 alios
405 519 538 558 usus
566 501 845 576 redigeret
861 518 980 575 qua;
996 503 1171 559 sacris
1187 511 1342 559 erant
1359 504 1612 574 deputata
1630 509 1832 573 myste-

235 591 350 658 riis,
410 600 463 648 et
491 606 524 647 a
553 591 789 663 quodam
842 591 1210 666 interrogatus
1265 591 1474 660 fuisset,
1533 606 1702 664 quare
1760 590 1836 656 ita

235 679 459 747 faceret,
482 680 632 750 justa
661 681 870 737 ratione
907 681 1204 738 sciscitanti
1232 681 1572 738 satisfaciens
1602 697 1616 736 :
1653 701 1676 731 α
1710 679 1835 734 Non

236 769 449 842 ignoro,
469 769 661 842 inquit,
681 785 769 826 res
797 769 1150 826 ecclesiastici
1179 769 1341 826 oﬁicii
1371 770 1536 843 digne
1566 785 1688 824 esse
1718 777 1835 823 tra-

239 858 484 925 ctandas,
516 866 569 914 et
598 859 700 914 sub
728 875 930 932 magna
958 858 1076 915 fore
1105 859 1437 932 obligatione
1465 859 1536 914 ad
1565 859 1670 915 hoc
1698 874 1836 929 opus

239 947 533 1019 depositas.
561 947 939 1004 Verumtamen
971 947 1094 1018 plus
1124 955 1207 1003 est
1233 949 1372 1020 apud
1393 949 1566 1004 Deum
1595 963 1692 1018 per
1721 947 1837 1002 haec

242 1035 521 1092 subveniri
549 1036 781 1108 captivis
809 1036 1127 1092 Christianis
1150 1037 1208 1092 in
1235 1037 1488 1110 angustia
1507 1035 1835 1104 constitutis,

241 1141 402 1197 quam
429 1141 553 1182 esse
595 1125 769 1198 possit
815 1125 1122 1198 depositum
1167 1125 1270 1181 ista
1299 1125 1660 1182 custodiendi.
1691 1126 1762 1180 Et
1792 1124 1839 1179 si

241 1215 540 1271 necessitas
567 1214 876 1272 incubuerit
891 1215 1122 1271 duorum
1149 1215 1420 1272 bonorum
1447 1231 1613 1271 unum
1635 1214 1838 1288 eligere

243 1310 298 1359 et
324 1303 432 1360 alio
461 1319 673 1370 carere,
697 1312 913 1376 oportet
941 1320 1224 1360 assumere
1253 1305 1399 1377 quod
1429 1312 1513 1360 est
1539 1303 1752 1371 melius,
1787 1310 1841 1358 et

242 1391 555 1472 relinquere
582 1393 728 1465 quod
776 1393 1010 1449 habetur
1039 1393 1284 1449 inferius.
1315 1393 1473 1450 Unde
1503 1401 1556 1448 et
1585 1409 1710 1466 ego,
1743 1392 1836 1463 ait,

244 1495 372 1538 cum
416 1481 627 1537 nullum
657 1481 806 1538 aliud
834 1483 1013 1538 habeo
1045 1482 1348 1548 consilium,
1379 1498 1488 1538 non
1518 1482 1682 1552 impie
1711 1496 1836 1554 ago,

244 1571 291 1626 si
327 1569 713 1641 Christianum,
759 1570 853 1644 qui
906 1569 1048 1626 filius
1098 1571 1199 1626 Dei
1247 1578 1348 1638 est,
1397 1587 1522 1627 cum
1569 1569 1843 1626 thesauris

247 1659 493 1716 ecclesiae
521 1659 769 1714 redimo:
795 1675 918 1716 cum
950 1666 1002 1715 et
1033 1675 1249 1731 semper
1274 1659 1517 1715 invenire
1547 1658 1839 1730 possimus,

1935 501 2010 572 3).
2041 501 2342 574 Aliquoties
2371 511 2554 560 tamen
2575 505 2691 561 sine
2706 507 2816 562 ullo
2847 507 3089 576 ejusdem
3103 507 3532 566 mansuetudinis

1935 591 2257 648 detrimento
2302 593 2379 648 ita
2425 593 2765 666 inquirendis
2807 595 2894 650 vel
2939 595 3294 653 discutiendis
3348 596 3532 654 causis

1936 687 2191 735 constans
2236 697 2302 738 ac
2327 679 2466 737 ﬁxus
2496 683 2552 737 in
2582 699 2679 738 sua
2723 684 2991 740 sententia
3035 685 3251 755 mansit,
3283 693 3342 740 ut
3369 701 3402 740 a
3429 701 3534 742 ne-

1935 768 2080 824 mine
2125 777 2310 840 posset
2357 770 2414 824 in
2453 769 2597 826 aliud
2627 770 2864 828 deﬂecti.
2897 771 3058 842 Quod
3086 782 3269 829 autem
3294 773 3531 830 diximus

1937 857 2145 928 absque
2172 859 2602 914 mansuetudinis
2629 859 2955 916 detrimento
2985 861 3088 916 hoc
3117 859 3256 929 fieri,
3291 869 3402 918 tam
3429 879 3532 919 ve-

1937 946 2136 1002 raciter
2180 947 2235 1000 in
2264 947 2357 1002 illo
2398 947 2752 1018 adimpletum
2796 956 2897 1017 est,
2931 956 2990 1004 ut
3018 949 3092 1004 nil
3134 965 3375 1022 unquam
3421 951 3532 1007 ira-

1939 1035 2151 1090 cundiae
2177 1035 2265 1090 vel
2293 1036 2672 1092 commotionis
2701 1037 3194 1094 contradicentibus
3213 1037 3533 1110 ostenderit,

1938 1123 2027 1178 vel
2055 1123 2239 1180 verbis
2287 1125 2496 1196 asperis
2524 1134 2712 1182 contra
2750 1142 2846 1182 eos
2873 1127 3046 1198 egerit
3076 1145 3090 1182 :
3123 1128 3223 1182 sed
3249 1127 3536 1184 familiari-

1939 1212 2041 1267 bus
2115 1212 2399 1286 colloquiis
2455 1221 2510 1270 et
2577 1215 2883 1270 delectabili
2955 1215 3300 1272 continentiae
3352 1224 3533 1290 gestu,

1941 1301 2150 1357 cunctis
2193 1301 2262 1357 sit
2304 1303 2608 1358 amabiliter
2653 1312 2936 1360 exsecutus
2986 1305 3251 1377 quidquid
3279 1305 3536 1361 intende-

1941 1389 2032 1445 bat
2055 1408 2068 1444 :
2092 1391 2160 1446 de
2177 1407 2240 1446 ea
2261 1398 2441 1447 tamen
2475 1408 2599 1464 quae
2625 1393 2704 1448 illi
2731 1393 2904 1449 inerat
2929 1393 3320 1450 inﬂexibilitate
3347 1393 3535 1466 animi,

1939 1495 1969 1533 a
2001 1479 2232 1551 quodam
2259 1479 2574 1536 familiarius
2602 1481 2986 1556 interrogatus,
3019 1498 3140 1554 quae
3167 1481 3308 1538 infra
3335 1482 3540 1538 haben-

1941 1575 2025 1622 tur
2055 1569 2324 1640 exposuit.
2362 1592 2384 1618 α
2422 1568 2792 1642 Quaecunque,
2823 1571 3018 1642 inquit,
3049 1587 3215 1644 agere
3243 1571 3421 1628 debeo
3448 1570 3538 1628 vel

1943 1657 2210 1728 omittere,
2263 1675 2361 1714 seu
2395 1659 2464 1714 de
2512 1659 2763 1714 omnibus
2810 1659 3004 1716 futuris
3049 1659 3182 1714 mihi
3229 1659 3534 1728 eventibus,

247 1748 394 1821 quod
419 1747 487 1804 ad
515 1765 672 1804 usum
702 1748 842 1804 sacri
871 1747 1100 1804 sufﬁciat
1126 1747 1415 1803 ministerii
1446 1766 1460 1803 :
1495 1748 1842 1818 irrecupera-
1868 1767 1924 1829 Β
1943 1746 2272 1820 praesagium
2316 1763 2534 1818 semper
2574 1747 2732 1819 capio
2781 1763 2848 1803 ex
2888 1747 3189 1805 visionibus
3229 1747 3448 1805 Domini
3475 1763 3544 1808 ac

246 1836 356 1894 bile
381 1843 560 1894 autem
587 1837 675 1905 sit,
698 1837 746 1894 si
774 1837 1109 1894 Christianus
1124 1837 1181 1893 in
1206 1837 1533 1910 captivitatis
1555 1836 1840 1893 afﬂictione

245 1924 479 1984 deﬁciat.
517 1950 542 1976 ι

815 2051 1039 2110 CAPUT
1075 2051 1272 2108 XVIII.

318 2156 568 2231 Exempli
595 2165 776 2216 autem
803 2175 972 2216 causa
989 2175 1157 2214 unum
1185 2159 1255 2214 de
1282 2157 1662 2228 hujuscemodi
1689 2155 1846 2214 factis

249 2263 758 2317 commemoramus,
791 2249 848 2303 in
877 2263 986 2321 quo
1012 2263 1123 2304 non
1169 2247 1350 2304 minus
1379 2247 1434 2303 in
1459 2247 1702 2320 potentia
1737 2247 1847 2302 mi-

249 2338 440 2408 raculi,
485 2353 646 2412 quam
689 2337 746 2392 in
791 2353 959 2410 opere
1000 2337 1395 2394 misericordiae
1435 2337 1660 2393 refulsit.
1715 2336 1849 2392 Cum

248 2426 488 2485 venisset
517 2427 752 2500 quadam
779 2426 897 2482 vice
926 2426 998 2482 ad
1025 2434 1208 2498 partes
1234 2427 1532 2494 Danorum,
1561 2425 1654 2482 ubi
1681 2425 1851 2482 eccle-

251 2516 391 2572 siam
432 2515 661 2572 novellae
700 2515 1084 2572 Christianitati
1109 2523 1480 2572 constructam
1509 2515 1762 2581 habebat,
1796 2514 1852 2569 in

250 2604 373 2662 loco
403 2603 498 2677 qui
541 2604 739 2660 dicitur
769 2603 1056 2673 Sliasvich,
1099 2604 1232 2660 vidit
1260 2604 1660 2660 multitudinem
1689 2603 1850 2659 Chri-

255 2693 552 2750 stianorum
599 2701 899 2750 catenatam
955 2694 1094 2749 trahi
1139 2693 1412 2766 captivam
1459 2712 1474 2749 :
1521 2693 1666 2750 inter
1714 2707 1852 2766 quas

255 2798 365 2839 una
393 2783 840 2853 sanctimonialis,
871 2791 930 2838 ut
958 2783 1172 2840 eminus
1212 2783 1364 2838 illum
1394 2783 1695 2854 conspexit,
1730 2799 1853 2838 cum

253 2871 633 2946 genuﬂexione
663 2879 716 2928 et
743 2872 943 2928 crebra
966 2871 1160 2944 capitis
1189 2871 1534 2928 inclinatione
1564 2881 1673 2928 tam
1701 2871 1854 2926 illum

251 2960 526 3032 venerari,
559 2977 722 3034 quam
755 2962 872 3032 ejus
901 2961 1338 3018 misericordiam
1367 2978 1469 3034 pro
1510 2978 1606 3016 sua
1635 2961 1855 3018 redem-

248 3049 432 3122 ptione
476 3050 692 3121 precari
755 3034 1070 3107 videbatur:
1135 3051 1204 3106 Et
1244 3058 1303 3106 ut
1349 3067 1470 3108 eam
1526 3050 1857 3124 intelligeret

1943 1835 2253 1892 decessoris
2281 1836 2390 1892 mei
2419 1836 2694 1910 Ansgarii.
2729 1837 2878 1893 Solet
2908 1837 3053 1893 enim
3078 1837 3211 1892 mihi
3239 1837 3357 1910 ipse
3375 1853 3542 1910 appa-

1943 1941 2069 1980 rens
2098 1924 2154 1980 in
2183 1925 2437 1997 qualitate
2475 1925 2653 1981 vultus
2697 1925 2780 1981 sui
2827 1926 3136 1998 ostendere,
3181 1926 3413 1999 qualiter
3449 1942 3540 1983 me

1943 2012 2253 2070 immiscere
2300 2015 2530 2070 debeam
2575 2015 2741 2071 rebus
2787 2015 3048 2087 agendis;
3081 2023 3134 2070 et
3179 2015 3441 2088 quidquid
3469 2015 3540 2071 de

1945 2102 2040 2158 illo
2068 2104 2262 2171 sentio,
2293 2103 2496 2160 nullam
2543 2104 2614 2160 ad
2645 2106 2751 2162 hoc
2779 2103 3192 2178 exsequendum
3221 2102 3540 2162 dissimula-

1945 2191 2152 2248 tionem
2180 2191 2364 2249 facere
2391 2209 2636 2265 possum.
2674 2214 2698 2244 »

2548 2362 2774 2420 CAPUT
2809 2362 2940 2418 XX.

2023 2487 2215 2542 Fertur
2256 2486 2416 2542 etiam
2459 2487 2801 2560 antiquorum
2841 2503 2996 2542 more
3049 2495 3362 2544 sanctorum
3391 2504 3547 2562 qum-

1953 2575 2080 2630 dam
2108 2575 2306 2632 fecisse
2332 2575 2612 2644 miracula,
2645 2575 2962 2648 frequenter
2987 2575 3242 2634 videlicet
3271 2577 3401 2633 dum
3446 2579 3552 2636 iret

1951 2664 2020 2719 ad
2059 2664 2368 2734 Sueoniam,
2415 2672 2794 2736 tempestatem
2841 2664 3012 2720 maris
3061 2665 3396 2722 orationibus
3435 2667 3550 2723 suis

1955 2753 2200 2822 sedasse,
2231 2753 2362 2810 caci
2392 2753 2678 2823 cujusdam
2706 2753 2895 2810 oculos
2923 2753 3260 2810 illuminasse
3286 2771 3388 2826 per
3415 2770 3554 2812 con-

1954 2841 2341 2909 ﬁrmationem,
2393 2858 2554 2914 quam
2599 2841 2897 2914 episcOpali
2932 2858 3088 2898 more
3117 2858 3239 2899 cum
3266 2843 3560 2900 chrismate

1957 2947 2112 2987 sacro
2153 2931 2208 2986 in
2255 2931 2447 2986 eodem
2492 2930 2742 2988 faciebat.
2791 2931 2900 2988 Sed
2947 2939 3000 2988 et
3045 2931 3214 2987 ﬁlium
3263 2931 3556 3004 quemdam

1957 3021 2105 3092 regis
2135 3020 2334 3076 dicitur
2363 3036 2396 3075 a
2425 3020 2696 3076 daemonio
2725 3020 2990 3076 liberasse
3021 3037 3034 3074 :
3068 3020 3156 3077 cui
3201 3021 3366 3078 etiam
3407 3019 3556 3076 adir-

251 3108 420 3196 fuisse
447 3108 826 3208 Christianam,
851 3139 1064 3198 elevata
1091 3139 1252 3195 altius
1283 3157 1417 3197 voce
1449 3139 1613 3211 ccepit
1640 3108 1859 3198 ca‘ntare
1888 3109 2329 3211 αἶῖξθῐίοηίᾞοο
2356 3108 2640 3211 ξιειὶριιιειιιί
2681 3109 2916 3211 videtur,
2951 3109 3098 3211 quod
3142 3109 3326 3209 multis
3363 3117 3553 3211 astan-

253 3229 512 3300 psalmos,
557 3230 864 3301 Episcopus
910 3236 1093 3284 autem
1139 3228 1492 3285 miseratione
1530 3237 1852 3294 commotus,

257 3317 512 3374 divinitus
565 3333 688 3374 eam
735 3317 978 3388 adjuvari
1021 3334 1147 3374 cum
1186 3311 1440 3390 lacrymis
1503 3319 1712 3374 orabat.
1771 3317 1858 3374 Ad

257 3407 413 3478 cujus
441 3422 634 3479 preces
672 3422 798 3463 mox
843 3407 1092 3479 disrupta
1119 3415 1202 3463 est
1229 3415 1422 3464 catena
1449 3409 1518 3464 de
1545 3407 1686 3465 collo
1715 3408 1852 3477 ejus,

258 3513 382 3570 qua:
408 3496 587 3553 vincta
617 3497 920 3552 tenebatur.
941 3497 1026 3553 Ne
1056 3505 1233 3552 tamen
1263 3497 1381 3568 ipsa
1407 3497 1710 3569 aufugeret,
1735 3513 1858 3552 eam

257 3585 401 3642 inter
427 3601 620 3642 manus
649 3586 916 3642 habentes
943 3587 1146 3658 pagani
1177 3585 1334 3643 facile
1362 3586 1696 3642 obtinebant.
1720 3587 1857 3641 Tum

257 3683 480 3732 sanctus
506 3674 796 3748 episcOpus
825 3675 982 3731 anxio
1003 3675 1071 3730 de
1101 3675 1191 3730 illa
1219 3683 1399 3731 motus
1429 3675 1644 3745 affectu,
1669 3683 1859 3731 tenen-

254 3764 401 3820 tibus
429 3780 549 3820 eam
591 3764 826 3838 paganis
867 3764 1028 3836 plura
1067 3764 1272 3820 diversi
1303 3765 1525 3838 generis
1554 3765 1730 3837 pretia
1756 3780 1859 3836 pro

256 3852 377 3925 ipsa
431 3851 593 3925 coepit
649 3853 870 3910 offerre.
934 3854 1043 3910 Sed
1096 3853 1176 3908 illi
1223 3854 1428 3909 nullam
1493 3853 1860 3910 conditionem

260 3941 536 4014 suscipere
565 3943 838 4010 volebant,
871 3942 976 3998 nisi
1005 3959 1164 3998 suum
1193 3943 1273 3999 eis
1302 3943 1458 3999 daret
1499 3959 1720 4016 equum,
1755 3957 1862 4015 quo

258 4031 331 4088 ad
355 4031 632 4104 propriam
664 4031 856 4088 sellam
884 4031 962 4086 uti
993 4031 1222 4088 solebat.
1250 4031 1409 4100 Quod
1436 4033 1528 4088 ille
1548 4031 1732 4088 facere
1752 4047 1864 4086 non

259 4121 592 4188 detrectans,
641 4128 868 4192 repente
915 4119 1137 4176 disilivit
1165 4120 1287 4192 [al.,
1331 4120 1564 4193 desiluit]
1597 4121 1665 4176 de
1697 4135 1858 4192 equo,

263 4217 318 4266 et
345 4225 470 4267 cum
499 4209 647 4266 omni
675 4226 840 4282 quam
869 4209 988 4282 ipse
1013 4209 1084 4265 ad
1114 4225 1239 4264 eum
1266 4209 1454 4265 habuit
1483 4217 1736 4280 paratura
1763 4223 1864 4279 pro

260 4297 452 4354 eadem
481 4298 629 4354 dedit
656 4299 890 4370 captiva,
926 4297 1376 4370 redemptamque
1407 4297 1656 4354 libertate
1685 4297 1865 4352 dona-

262 4387 360 4456 vit,
395 4395 450 4444 et
477 4403 586 4460 quo
616 4387 779 4445 vellet
807 4387 958 4444 abire
987 4387 1254 4458 permisit.
1281 4387 1512 4458 Duplex,
1535 4395 1593 4441 ut
1609 4385 1862 4456 diximus,

263 4493 368 4550 per
393 4478 499 4534 hoc
527 4476 726 4534 factum
771 4477 838 4532 de
869 4493 928 4532 se
967 4475 1289 4532 memoriale
1320 4475 1498 4531 laudis
1527 4475 1860 4547 relinquens,
1891 4494 1946 4558 D

267 4567 416 4641 quod
445 4575 498 4624 et
531 4566 729 4624 virtute
773 4566 1032 4624 orationis
1082 4583 1194 4623 suae
1240 4573 1490 4624 catenam
1535 4564 1776 4638 fregerit,
1811 4572 1863 4620 et

265 4655 430 4712 simul
473 4657 579 4714 hoc
622 4655 840 4731 insigne
905 4672 1044 4730 opus
1086 4655 1478 4714 misericordiae
1525 4655 1865 4711 demonstra-

266 4745 428 4804 verit.

852 4871 1078 4930 CAPUT
1122 4871 1276 4928 XIX.

338 4977 572 5037 Proinde
612 4977 768 5051 juxta
809 4987 1144 5052 praeceptum
1188 4977 1453 5050 Apostoli,
1495 4993 1603 5050 quo
1647 4993 1867 5033 servum

269 5069 489 5127 Domini
511 5069 666 5140 jubet
700 5075 1041 5125 mansuetum
1071 5084 1195 5124 esse
1224 5067 1294 5123 ad
1323 5082 1516 5122 omnes
1546 5067 1623 5137 (II
1651 5067 1787 5122 Tim.
1810 5069 1866 5133 2,

267 5159 386 5231 24),
416 5159 490 5214 ita
516 5158 666 5226 vixit,
697 5165 757 5214 ut
784 5157 898 5214 suis
945 5157 1284 5230 temporibus
1329 5155 1527 5222 nullus,
1563 5155 1702 5212 sicut
1728 5155 1866 5226 ipse,

266 5248 566 5306 Mosaicum
609 5247 744 5304 illud
796 5247 1194 5316 assimilaverit,
1259 5262 1366 5320 quo
1421 5245 1508 5302 vir
1551 5243 1870 5300 mitissimus

339 5385 366 5415 ⁸
390 5382 604 5436 Adamus
629 5383 678 5435 In
703 5396 812 5449 cap.
838 5381 942 5434 34:
969 5383 1112 5434 Hunc
1135 5381 1269 5444 regis
1295 5379 1562 5432 [λειαιεωὶσὶ
1587 5380 1748 5449 ﬁlium
1775 5379 1872 5430 Ca-

273 5452 438 5504 rolum
459 5463 565 5502 esse
584 5447 906 5514 arbitramur,
945 5451 1035 5514 qui
1061 5449 1340 5503 novissimis
1374 5447 1730 5509 archiepiscopi
1753 5453 1874 5498 tem-

268 5519 480 5582 poribus
500 5531 532 5569 a
553 5532 703 5582 regno
735 5518 1006 5585 depositus.
1053 5515 1874 5585 Amat/um__germgni_suiﬁlium

275 5581 473 5649 accepit
507 5581 853 5639 successorem.
895 5586 1024 5637 Sane
1068 5583 1120 5635 tu
1163 5581 1432 5636 Annalibus
1475 5581 1796 5634 Fuldensibus
1824 5584 1876 5632 et

1957 3197 2100 3252 tibus
2127 3197 2401 3269 episcopis
2431 3196 2638 3253 clamor
2663 3197 2733 3252 ab
2763 3213 2860 3253 ore
2888 3197 3066 3254 vexati
3086 3198 3285 3270 saepius
3301 3199 3552 3267 sonabat,

1956 3286 2303 3342 Rembertum
2333 3285 2508 3341 solum
2537 3285 2676 3342 inter
2703 3301 2800 3342 eos
2819 3285 2985 3360 digne
3004 3287 3356 3343 commissum
3375 3287 3559 3360 egisse

1957 3374 2212 3446 oﬂicium,
2247 3375 2534 3447 ipsumque
2582 3374 2686 3430 sibi
2732 3391 2855 3432 esse
2901 3375 3162 3432 cruciatui
3189 3383 3380 3434 auctor
3404 3377 3557 3435 vocis

1958 3465 2254 3520 testabatur
2277 3473 2322 3520 ⁸.
2372 3465 2482 3520 Sed
2527 3463 2656 3536 quia
2702 3465 2902 3520 nostris
2948 3465 3306 3536 temporibus,
3339 3473 3399 3521 ut
3426 3466 3560 3524 dicit

1957 3553 2262 3621 Psalmista,
2296 3554 2506 3625 defecit
2531 3557 2783 3622 sanctus,
2816 3557 2874 3609 et
2911 3554 3213 3610 diminuta:
3237 3559 3378 3612 sunt
3406 3557 3553 3612 veri-

1961 3647 2105 3699 tates
2134 3660 2169 3698 a
2199 3643 2337 3712 ﬁliis
2370 3643 2664 3698 hominum
2693 3643 2868 3712 (Psal.
2890 3657 2970 3710 χι,
3005 3643 3082 3714 2),
3116 3659 3220 3699 nec
3239 3642 3399 3700 facile
3411 3643 3558 3700 acci-

1957 3731 2104 3803 pitur
2124 3746 2395 3804 quemque
2411 3746 2477 3785 ex
2495 3729 2776 3786 modernis
2791 3729 2924 3786 viris
2941 3730 3067 3786 talia
3089 3730 3306 3799 fecisse,
3330 3731 3562 3789 sufﬁciat

1959 3836 2061 3876 nos
2080 3821 2344 3876 hactenus
2365 3819 2778 3890 comprobasse,
2802 3820 2948 3891 quod
2964 3819 3054 3876 hic
3069 3819 3154 3876 vir
3173 3821 3391 3878 Domini
3411 3837 3564 3880 sanc-

1959 3909 2130 3964 titatis
2178 3908 2388 3980 apicem
2439 3908 2759 3964 conscendit
2788 3925 2890 3980 per
2918 3924 3014 3965 eas
3041 3909 3296 3966 virtutum
3327 3911 3561 3983 species,

1963 4015 2098 4071 quas
2128 3997 2185 4052 in
2213 3997 2520 4070 Evangelio
2551 3997 2816 4052 Dominus
2846 3997 2916 4052 ad
2941 3998 3328 4055 beatitudinem
3357 4016 3564 4072 prope-

1962 4087 2186 4142 randam
2216 4085 2471 4157 pr0ponit
2504 4102 2518 4138 :
2552 4087 2733 4152 Beati,
2765 4085 3037 4157 inquiens,
3057 4104 3333 4160 pauperes
3351 4091 3564 4162 spiritu

1962 4175 2183 4248 (Matth.
2214 4191 2268 4240 v,
2300 4174 2375 4246 3),
2411 4181 2539 4242 etc.,
2571 4173 2640 4228 de
2670 4172 2954 4230 octonario
3001 4173 3258 4230 virtutum
3285 4176 3556 4250 catalogo,

1961 4279 2070 4336 quo
2099 4261 2436 4335 significatur
2463 4278 2564 4334 per
2593 4262 3004 4319 resurrectionis
3033 4264 3266 4338 gratiam
3295 4265 3413 4337 spei
3439 4281 3562 4322 nos-

1959 4361 2060 4408 trae
2103 4351 2378 4424 implenda
2427 4349 2705 4423 perfectio.
2737 4352 2854 4409 Nec
2883 4353 3142 4410 miracula
3171 4353 3250 4410 illi
3278 4353 3566 4410 defuerunt

1965 4441 2290 4512 spiritualia,
2336 4457 2459 4512 qua:
2505 4440 2671 4496 etiam
2697 4457 2844 4498 nunc
2871 4441 2928 4496 in
2971 4441 3224 4499 Ecclesia
3249 4458 3284 4498 a
3311 4443 3564 4503 ﬁdelibus

1967 4530 2084 4586 ﬁeri
2109 4537 2336 4584 testatur
2380 4529 2569 4585 beatus
2613 4530 2912 4602 Gregorius
2941 4547 3220 4603 exponens
3245 4533 3416 4589 verba
3445 4533 3565 4588 Do-

1962 4619 2096 4675 mini
2133 4618 2363 4674 dicentis
2407 4618 2580 4692 (hom.
2629 4623 2698 4676 29
2725 4621 2789 4676 in
2820 4620 3059 4694 Evang.)
3090 4640 3109 4676 :
3141 4621 3316 4694 Signa
3369 4625 3564 4678 autem

1964 4726 2054 4766 eos
2081 4711 2178 4782 qui
2205 4708 2570 4776 crediderint,
2605 4709 2720 4765 haec
2739 4713 3049 4782 sequentur
3070 4729 3088 4766 :
3110 4712 3174 4766 in
3192 4711 3422 4767 nomine
3441 4725 3564 4768 meo

1966 4799 2245 4856 dae-monia
2257 4799 2506 4870 ejicient,
2531 4797 2740 4870 linguis
2759 4797 3062 4871 loquentur
3075 4799 3254 4870 novis,
3273 4803 3564 4872 serpente:

1969 4889 2210 4954 tollent;
2232 4891 2286 4943 et
2317 4889 2366 4942 si
2381 4888 2746 4958 mortiferum
2775 4887 2908 4960 quid
2935 4887 3196 4955 biberint,
3221 4903 3334 4946 non
3357 4889 3438 4946 ei:
3457 4905 3566 4946 no-

1967 4977 2340 5048 cebit;super
2359 4993 2534 5048 aegros
2564 4992 2770 5032 manus
2800 4977 3110 5048 imponent,
3145 4981 3203 5034 et
3231 4977 3368 5034 bene
3399 4978 3570 5036 habe-

1969 5066 2109 5121 bunt
2135 5065 2326 5136 (Marc.
2349 5079 2469 5133 xw,
2498 5065 2584 5130 l7,
2606 5065 2716 5136 t8).
2743 5064 2850 5119 Sed
2879 5064 2949 5119 de
2976 5064 3062 5119 his
3093 5065 3326 5139 singulis
3345 5066 3570 5140 exposi-

1967 5154 2171 5210 tionem
2192 5151 2402 5224 praefati
2421 5152 2664 5209 doctoris
2685 5169 3008 5224 percurrere
3029 5153 3256 5228 longum
3275 5164 3356 5212 est
3375 5165 3430 5213 et
3457 5171 3568 5214 non

1971 5242 2360 5309 necessarium,
2386 5257 2511 5298 cum
2548 5241 2767 5298 homilia
2801 5243 2917 5298 haec
2938 5243 3224 5301 continens
3243 5245 3298 5301 in
3317 5253 3572 5320 promptu

1971 5378 2270 5429 Bertinianis
2311 5389 2439 5428 anno
2463 5376 2565 5427 875
2589 5376 2830 5440 malignus
2853 5377 3054 5442 spiritus
3076 5380 3302 5432 Carolum
3335 5379 3570 5432 invasisse

1973 5449 2022 5496 et
2046 5446 2520 5511 gravitergvexasse
2567 5443 2746 5506 fertur,
2793 5444 2856 5495 ob
2896 5446 2948 5498 id
2997 5447 3186 5500 scilicet
3227 5447 3352 5511 quod
3397 5449 3569 5498 contra

1973 5518 2168 5577 patrem
2192 5509 2492 5564 Ludovicum
2515 5511 2865 5576 conspirasset.
