4086 6304
583 263 723 346 1007

1495 283 1553 338 S.
1593 281 1947 339 REMBERTI
2001 278 2369 336 HAMBURG;
2417 280 2635 337 EPISC.
2693 281 2875 337 VITA.

3737 281 3878 335 {008

579 414 864 478 habeatur,
897 409 970 466 ad
993 423 1152 482 quam
1183 423 1284 465 nos
1322 408 1586 465 lectorem
1627 408 1901 465 mittentes
1930 414 2167 478 emptum
2186 403 2244 466 A
2275 405 2534 461 recedens
2576 406 2829 475 disceret,
2878 405 3077 460 arctius
3122 403 3541 476 imprimeretur,
3586 404 3698 461 hoc
3727 404 3877 476 quod

578 519 718 576 opus
743 502 812 558 de
831 501 944 558 vita
961 498 1148 555 domni
1180 497 1458 554 Bemberti
1484 513 1865 554 consummare
1885 497 2168 552 debemus.

1167 623 1393 679 CAPUT
1428 622 1582 678 XXI.

648 735 766 803 Cui,
797 749 922 791 cum
947 733 1060 802 jam
1091 730 1243 786 senio
1271 729 1484 804 gravari
1513 728 1786 800 coepisset,
1807 727 1970 784 etiam
1998 727 2169 784 conti-

575 841 716 880 nuus
744 823 948 895 pedum
976 821 1132 876 dolor
1179 819 1251 874 ad
1299 818 1602 874 molestiam
1634 818 1685 873 ei
1715 817 1947 874 accessit
1979 834 1992 870 :
2023 816 2169 872 unde

575 913 723 985 apud
753 911 1049 985 gloriosum
1079 907 1256 980 primo
1284 923 1474 979 regem
1495 907 1864 973 Ludowicum,
1890 921 1997 977 quo
2019 921 2168 961 com-

571 1001 862 1058 mendante
893 998 1264 1070 episcopatum
1292 995 1518 1066 accepit,
1553 1003 1604 1050 et
1633 1003 1825 1066 postea
1853 993 1998 1065 apud
2024 993 2166 1048 filios

573 1091 693 1161 ejus
721 1087 1068 1144 Ludowicum
1116 1093 1169 1140 et
1215 1083 1474 1139 Karolum
1523 1085 1623 1139 hoc
1667 1083 1915 1147 obtinuit,
1948 1089 2007 1137 ut
2036 1081 2168 1136 insi-

573 1179 701 1254 gnis
730 1178 814 1234 vir
841 1173 1184 1246 Adalgarius,
1223 1173 1522 1228 monachus
1571 1172 1822 1227 videlicet
1867 1172 1936 1226 de
1965 1186 2164 1226 mona-

570 1267 736 1324 sterio
766 1281 920 1321 novae
950 1263 1215 1330 Corbeiae,
1247 1271 1303 1316 ut
1333 1277 1499 1332 supra
1530 1261 1831 1326 retulimus,
1856 1259 1932 1314 illi
1952 1259 2165 1331 praesti-

570 1365 677 1424 tus,
708 1355 783 1410 ita
810 1354 867 1409 in
915 1351 1239 1421 adjutorium
1284 1349 1361 1404 illi
1409 1348 1850 1415 conﬁrmaretur,
1895 1356 2161 1420 quatenus

565 1446 696 1502 dum
724 1458 848 1498 sese
877 1440 1132 1514 quaelibet
1158 1436 1445 1492 inﬁrmitas
1474 1437 1820 1510 praepediret,
1841 1437 1894 1492 in
1917 1436 2036 1508 ipso
2067 1437 2160 1491 ha-

563 1535 720 1590 heret
748 1531 1000 1587 solatium
1027 1527 1268 1584 circandi
1307 1527 1697 1598 epiSCOpatum,
1729 1525 1924 1598 placita
1953 1526 2162 1581 adeun-

560 1624 636 1689 di,
668 1631 722 1678 et
750 1620 968 1692 quando
1014 1617 1346 1690 exigeretur,
1395 1616 1450 1670 in
1497 1615 1915 1686 expeditionem,
1962 1615 2048 1671 vel
2090 1615 2158 1669 ad

560 1711 822 1786 palatium
877 1724 999 1765 cum
1056 1705 1314 1762 comitatu
1373 1721 1471 1760 suo
1526 1703 1928 1775 proficiscendi.
1988 1705 2102 1759 Nec
2129 1712 2155 1738 ⁸

2274 493 2432 549 etiam
2463 495 2532 550 ab
2560 495 2639 551 eis
2671 494 2843 550 amari
2870 502 3118 564 noverat,
3136 493 3531 550 admonitiones
3559 493 3642 549 eis
3670 493 3874 550 saluta-

2271 599 2362 639 res
2417 582 2562 651 fecit,
2623 600 2733 640 non
2789 583 3132 640 mediocriter
3175 583 3359 640 verbis
3405 583 3524 654 ejus
3553 582 3610 638 in
3640 582 3872 656 gratiam

2271 672 2645 728 aadificationis
2671 671 3082 744 profluentibus.
3115 673 3242 728 Post
3269 673 3386 729 haec
3416 671 3736 730 valedicens
3763 671 3872 726 illis

2269 760 2518 816 discessit
2548 762 2616 816 ab
2646 761 2744 831 eis,
2776 777 2879 818 nec
2907 761 3148 828 ulterius,
3183 769 3242 816 ut
3273 761 3392 833 ipse
3433 760 3708 832 praedixit,
3741 777 3868 816 eum

2269 848 2538 905 viderunt.
2573 849 2816 920 Qualiter
2859 859 3038 906 autem
3063 849 3334 906 somnium
3363 851 3488 916 hoc,
3521 849 3671 922 quod
3701 849 3868 906 modo

2267 938 2607 1009 protulimus,
2641 939 2877 995 evidenti
2905 937 3098 995 effectu
3142 939 3199 993 in
3235 939 3382 994 obitu
3410 953 3477 995 ac
3507 938 3870 1010 dispositione

2267 1025 2400 1094 ejus,
2459 1035 2519 1081 ut
2570 1027 2688 1099 ipse
2735 1027 3092 1096 intellexerat,
3143 1027 3469 1098 completum
3498 1027 3587 1095 sit,
3621 1042 3868 1100 congrue

2266 1130 2330 1170 eo
2358 1115 2480 1172 loco
2537 1117 2934 1183 enarrabimus,
2993 1132 3101 1188 quo
3149 1116 3683 1173 commemorandum
3743 1116 3866 1182 erit,

2265 1203 2495 1275 qualiter
2523 1205 2700 1259 anima
2747 1205 2862 1276 ejus
2909 1206 2976 1261 ad
3021 1205 3190 1262 ccelos
3219 1206 3499 1262 sublevate
3529 1205 3618 1271 sit,
3645 1213 3700 1260 et
3727 1220 3865 1278 quo-

2262 1293 2426 1349 modo
2457 1309 2657 1365 corpus
2683 1295 2800 1364 ejus
2828 1294 3121 1366 sepultura:
3141 1294 3396 1350 traditum
3424 1294 3703 1350 habeatur.

2830 1418 3054 1476 CAPUT
3082 1419 3284 1474 XXIII.

2329 1523 2626 1580 Duodecim
2655 1525 2820 1598 igitur
2847 1525 3040 1582 diebus
3070 1534 3193 1582 ante
3221 1525 3504 1582 transitum
3535 1543 3695 1582 suum
3725 1543 3862 1599 per-

2257 1613 2484 1668 veniens
2514 1614 2583 1668 ad
2611 1615 2895 1670 ecclesiam
2925 1617 3292 1682 Bremensem,
3311 1615 3430 1687 ipso
3451 1631 3574 1672 mox
3593 1617 3684 1672 die
3704 1616 3860 1672 inﬁr-

2261 1701 2444 1756 mitate
2475 1711 2760 1774 correptus
2790 1712 2890 1760 est.
2923 1705 3167 1776 Cumque
3187 1721 3286 1776 per
3302 1721 3494 1761 omnes
3513 1706 3678 1761 horas
3711 1705 3856 1761 inﬁr-

559 1763 729 1858 ἔτιῆἒᾷ
753 1805 899 1870 post,
933 1794 1253 1852 electionem
1291 1763 1618 1848 succedendi
1655 1793 1755 1847 sibi
1785 1793 1841 1846 in
1868 1793 1988 1863 ipso
2018 1808 2150 1848 con-
2187 1763 2241 1824 Β
2263 1790 2423 1845 mitas
2451 1791 2690 1865 graviter
2717 1801 3010 1858 cresceret,
3045 1793 3162 1864 ipse
3205 1810 3424 1866 semper
3449 1794 3777 1866 psalmodiis
3806 1804 3858 1853 ει

560 1889 782 1955 ﬁrmari,
817 1895 870 1943 et
894 1902 992 1957 per
1035 1899 1228 1939 manus
1274 1882 1647 1953 acceptionem
1687 1882 1964 1938 hominem
2011 1881 2157 1953 regis

558 1980 713 2035 illum
739 1976 878 2042 fieri,
911 1982 964 2030 et
990 1970 1131 2028 inter
1179 1971 1519 2028 consiliarios
1567 1971 1682 2040 ejus
1731 1970 1988 2027 collocari
2018 1971 2160 2026 obti-

560 2069 696 2134 nuit,
730 2063 1152 2122 assentientibus
1198 2062 1395 2118 abbate
1439 2069 1492 2116 et
1538 2059 1800 2116 fratribus
1841 2061 2156 2116 monasterii

535 2158 701 2228 .ejus,
735 2171 801 2211 ac
831 2161 1013 2210 sancta
1043 2152 1252 2224 synodo
1297 2152 1416 2206 haec
1457 2149 1637 2205 omnia
1684 2149 1995 2206 roborante.
2028 2150 2155 2205 Post

561 2247 682 2302 haec
712 2243 893 2309 etiam,
935 2242 1084 2299 velut
1115 2240 1415 2312 expeditior
1440 2255 1472 2296 a
1501 2239 1736 2312 negotiis
1766 2238 2150 2306 saecularibus,

560 2333 711 2392 omni
737 2331 989 2388 instantia
1018 2330 1256 2402 quotidie
1285 2329 1549 2400 ampliare
1581 2329 1862 2402 satagebat
1890 2327 2154 2400 quidquid

557 2423 689 2480 boni
713 2422 866 2494 prius
896 2419 1156 2476 exercuit.
1190 2419 1306 2475 Nec
1337 2418 1430 2474 diu
1473 2425 1666 2489 postea
1695 2418 1750 2472 in
1779 2418 1880 2474 hac
1914 2417 2023 2472 vita
2052 2417 2153 2472 du-

553 2513 710 2583 ravit,
743 2511 898 2581 cujus
929 2509 1182 2565 transitus
1212 2508 1282 2564 ad
1311 2507 1601 2564 Dominum
1641 2506 1928 2578 subjuncto
1957 2505 2151 2562 ordine

553 2602 731 2659 factus
757 2616 880 2657 esse
908 2599 1244 2671 perhibetur.

1147 2714 1372 2771 CAPUT
1407 2713 1586 2768 XXII.

621 2809 780 2864 Anno
807 2821 948 2878 pene
969 2803 1182 2876 integro
1204 2811 1329 2858 ante
1349 2803 1527 2858 obitus
1548 2801 1630 2857 sui
1647 2800 1810 2868 diem,
1827 2801 2150 2873 quibusdam

549 2897 802 2954 fidelibus
833 2895 946 2950 suis
973 2891 1242 2948 secretius
1272 2891 1554 2958 intimavit,
1589 2889 1755 2945 multa
1795 2890 1896 2945 sibi
1927 2899 2149 2946 ostensa

545 2985 716 3042 fuisse
744 2984 919 3057 signa,
950 2981 1148 3054 quibus
1175 2979 1451 3052 praesciret
1481 2996 1541 3035 se
1569 2978 1625 3033 in
1653 2979 1756 3036 hac
1778 2978 1890 3035 vita
1914 2995 2022 3035 non
2053 2980 2147 3035 diu

543 3089 878 3143 mansurum,
909 3079 962 3127 et
977 3071 1124 3143 quod
1140 3085 1236 3125 eos
1257 3069 1454 3141 quibus
1475 3069 1592 3124 hmo
1607 3068 1947 3140 loquebatur,
1973 3068 2028 3124 in
2045 3069 2146 3126 hac

542 3165 655 3221 vita
679 3163 822 3219 ultra
848 3177 959 3216 non
988 3166 1134 3215 esset
1152 3152 1386 3214 visurus.
1411 3179 1434 3209 α
1461 3157 1744 3227 Quaedam,
1768 3157 1962 3230 inquit,
1987 3157 2144 3228 hujus

538 3253 622 3309 rei
651 3249 923 3324 prasagia
948 3248 1082 3304 mihi
1107 3255 1394 3314 venerunt,
1415 3264 1536 3318 quae
1565 3246 1699 3301 mihi
1727 3263 1838 3302 non
1865 3246 1993 3303 licet
2021 3247 2142 3302 aliis

537 3341 782 3398 indicare
815 3357 829 3395 :
855 3337 1124 3394 visionem
1155 3345 1340 3392 tamen
1367 3336 1473 3392 hac
1519 3343 1678 3392 nocte
1708 3335 1841 3390 mihi
1865 3343 2140 3392 ostensam

538 3429 696 3488 vobis
748 3427 947 3494 refero,
1009 3443 1115 3499 qua
1165 3424 1573 3482 evidentissime
1623 3425 1926 3481 discessum
1954 3441 2139 3480 meum

537 3517 947 3593 prmﬁguratum
989 3531 1112 3572 esse
1157 3514 1426 3588 intelligo.
1460 3513 1764 3571 Videbatur
1809 3513 1954 3570 enim
1983 3513 2134 3585 mihi,

538 3608 687 3681 quod
714 3607 772 3662 in
800 3605 1031 3662 ecclesia
1060 3603 1318 3677 quadam,
1347 3619 1507 3659 muro
1539 3601 1855 3658 firmissimo
1883 3620 1985 3674 per
2012 3620 2136 3660 me-

534 3697 684 3752 dium
711 3695 1030 3766 intersepta,
1063 3709 1168 3764 ego
1198 3708 1264 3748 ex
1294 3708 1400 3747 una
1427 3699 1586 3763 parte
1623 3691 1761 3746 muri
1787 3691 2032 3758 fuissem,
2068 3707 2135 3748 ex

536 3783 708 3842 altera
762 3798 895 3840 vero
953 3787 1230 3837 teneretur
1277 3779 1531 3835 dominus
1579 3787 1634 3834 et
1673 3779 1934 3836 decessor
1977 3797 2134 3837 meus

531 3871 836 3946 Ansgarius
899 3887 912 3925 :
973 3868 1340 3941 conspexique
1395 3867 1849 3924 innumerabilem
1915 3870 2133 3926 turbam

532 3962 812 4034 utriusque
866 3975 1050 4027 sexus,
1109 3973 1261 4014 more
1318 3957 1675 4031 quaarentium
1727 3957 1931 4030 aliquid
1953 4001 1968 4026 ,
2027 3959 2133 4016 hac

531 4051 768 4124 illacque
791 4047 1056 4116 converti,
1088 4063 1191 4106 nec
1220 4047 1518 4121 quidquam
1547 4063 1614 4103 ex
1643 4061 1710 4103 eo
1741 4048 1888 4120 quod
1917 4064 2132 4120 quaere-

529 4141 662 4197 bant
688 4139 933 4212 potuisse
961 4137 1214 4195 inveniri.
1249 4137 1461 4206 Quibus
1489 4137 1742 4194 dominus
1769 4137 2078 4211 Ansgarius
2112 4155 2127 4193 :

530 4229 694 4298 Quid,
755 4227 950 4300 inquit,
1007 4227 1286 4300 quaeritis?
1343 4229 1413 4282 At
1459 4225 1537 4280 illi
1565 4242 1625 4282 se
1657 4225 1917 4282 annulum
1946 4242 2129 4282 meum

527 4313 791 4390 quaesisse
839 4316 1258 4388 respondentes,
1305 4315 1594 4370 audierunt
1639 4331 1850 4371 rursum
1894 4315 1965 4370 ab
2006 4315 2126 4387 epi-

530 4421 700 4478 scopo
718 4448 734 4474 ,
757 4412 815 4460 ut
841 4413 1119 4462 cessarent
1136 4420 1260 4460 eum
1281 4419 1543 4474 quaerere,
1565 4404 1782 4476 quando
1799 4404 1916 4476 ipse
1938 4419 2127 4462 secum

2255 1878 2580 1936 lectionibus
2629 1881 2799 1938 sacris
2843 1881 3099 1954 intentus,
3131 1899 3255 1938 sese
3281 1883 3352 1938 ad
3381 1881 3616 1939 futurum
3648 1885 3717 1940 de
3751 1887 3854 1942 hac

2255 1968 2366 2024 vita
2422 1969 2704 2025 transitum
2763 1970 2991 2027 sollicite
3036 1971 3395 2043 praeparabat.
3443 1973 3512 2028 Et
3540 1988 3854 2046 quanquam

2253 2057 2532 2131 languoris
2558 2059 2868 2114 immanitas
2890 2061 3172 2132 corporeis
3197 2060 3383 2116 viribis
3399 2061 3672 2118 defectum
3703 2062 3854 2138 inge-

2253 2154 2417 2212 reret,
2433 2147 2614 2204 animo
2633 2154 2815 2204 tamen
2839 2165 3057 2220 semper
3072 2148 3305 2206 invictus
3333 2150 3691 2222 apostolicam
3715 2167 3848 2224 pra:-

2252 2235 2510 2291 tendebat
2539 2236 2930 2305 fortitudinem,
2981 2238 3050 2292 de
3093 2255 3200 2310 qua
3227 2238 3356 2294 dicit
3386 2257 3400 2295 :
3440 2240 3671 2310 Quando
3696 2242 3851 2296 enim

2253 2325 2532 2394 inﬁrmor,
2559 2330 2697 2382 tunc
2723 2331 2924 2400 potem
2947 2344 3072 2383 sum
3101 2327 3180 2398 (11
3207 2328 3327 2384 Cor.
3351 2329 3584 2399 xu,10).
3606 2329 3848 2401 Septimo

2252 2421 2376 2468 ante
2393 2415 2596 2469 obitum
2617 2415 2706 2470 die
2722 2415 3082 2472 ministerium
3101 2431 3272 2473 sacrae
3287 2417 3557 2473 unctionis
3577 2433 3704 2474 cum
3722 2419 3844 2475 oleo

2251 2511 2441 2560 sancto
2471 2503 2521 2559 ei
2551 2502 2668 2559 ﬁeri
2697 2505 2878 2577 cmpit,
2912 2512 2965 2560 et
2995 2521 3099 2560 una
3143 2521 3265 2562 cum
3310 2506 3696 2564 communione
3725 2523 3848 2565 cor-

2250 2591 2398 2661 poris
2430 2600 2483 2647 et
2511 2594 2795 2666 sanguinis
2851 2593 3068 2650 Domini
3125 2611 3299 2667 usque
3355 2595 3410 2649 in
3457 2595 3605 2652 diem
3647 2595 3842 2654 animae

2249 2680 2496 2736 exeuntis
2525 2682 2594 2738 de
2621 2698 2846 2753 corpore
2873 2683 2978 2739 hoc
3005 2683 3244 2740 salutare
3271 2684 3572 2740 remedium
3588 2685 3739 2741 omni
3757 2686 3844 2742 die

2242 2792 2269 2830 b
2303 2771 2564 2842 percepit.
2594 2771 2664 2826 Et
2692 2788 2814 2828 cum
2838 2772 2950 2842 jam
2977 2772 3305 2846 migraturus
3335 2781 3480 2830 esset
3506 2773 3576 2830 de
3603 2775 3831 2845 mundo,

2247 2861 2558 2916 convocatis
2582 2861 2916 2933 presbyteris
2947 2868 2999 2918 et
3027 2861 3296 2918 universis
3322 2861 3596 2928 fratribus,
3629 2864 3841 2921 veniam

2245 2948 2433 3018 petivit
2461 2951 2529 3006 de
2559 2950 2811 3006 omnibus
2859 2967 3192 3024 quascunque
3232 2951 3472 3008 fortassis
3518 2951 3575 3007 in
3603 2953 3838 3026 aliquem

2246 3037 2459 3093 illorum
2489 3049 2791 3110 peccasset.
2823 3041 2890 3096 Et
2920 3055 3046 3096 cum
3082 3040 3200 3112 ipse
3247 3040 3480 3098 vicissim
3520 3042 3836 3099 reconcilia-

2175 3127 2225 3194 C
2245 3127 2446 3184 tionem
2493 3128 2712 3185 fecisset
2753 3129 3006 3186 omnibus
3051 3129 3392 3198 Christianis,
3437 3145 3472 3186 a
3515 3146 3836 3205 quocunque

2238 3215 2296 3270 in
2321 3232 2444 3272 eum
2471 3216 2679 3290 aliquid
2709 3218 3060 3274 commissum
3096 3217 3305 3286 fuisset,
3339 3219 3666 3293 veniMque
3694 3221 3775 3277 eis
3803 3237 3836 3278 ιι

2239 3305 2472 3362 Domino
2517 3306 2888 3378 poposcisset;
2934 3315 3190 3380 percepto
3229 3323 3457 3380 corpore
3487 3317 3542 3365 et
3570 3311 3835 3382 sanguine

2255 3395 2476 3450 Domini
2503 3411 2718 3453 sacram
2748 3395 2983 3452 animam
3013 3405 3036 3432 °
3065 3389 3261 3454 emisit.
3308 3398 3458 3454 Tunc
3503 3414 3640 3456 vero
3663 3399 3840 3457 incre-

2198 3483 2422 3550 _dibilis
2482 3484 2720 3558 gemitus
2777 3485 3019 3542 omnium
3069 3487 3392 3544 subsecutus
3448 3494 3548 3555 est,
3609 3489 3839 3546 maxime

2235 3587 2530 3644 pauperum
2578 3575 2680 3630 has
2723 3573 2863 3630 inter
2908 3575 3068 3631 ﬂetus
3113 3591 3278 3633 voces
3308 3575 3668 3633 emittentium
3701 3593 3718 3636 :
3749 3579 3838 3635 Vae

2234 3661 2412 3732 nobis,
2447 3663 2610 3720 Pater
2637 3672 2844 3732 sancte,
2877 3665 3153 3736 quomodo
3190 3664 3306 3734 jam
3333 3673 3458 3737 post
3486 3673 3540 3722 te
3567 3667 3833 3735 vivemus,

2235 3750 2338 3806 tuis
2393 3751 2757 3824 eleemosynis
2806 3753 2863 3808 in
2906 3753 3051 3810 victu
3102 3762 3161 3810 et
3207 3753 3406 3810 vestitu
3445 3755 3714 3813 hactenus
3741 3773 3832 3813 su—

2233 3841 2496 3896 stentati?
2525 3857 2559 3896 a
2589 3858 2698 3914 quo
2726 3841 2987 3914 deinceps
3017 3843 3135 3900 haec
3162 3843 3499 3900 merebimur
3518 3845 3548 3900 ν
3579 3845 3691 3902 Sed
3718 3845 3828 3914 tibi,

2231 3927 2499 4000 inquiunt,
2549 3930 2766 3986 Christe
2815 3931 3202 4004 supplicamus,
3255 3939 3313 3988 ut
3354 3932 3538 3990 anima
3585 3935 3731 3991 servi
3757 3934 3830 3990 tui

2233 4017 2431 4073 sentiat
2459 4025 2512 4074 te
2541 4035 2688 4077 nunc
2713 4036 3020 4077 memorem
3064 4021 3336 4078 dictorum
3365 4029 3607 4094 tuorum,
3638 4023 3829 4097 quibus

2229 4107 2546 4178 promittere
2599 4108 2856 4184 dignatus
2912 4125 2973 4166 es
3011 4125 3046 4166 a
3089 4117 3144 4167 te
3188 4125 3311 4168 esse
3350 4113 3825 4182 remunerandum,

2231 4195 2541 4270 quicunque
2567 4197 2662 4253 uni
2691 4214 2758 4255 ex
2785 4198 3024 4255 minimis
3066 4198 3174 4256 tuis
3204 4199 3406 4274 aliquid
3434 4200 3617 4259 solatii
3646 4202 3704 4259 in
3727 4217 3828 4260 nov

2227 4285 2374 4342 mine
2404 4293 2497 4343 tuo
2525 4286 2764 4346 fecisset.

2799 4404 3024 4462 CAPUT
3050 4404 3263 4463 XXIV.

527 4501 677 4584 esset
704 4493 854 4549 illum
895 4492 1198 4584 habiturus.
1253 4516 1275 4541 ιι
1329 4492 1459 4584 Ηξιθθ
1678 4492 2020 4584 quibusdam,
2068 4502 2126 4584 ll"
2151 4491 2206 4556 D
2297 4509 2420 4581 Ipse
2449 4517 2634 4568 autem
2659 4509 2742 4567 vir
2769 4511 2890 4580 Dei,
2924 4527 3048 4570 cum
3075 4513 3253 4570 adhuc
3267 4512 3491 4584 viveret,
3511 4512 3824 4575 humilitatis

527 4583 785 4650 diximus,
818 4588 1068 4638 narraret
1097 4582 1331 4636 domnus
1375 4580 1722 4648 Rembertus,
1755 4597 1822 4636 ex
1850 4582 1956 4639 hoc
1984 4583 2126 4638 mul-

526 4673 706 4745 tisque
762 4670 882 4726 aliis
924 4669 1141 4726 indiciis
1199 4668 1434 4725 asseruit
1484 4685 1544 4724 se
1593 4683 1716 4724 esse
1747 4669 2122 4741 certificatum,

531 4761 680 4833 quod
709 4760 906 4816 eodem
932 4774 1076 4814 anno
1103 4758 1173 4814 de
1202 4758 1306 4814 hac
1347 4757 1456 4814 vita
1502 4756 1642 4814 foret
1681 4759 1938 4815 exiturus.
1969 4761 2040 4816 Et
2068 4769 2126 4818 ut

528 4849 789 4906 memoria
846 4849 960 4919 ejus
1017 4846 1352 4904 audientium
1407 4846 1602 4903 animis
1655 4863 1754 4920 per
1797 4849 1966 4906 verba
2005 4868 2126 4924 qua

595 4991 621 5019 ι
641 4975 800 5027 Aliter
834 4974 952 5038 legit
975 4974 1188 5027 Adamus
1219 4974 1269 5025 in
1295 4987 1405 5039 cap.
1430 4975 1496 5026 38
1523 4989 1536 5026 :
1560 4974 1847 5038 Impetravi!
1877 4978 2040 5041 etiam,
2070 4984 2126 5030 ut

524 5041 634 5104 ipse
655 5042 735 5092 illi
760 5043 815 5093 in
838 5042 1071 5093 electione
1094 5053 1348 5093 successor
1372 5044 1762 5108 confirmaretur,
1791 5048 1844 5096 et
1863 5045 1992 5098 inter
2013 5059 2125 5098 con-

523 5108 747 5159 citiarios
768 5109 910 5169 regis
925 5109 1189 5172 locaretur,
1216 5110 1597 5162 assentientibus
1616 5110 1859 5173 fratribus
1880 5119 1930 5164 et
1943 5113 2125 5166 abbate

526 5175 813 5227 monasterii
835 5176 961 5238 ejus,
989 5179 1084 5227 etc.

595 5243 620 5280 δ
646 5242 831 5304 Nempe
853 5254 956 5292 mos
981 5243 1030 5292 in
1055 5243 1271 5295 Ecclesia
1309 5243 1424 5294 olim
1471 5244 1686 5308 vigebat,
1723 5249 1778 5296 ut
1798 5247 1962 5298 unctio
1985 5247 2116 5298 inﬁr-

526 5321 738 5378 morum,
763 5321 870 5378 quae
896 5309 1072 5378 viatico
1096 5311 1504 5374 praemittebatur,
1530 5324 1618 5373 per
1640 5312 1804 5374 plures
1835 5313 1940 5364 dies
1963 5326 1992 5364 a
2015 5315 2124 5378 plu-

520 5375 654 5428 ribus
677 5375 976 5440 presbyteris
993 5381 1311 5440 repeteretur.
1324 5379 1454 5442 Lege
1470 5382 1610 5429 notas
1628 5379 1844 5430 Menardi
1869 5380 1920 5430 in
1945 5375 2118 5432 librum

520 5445 976 5494 Sacramentorum.

585 5539 608 5566 c
629 5511 841 5577 Adamus
861 5511 909 5560 in
935 5523 1045 5574 cap.
1073 5511 1135 5562 57
1167 5525 1178 5556 :
1209 5511 1346 5562 Obiit
1386 5515 1547 5562 autem
1591 5525 1718 5564 anno
1772 5513 1968 5565 Domini
1991 5513 2117 5577 888,

514 5577 786 5631 indictione
807 5576 878 5630 76
900 5578 1044 5640 cuius
1068 5577 1307 5640 depositio
1353 5591 1408 5629 ιιι
1452 5579 1570 5631 Idus
1610 5579 1752 5631 Junii
1797 5576 2118 5633 celebratur:

2226 4597 2438 4670 intuitu,
2481 4601 2739 4672 praecepit
2783 4617 2854 4658 ne
2900 4601 2956 4656 in
3003 4601 3234 4659 ecclesia
3275 4604 3602 4677 sepeliretur
3633 4626 3647 4662 :
3679 4601 3823 4681 quod

2225 4697 2558 4762 praeceptum
2587 4690 2893 4764 transgredi
2919 4706 3029 4748 non
3057 4692 3322 4750 audentes
3349 4693 3553 4752 fratres
3579 4696 3824 4754 ecclesia

2224 4777 2390 4845 illius,
2426 4779 2762 4850 sepelierunt
2791 4795 2914 4836 eum
2934 4779 3071 4836 foris
3091 4781 3370 4840 basilicam
3385 4799 3555 4857 prope
3583 4787 3821 4842 tumbam

2226 4865 2254 4902 ἀ
2281 4867 2454 4925 sancti
2502 4868 2786 4936 Villehadi,
2832 4877 2984 4926 extra
3025 4885 3243 4928 murum
3282 4871 3530 4931 ecclesia
3577 4875 3817 4933 orienta-

2223 4991 2304 5064 qui
2330 5005 2486 5064 annus
2506 4995 2563 5064 et
2578 4993 2685 5064 dies
2707 4993 2830 5064 certi
2857 5005 2964 5046 esse
2986 4995 3234 5064 videntur.
3253 4995 3458 5050 Fallitur
3477 4998 3686 5064 proinde
3709 5001 3814 5053 Tri-

2223 5061 2456 5133 themjus,
2483 5061 2564 5133 qui
2588 5059 2854 5133 Remberto
2893 5074 3058 5133 annos
3087 5063 3326 5133 duntaxat
3347 5059 3522 5117 novem
3559 5067 3804 5133 regiminis

2222 5127 2412 5199 tribuit,
2439 5129 2533 5199 cui
2553 5140 2708 5199 annos
2731 5132 2834 5180 tres
2865 5132 2917 5180 et
2961 5129 3134 5195 viginti
3181 5143 3290 5184 cum
3334 5133 3582 5186 mensibus
3604 5127 3811 5199 quinque

2222 5193 2436 5244 tribuere
2458 5195 2724 5246 debuisset.

2289 5270 2315 5311 d
2342 5261 2603 5323 Interjecto
2643 5266 2810 5313 tamen
2855 5275 2995 5314 muro
3038 5275 3126 5316 seu
3170 5265 3358 5329 pariete
3404 5266 3643 5319 ecclesiae.
3691 5269 3806 5319 Nam

2220 5331 2418 5398 sanctus
2454 5329 2759 5398 Willehadus
2806 5330 3086 5382 Bremensis
3125 5333 3379 5397 episcopus
3418 5334 3603 5398 primus
3627 5374 3643 5396 ,
3684 5335 3808 5386 intra

2220 5395 2538 5446 Bremensem
2585 5395 2835 5447 basilicam
2874 5398 3110 5462 sepultus,
3153 5395 3205 5450 et
3249 5395 3305 5451 in
3343 5395 3490 5452 aliam
3516 5414 3546 5453 a
3568 5401 3808 5453 Willerico

2217 5473 2496 5532 successore
2521 5475 2608 5513 suo
2632 5463 2895 5532 translatus
2918 5468 3012 5530 est,
3056 5468 3112 5518 ut
3155 5470 3292 5532 patet
3326 5480 3388 5520 ex
3429 5467 3540 5520 Vita
3582 5467 3734 5521 relata
3756 5468 3802 5520 in

2217 5528 2382 5580 saeculi
2407 5542 2484 5594 ιιι,
2511 5533 2650 5594 parte
2675 5529 2728 5582 2.
