4086 6328
345 286 371 340 1
381 285 483 342 009

1123 285 1468 345 AIMOINUS
1521 285 1786 345 MONAC.
1842 278 2200 352 SANGERM.
2231 325 2300 337 —
2325 295 2614 355 NOTITIA
2637 298 3011 358 HISTOBICA

3490 307 3629 363 1010

340 406 452 501 lem
483 406 814 501 {ipsumque
856 409 1167 501 sepulcrum
1207 419 1398 501 postea
1441 427 1607 485 super
1637 421 1934 485 exstructo,
1956 417 2015 482 A
2041 419 2328 476 multitudo
2377 421 2556 494 plebis
2611 423 2870 480 annulum
2927 426 3046 497 ejus
3101 425 3363 501 quaesisse
3418 435 3637 487 ostensa

343 499 398 548 et
426 492 482 549 in
510 493 770 552 honorem
801 496 974 552 sancti
1017 496 1296 554 Michaelis
1339 505 1761 570 sanctorumque
1790 515 1942 556 mar-

343 589 522 654 tyrum
567 581 828 656 Stephani
871 591 1034 658 atque
1077 584 1183 642 Viti
1221 585 1470 643 dedicato
1497 587 1807 656 oratoriolo,
1839 589 1942 645 ad-

343 671 558 728 ornavit
598 671 683 728 vir
722 672 1073 746 Adalgarius,
1107 674 1175 730 de
1205 691 1314 747 quo
1356 691 1524 748 supra
1559 675 1816 745 diximus,
1849 678 1943 749 qui

345 767 400 816 et
442 768 630 817 sancto
683 761 804 818 viro
862 763 1126 820 successit
1174 763 1230 818 in
1285 763 1679 836 pontiﬁcatum.
1741 765 1941 838 Sicque

344 849 616 922 completa
642 859 726 907 est
753 851 892 909 visio
921 868 1088 924 supra
1114 861 1428 921 memorata,
1453 853 1523 909 de
1543 869 1644 909 sua
1671 861 1723 910 et
1753 855 1940 910 domui

343 938 600 1012 Ansgarii
629 939 684 994 in
709 955 820 996 una
847 941 1082 998 ecclesia
1112 939 1443 1009 detentione,
1477 941 1575 998 sed
1603 943 1746 998 muri
1774 943 1941 998 medii

337 1027 746 1100 interpositione
794 1029 928 1102 ipsis
974 1031 1046 1086 ad
1090 1030 1326 1088 invicem
1355 1031 1633 1100 sejunctis.
1666 1033 1764 1086 Est
1793 1033 1940 1088 enim

337 1115 621 1188 praefatum
669 1117 1021 1175 oratoriolum
1049 1118 1366 1192 contiguum
1401 1120 1636 1193 antiquae
1668 1120 1934 1189 ecclesiae,

337 1221 498 1263 muro
543 1214 752 1264 tantum
797 1208 916 1278 ejus
945 1207 1198 1264 orientali
1227 1225 1294 1264 ex
1322 1224 1432 1264 uno
1458 1207 1516 1264 in
1543 1209 1689 1264 aliud
1731 1209 1938 1265 aditum

335 1294 767 1365 intercludente;
799 1303 851 1352 et
887 1297 942 1352 in
972 1296 1112 1368 ipso,
1144 1305 1202 1352 ut
1250 1296 1503 1363 diximus,
1557 1313 1702 1354 novo
1753 1306 1936 1354 orato-

336 1383 476 1440 riolo
522 1385 754 1441 domnus
801 1386 1124 1442 Rembertus
1173 1385 1416 1457 sepultus
1457 1393 1539 1442 est
1573 1405 1586 1442 :
1616 1387 1672 1441 in
1718 1387 1938 1460 antiqua

333 1489 470 1529 vero
517 1473 750 1530 ecclesia
797 1474 1032 1530 domnus
1061 1474 1362 1548 Ansgarius
1391 1475 1702 1547 requiescit.
1733 1476 1804 1531 Et
1833 1477 1937 1532 hoc

335 1569 422 1618 est
451 1562 595 1634 quod
624 1562 742 1635 ipse
773 1562 828 1618 in
858 1563 1068 1620 visione
1101 1563 1222 1636 ipsa
1239 1563 1443 1620 dixisse
1462 1563 1769 1634 videbatur,
1791 1565 1938 1636 quod

333 1651 596 1708 annulum
613 1651 800 1708 domui
825 1653 1104 1708 Remberti
1125 1669 1312 1710 secum
1327 1653 1609 1708 habiturus
1625 1661 1790 1721 esset,
1814 1653 1935 1724 ipso

331 1741 584 1798 videlicet
613 1741 814 1798 domno
835 1742 1132 1799 Remberto
1153 1759 1254 1813 per
1282 1741 1446 1798 ﬁdem
1478 1750 1530 1798 et
1561 1742 1936 1811 operationem

331 1830 530 1886 bonam
560 1830 824 1903 perfecto,
858 1847 967 1888 non
1013 1831 1178 1905 longe
1211 1839 1332 1903 post
1361 1848 1484 1887 cum
1523 1831 1642 1902 ipso
1672 1832 1931 1904 conjungi

329 1919 583 1986 debente,
619 1928 730 1976 tam
758 1920 814 1975 in
845 1919 1121 1977 vicinitate
1150 1920 1406 1992 sepulcri,
1441 1935 1606 1991 quam
1634 1920 1808 1976 beata:
1839 1937 1929 1976 re-

330 2007 473 2081 quiei
501 2009 869 2080 perceptione,
905 2010 1044 2066 sicut
1073 2009 1205 2064 olim
1236 2009 1354 2080 ipse
1384 2009 1568 2064 divino
1600 2009 1804 2080 Spiritu
1835 2026 1929 2066 re-

330 2097 544 2154 velante
591 2097 860 2168 praedixit.
911 2099 1014 2154 Per
1060 2098 1321 2153 annulum
1353 2097 1554 2168 quippe
1585 2097 1720 2152 ﬁdes
1752 2098 1929 2170 signi-

327 2183 540 2252 ﬁcatur,
575 2202 681 2258 qua
729 2187 887 2242 nobis
937 2186 1118 2260 imago
1163 2187 1263 2241 Dei
1304 2185 1625 2256 exprimitur
1660 2204 1672 2241 :
1707 2195 1758 2242 et
1801 2186 1930 2258 quia

323 2275 447 2347 ipso
463 2291 656 2331 manus
685 2276 867 2331 ornari
889 2276 1082 2345 solent,
1108 2275 1302 2348 quibus
1323 2275 1562 2336 operatio
1583 2275 1898 2347 designatur
1919 2295 1933 2344 ;

325 2371 474 2421 recte
528 2380 628 2436 per
703 2366 806 2420 hoc
883 2364 1201 2430 ostenditur,
1274 2372 1594 2419 ornamento
1649 2362 1778 2419 fidei
1835 2365 1936 2420 bo-

323 2470 454 2510 num
497 2469 634 2525 Opus
680 2471 896 2526 semper
941 2453 1123 2510 inesse
1169 2453 1396 2509 debere.
1451 2453 1610 2523 Quod
1653 2453 1778 2526 quia
1825 2454 1929 2510 do-

320 2559 482 2598 mnus
528 2543 848 2598 Rembertus
889 2543 946 2598 in
993 2559 1093 2598 sua
1141 2542 1560 2600 conversatione
1625 2543 1927 2598 commistis

321 2631 427 2688 sibi
456 2648 673 2704 semper
701 2631 964 2700 exhibuit,
1014 2639 1162 2688 recte
1191 2631 1248 2686 in
1277 2631 1551 2705 praesagio
1580 2631 1774 2686 mortis
1804 2631 1922 2701 ejus

2041 515 2123 563 est
2159 527 2172 564 :
2203 525 2304 580 per
2333 511 2479 582 quod
2507 511 2870 584 signiﬁcatum
2899 521 2996 582 est,
3029 522 3275 588 tempore
3297 517 3486 573 mortis
3514 519 3634 588 ejus

2039 608 2136 648 eos
2183 595 2276 666 qui
2321 593 2400 649 illi
2447 593 2602 651 fuere
2643 597 2936 665 commissi,
2987 601 3146 656 anxie
3192 601 3528 670 desiderare,
3575 609 3634 658 ut

2040 681 2219 738 adhuc
2249 683 2512 754 exemplis
2532 683 2589 738 in
2607 683 2700 740 illo
2719 687 3023 758 perspectis
3041 686 3246 758 perfrui
3263 697 3630 748 mererentur.

2040 769 2149 825 Sed
2195 771 2300 826 hoc
2333 771 2448 841 jam
2493 769 2614 828 ﬁeri
2654 788 2765 828 non
2791 789 2956 846 posse
2983 783 3198 847 tempus
3224 779 3510 851 expetebat
3536 795 3633 836 re-

2040 856 2186 928 quiei
2214 859 2349 928 ejus,
2381 875 2542 932 quam
2566 859 2860 932 episcopus
2881 863 3182 934 Ansgarius
3203 865 3420 936 plebem
3439 882 3470 922 a
3489 883 3632 940 qua:-

2037 946 2210 1002 rendo
2239 947 2440 1003 annulo
2470 963 2826 1020 compescens
2857 950 3202 1024 significavit,
3232 953 3362 1010 dum
3389 970 3516 1012 eum
3542 954 3631 1010 di-

2038 1042 2188 1092 ceret
2219 1051 2406 1094 secum
2435 1053 2559 1094 esse
2588 1038 2920 1096 habendum.

2609 1232 2834 1289 CAPUT
2883 1234 3060 1291 XXV.

2109 1384 2390 1456 Suspensa
2427 1391 2508 1440 est
2557 1383 2721 1440 etiam
2749 1401 2913 1458 super
2937 1385 3249 1458 sepulcrum
3279 1387 3396 1457 ejus
3425 1385 3635 1460 lampas

2034 1472 2236 1546 lignea,
2271 1481 2328 1528 ut
2356 1473 2540 1528 lumen
2569 1473 2884 1530 continuum
2902 1475 2959 1529 in
2978 1491 3042 1530 ea
3071 1475 3272 1532 ibidem
3302 1477 3629 1536 haberetur:

2035 1563 2225 1616 subtus
2268 1561 2440 1634 ipsam
2489 1578 2620 1618 vero
2667 1563 2724 1618 in
2767 1562 3056 1635 superﬁcie
3102 1565 3335 1636 sepulcri
3379 1565 3630 1622 velamen

2027 1651 2244 1721 jacebat
2283 1667 2600 1722 expansum,
2646 1651 2702 1706 in
2733 1668 2841 1724 quo
2889 1651 3058 1708 fertur
3099 1653 3422 1725 praeclarum
3452 1653 3632 1712 conti-

2033 1740 2182 1812 gisse
2228 1739 2589 1808 miraculum;
2640 1741 2785 1812 quod
2829 1740 2886 1796 in
2940 1749 3203 1814 quantum
3251 1759 3316 1798 ex
3372 1742 3633 1800 relatione

2032 1828 2384 1898 narrantium,
2432 1828 2518 1884 vel
2562 1829 2825 1884 memoria
2870 1829 2957 1886 vel
2986 1830 3264 1888 intellectu
3309 1831 3625 1903 retinemus,

2031 1916 2106 1972 ita
2149 1925 2366 1989 gestum
2411 1933 2533 1974 esse
2599 1925 2828 1975 constat.
2888 1919 3129 1992 Contigit
3184 1919 3419 1992 quadam
3468 1927 3630 1977 nocte

2031 2006 2400 2078 conﬂagrasse
2455 2007 2704 2063 eamdem
2745 2009 3074 2079 lampadem,
3106 2023 3172 2064 ac
3201 2009 3376 2080 primo
3404 2009 3631 2066 crebros

2029 2096 2296 2151 carbones
2325 2095 2597 2152 decidisse
2629 2112 2695 2152 ex
2722 2097 2816 2151 illa
2846 2113 3012 2168 super
3041 2097 3221 2152 velum
3241 2105 3626 2166 memoratum,

2030 2193 2194 2256 atque
2237 2184 2383 2241 illico
2427 2185 2687 2258 subsequi
2735 2185 2897 2240 etiam
2928 2203 3114 2242 casum
3145 2187 3308 2242 totius
3339 2186 3626 2258 lampadis,

2037 2273 2322 2346 ipsamque
2353 2290 2518 2345 supra
2541 2275 2686 2330 idem
2715 2275 2896 2330 velum
2926 2283 3089 2331 totam
3119 2277 3385 2344 comburi,
3420 2276 3631 2349 absque

2034 2363 2144 2418 ulla
2174 2363 2397 2419 laesione
2427 2363 2596 2434 ipsius
2626 2364 2751 2420 veli.
2773 2364 2932 2433 Quod
2960 2365 3095 2420 nulli
3124 2365 3346 2420 dubium
3375 2381 3497 2420 esse
3527 2365 3630 2421 de-

2030 2453 2122 2507 bet
2151 2453 2220 2507 ad
2235 2453 2569 2508 declaranda
2597 2454 2790 2508 merita
2819 2453 2965 2508 servi
2995 2453 3074 2510 sui
3105 2454 3377 2510 Christum
3407 2453 3625 2526 fecisse,

2029 2541 2120 2614 qui
2147 2558 2270 2598 cum
2301 2543 2460 2598 Patre
2503 2549 2556 2599 et
2603 2542 2802 2614 Spiritu
2845 2551 3036 2600 sancto
3078 2543 3210 2600 vivit
3255 2551 3307 2600 et
3348 2551 3539 2616 regnat
3568 2543 3627 2600 in

2023 2639 2307 2686 aeternum.

1289 2922 1520 3007 VITA
1609 2921 1972 3006 SANCTI
2043 2921 2569 3008 ANSCHARII

1553 3101 1973 3143 ARCHIEPISCOPI
2027 3101 2456 3142 HAMBURGENSIS

1439 3210 1767 3268 AUCTORE
1828 3210 2102 3267 SANCTO
2159 3211 2538 3266 REMBERTO

1193 3339 1371 3420 (Vide
1400 3340 1836 3416 Patrologz’ae,
1869 3342 2014 3400 tom.
2051 3339 2334 3414 CXVIII,
2367 3338 2480 3400 col.
2515 3337 2699 3421 959.)

319 3531 3618 3559 Μ

1506 3681 1674 3725 ANNO
1733 3680 1957 3723 DOMINI
2012 3681 2440 3727 DGCCLXXXVIII
2450 3711 2464 3726 .

1174 3815 2657 4035 AIMOINUS

1394 4115 1780 4174 MONACHUS
1825 4115 2489 4176 SANGEBMANENSIS.

1791 4246 2084 4264 _

1089 4354 1503 4450 NOTITIA
1559 4351 2082 4448 HISTORICA
2139 4359 2242 4451 IN
2296 4361 2798 4468 AlMOINUM

1483 4503 1744 4578 (Fabric.,
1777 4505 2027 4566 Biblioth.
2063 4513 2208 4569 med.
2243 4522 2295 4570 et
2313 4515 2411 4572 inf.
2445 4517 2590 4591 Lat.)

1700 4633 1992 4654 ξ

361 4723 659 4798 Agemus,
693 4721 808 4798 sive
826 4724 1167 4798 _An_touvus,
1203 4727 1444 4798 notarius
1491 4737 1543 4786 et
1587 4737 1887 4794 monachus
1920 4734 2116 4798 Ctom.
2152 4730 2199 4784 ll

292 4793 377 4880 8.¹
403 4793 774 4880 Germanivde
823 4795 1011 4880 Pratis‘
1043 4795 1096 4880 in
1137 4793 1888 4880 suburbioj’arisiensipqui

293 4863 616 4941 subscripsit
653 4865 944 4941 diplomati
981 4867 1113 4941 dato
1134 4883 1224 4941 an.
1259 4870 1319 4926 C.
1355 4875 1478 4941 872,
1520 4878 1676 4941 regni
1705 4863 1888 4935 Caroli

291 4920 606 5017 (_Calvi)_:32.
648 4920 802 5017 Ejjus_
826 4920 1478 5017 libri_u__adﬁlfternonem,

290 5007 620 5087 {mentione
665 5013 722 5065 et
763 5010 1446 5087 translationeeorporis
1477 5018 1538 5071 B.
1580 5007 1879 5087 Vincentii,

288 5077 487 5134 Levita:
508 5079 857 5156 etmartyris,
891 5096 956 5136 ex
983 5081 1224 5156 Valentia
1263 5077 1538 5156 Hispaniae
1569 5106 1656 5146 an.
1683 5094 1786 5147 864
1817 5077 1884 5146 ad

286 5150 682 5231 monasterium
709 5150 957 5231 Castrum
986 5153 1240 5231 diuecesis
1278 5150 1629 5231 Albingensis
1659 5161 1716 5217 in
1746 5163 1884 5218 Gal-

284 5220 656 5305 lia,1ersibus
687 5221 873 5295 scripti
901 5225 1246 5305 hexametris,
1301 5243 1420 5305 una
1443 5220 1580 5286 cum
1629 5235 1884 5305 Epistola

287 5291 361 5374 ad
396 5292 756 5374 Tﬁeotgerugn
781 5291 1124 5374 {nonae/mm
1155 5291 1496 5374 et_'ca_rmine
1544 5291 1768 5360 versum
1813 5309 1880 5360 60

291 5363 633 5445 heroicorum
689 5365 757 5445 de
817 5367 1026 5445 eadem
1067 5369 1422 5445 translatione
1469 5382 1701 5445 exstant,
1759 5391 1882 5432 cum

289 5434 788 5516 ﬁreuliiuAimoino
825 5438 1381 5516 HistorimuFrancicae
1410 5434 1699 5516 scriptore:
1727 5447 1880 5502 Pari-

289 5508 385 5588 siis
416 5508 810 5588 iﬁodhin-fol.
831 5509 899 5588 _in
926 5511 1480 5588 BosciiuBibliptheca
1517 5508 1877 5587 Floriacensi,

285 5576 707 5654 Lugduniltios,
738 5581 880 5638 in-8°
902 5600 916 5651 ;
941 5583 1068 5641 etin
1087 5584 1236 5640 A’ctis
1267 5585 1592 5645 Sanctorum
1617 5576 1876 5658 Januarii,

1989 4739 2116 4787 tom.
2152 4730 2199 4784 ll
2291 4745 2324 4784 a
2370 4770 2382 4784 .
2416 4730 2558 4794 £05;
2589 4743 2805 4784 necnon
2851 4728 2906 4782 in
2934 4728 3228 4784 Mabillonii
3265 4729 3414 4786 Actis
3444 4730 3587 4788 San-

1989 4745 2367 4860 ctorum’gmﬁ
2419 4800 2475 4854 S.
2527 4799 2822 4870 Benedicti,
2859 4815 2970 4856 sec.
3005 4815 3081 4866 tv,
3111 4808 3250 4872 part.
3286 4805 3335 4870 1,
3369 4818 3424 4872 p.
3459 4805 3583 4861 652.

1988 4875 2151 4930 Liber
2166 4875 2231 4929 de
2249 4873 2302 4930 S.
2331 4873 2616 4944 Germani.
2643 4872 2884 4944 episcopi
2903 4872 3268 4938 Parisiensis,
3293 4873 3582 4931 lilii-aeutis

1987 4947 2053 5000 ab
2085 4961 2174 5000 an.
2209 4947 2311 4999 846
2342 4943 2409 4997 ad
2441 4958 2529 4998 an.
2583 4944 2704 5008 874,
2740 4943 2973 5013 scriptus
3000 4959 3088 4996 an.
3140 4946 3283 5010 892,-
3315 4943 3368 4997 in
3395 4943 3586 5002 Jacobi

1985 5015 2258 5071 Mosandri
2304 5015 2615 5086 Appendice
2658 5013 2724 5068 ad
2777 5013 2994 5068 Surium
3025 5015 3107 5086 725
3136 5013 3294 5086 Julii;
3340 5015 3396 5068 in
3433 5016 3585 5073 Actis

1987 5089 2308 5144 Sanctorum
2341 5085 2548 5158 6QMaii,
2600 5100 2736 5158 pag.
2783 5088 2906 5158 801,
2942 5091 2995 5138 et
3021 5085 3076 5139 in
3109 5085 3404 5141 Mabillonii
3433 5089 3586 5144 Actis

1986 5161 2308 5216 Sanctorum
2369 5157 2503 5212 0rd.
2537 5157 2835 5230 Benedicti,
2867 5171 2977 5210 sec.
3013 5171 3094 5230 ut,
3125 5163 3268 5227 part.
3293 5174 3353 5223 ll,
3377 5175 3432 5230 p.
3458 5162 3580 5216 104.

1983 5233 2060 5287 De
2099 5230 2488 5286 Translatione
2516 5229 2655 5300 3.73.
2684 5229 2991 5300 Martyrum
3032 5228 3267 5300 Georgii,
3304 5228 3577 5298 monachi,

1982 5303 2200 5358 Aurelii
2221 5305 2276 5356 et
2295 5301 2555 5365 Nataliae,
2584 5299 2742 5367 liber,
2769 5299 3029 5354 et’librin
3049 5299 3115 5354 de
3131 5299 3324 5358 eurum
3349 5303 3582 5358 Miracu-

1984 5375 2072 5439 lis,
2109 5372 2254 5442 apud
2311 5373 2564 5427 eumdem
2613 5370 3001 5442 Mabillonium,
3049 5385 3162 5427 sec.
3215 5388 3292 5438 ιν,
3345 5379 3474 5442 tom.
3508 5373 3576 5440 Il,

1981 5461 2108 5517 pag.
2143 5441 2230 5498 45.
2266 5443 2399 5498 Sunt
2427 5443 2590 5498 etiam
2615 5441 2706 5512 qui
2732 5442 2859 5498 huic
2888 5442 3141 5498 Aimoino
3173 5443 3408 5498 tribuunt
3435 5441 3578 5499 libro

1979 5515 2368 5572 Miraculorum
2423 5515 2483 5568 B.
2541 5512 2713 5568 Mauri
2770 5521 2824 5569 et
2890 5513 3180 5570 Historiam
3254 5513 3581 5570 inventionis

2035 5529 2368 5571 lfﬁClllOI‘llm
2423 5529 2483 5568 Β.
2541 5529 2713 5568 Μθαη
2770 5529 2824 5569 ει
2890 5529 3180 5570 Πιειονιθω
3254 5529 3550 5570 inventiom

1979 5602 2268 5660 corporum
2299 5585 2500 5642 Placidi
2531 5585 2746 5640 abbatis
2776 5593 2830 5641 et
2858 5585 3130 5642 sociorum
3162 5586 3298 5655 ejus.
