4086 6306
530 254 667 312 1011

1597 252 1938 312 ΑΙΜΟΙΝΠΞ
1990 253 2376 314 MONACHUS
2419 254 2877 315 SANGERMAN.

3687 262 3834 318 1οη

539 438 3806 466 *ψ--Ψφ--ᾙ-

911 520 1413 658 HISTORIA
1487 517 2347 656 TRANSLATIONIS
2387 521 2813 658 'SANGTI
2885 521 3437 660 VINGEN’I‘II

1733 745 2004 804 LEVITIE
2056 747 2148 803 ΕΤ
2209 748 2582 818 MARTYBIS,

1039 877 1154 937 EX
1207 873 1600 935 HISPANIA
1657 873 1746 935 IN
1801 875 2278 937 CASTRENSE
2335 877 2664 942 GALLIZE
2721 879 3354 942 MONASTERIUM.

570 1014 836 1076 Duobus
887 1011 1074 1072 libris
1116 1009 1444 1089 prosaicis
1500 1009 1753 1088 scripta
1803 1008 1885 1068 ab

1935 1009 2587 1105 armorum-mortualia
2627 1013 2695 1074 S.
2757 1013 3074 1076 Germani
3126 1015 3170 1076 ἁ
3215 1017 3474 1099 Brutis,
3536 1016 3798 1078 duobus

1919 1097 2074 1149 item
2118 1097 2437 1152 metricis.

1635 1205 1817 1280 (Apud
1845 1206 2046 1263 Mabill.
2079 1209 2201 1265 Act.
2234 1209 2332 1266 SS.
2355 1209 2476 1268 ord.
2513 1211 2570 1268 S.
2602 1211 2834 1286 Bened.)

1507 1399 1911 1459 MABILLONII
1957 1403 2501 1465 OBSERVATIONES
2555 1409 2876 1466 PR/EVLE.

2029 1521 2322 1538 ῃ

605 1622 658 1689 1,
687 1615 924 1673 Libellos
944 1613 1180 1689 Aimoini
1210 1613 1350 1689 duos
1371 1611 1750 1689 de_Miracu_1_is
1781 1612 2138 1689 S.__Germani
2169 1613 2226 1669 A
2250 1616 2390 1672 siam
2409 1617 2775 1689 cathedralem
2795 1626 3040 1677 erectum
3068 1627 3154 1676 est
3171 1621 3242 1677 ab
3261 1620 3470 1677 Joanne
3487 1619 3668 1689 XXII,
3687 1621 3855 1679 modo

537 1688 870 1746 Parisiorum
910 1685 1164 1742 antistitis
1193 1683 1412 1740 exhibui
1442 1683 1499 1738 in
1529 1684 1712 1740 saeculi
1741 1684 1883 1740 tertii
1913 1693 2059 1740 tomo
2088 1686 2135 1740 II

535 1760 678 1830 (Vid.
699 1757 1010 1830 inerLcol.
1041 1755 1202 1830 1927)
1225 1774 1238 1811 :
1258 1771 1402 1830 nunc
1418 1753 1642 1830 totidem
1663 1755 1835 1830 libros
1855 1755 1922 1811 de
1942 1757 2137 1830 Trans-

533 1825 814 1908 latione_$.
837 1827 1107 1908 Vincentii
1128 1825 1199 1882 ab
1215 1827 1410 1908 eodem
1430 1825 1606 1908 soluta
1623 1827 1868 1908 oratione
1903 1827 2135 1908 scriptos

535 1916 663 1958 cum
691 1899 813 1954 aliis
861 1899 1081 1954 duobus
1129 1897 1371 1954 metricis
1425 1896 1678 1952 exhibere
1709 1897 1880 1966 juvat.
1932 1896 2052 1952 Fuit
2089 1898 2136 1952 is

534 1971 836 2028 monachus
870 1968 1104 2026 coenobii
1125 1969 1182 2024 S.
1207 1967 1516 2024 Germania
1537 1967 1709 2022 Pratis
1731 1969 1874 2039 apud
1896 1968 2136 2024 Parisios

537 2042 638 2098 sub
659 2040 889 2098 Gozlino
928 2039 1146 2112 abbate,
1178 2039 1270 2112 qui
1292 2039 1362 2094 ab
1398 2053 1544 2112 anno
1567 2039 1797 2112 circiter
1835 2042 1938 2112 850
1959 2039 2137 2112 eidem

532 2113 657 2184 loco
693 2127 936 2184 praeesse
973 2111 1156 2184 coepit,
1195 2108 1363 2182 atque
1402 2108 1741 2184 A_im_oino_ut
1781 2109 2045 2184 miracula
2076 2111 2131 2167 S.

537 2179 801 2254 Germani
847 2179 1229 2254 perscriberet,
1274 2179 1606 2254 'mandavit._
1632 2181 1746 2254 IIos
1791 2197 1931 2254 vero
1968 2182 2136 2254 libros

536 2253 821 2310 Aimoinus
836 2251 1050 2324 scripsit
1069 2269 1135 2308 ex
1155 2252 1419 2324 relatione
1435 2251 1666 2324 Audaldi
1686 2253 1955 2321 monachi,
1980 2253 2138 2309 istius

535 2325 918 2396 translationis
931 2323 1228 2396 adjutoris,
1265 2325 1428 2396 cujus
1459 2323 1526 2378 ab
1559 2339 1652 2379 ore
1681 2341 1802 2396 quae
1840 2325 2132 2396 dicuntur,

537 2397 775 2466 accepit,
801 2395 980 2466 exlib.
1002 2392 1042 2462 ἑ,
1065 2410 1186 2466 cap.
1211 2398 1265 2452 2.
1290 2392 1433 2466 Editi
1452 2401 1577 2466 sunt
1599 2392 1831 2466 quatuor
1844 2395 1934 2450 isti
1955 2395 2077 2450 libri
2105 2411 2138 2450 a

537 2414 669 2454 acce
708 2414 775 2463 ιι,
801 2414 867 2452 ex
887 2414 980 2450 ΠΙ).
1002 2414 1042 2462 I,
1065 2414 1186 2466 cap.
1211 2414 1265 2452 Ἀ.
1291 2414 1431 2449 E401“
1452 2414 1577 2448 sunt
1599 2414 1831 2466 quatuor
1844 2414 1934 2450 lSII
1955 2414 2077 2450 llDl‘l
2105 2414 2138 2450 8.

535 2414 744 2548 Jacoﬁo
763 2465 1204 2548 BrolioPratensi
1224 2465 1496 2548 monacho
1511 2464 1570 2548 in
1587 2465 1974 2548 Supplementa
1995 2467 2140 2522 Anti-

539 2539 802 2611 quitatum
829 2537 1249 2611 _Parisien_siur_n.
1291 2537 1460 2611 Porro
1508 2537 1788 2611 Aimoinus
1831 2537 2138 2611 auditorem

535 2608 726 2681 habuit
741 2609 1291 2681 Abbonemgejusdem
1307 2608 1412 2664 loci
1431 2609 1785 2681 monachum,
1801 2611 1891 2681 qui
1907 2610 1977 2665 de
1997 2609 2144 2665 obsi-

537 2680 702 2736 dione
716 2680 993 2736 Parisiaca
1009 2679 1180 2734 libros
1197 2679 1334 2734 duos
1349 2677 1604 2750 versibus
1620 2677 1834 2748 cecinit,
1853 2681 2138 2750 praemisso

538 2751 783 2822 carmine
808 2751 1090 2822 dactylico
1131 2750 1201 2822 ad
1239 2749 1548 2822 Aimoinum
1594 2749 2010 2822 praeceptorem.
2058 2753 2138 2807 Ex

539 2837 663 2894 quo
695 2821 1030 2894 intelligitur,
1083 2821 1395 2894 Aimoinum
1443 2835 1587 2894 anno
1644 2821 1793 2894 888(
1825 2839 1934 2894 quo
1981 2823 2138 2878 Abbo

535 2891 832 2965 scribebat,
877 2891 1246 2965 Superstitem_
1270 2891 1458 2965 fuisse.
1505 2891 1644 2965 Ejus
1685 2891 1864 2965 obitus
1894 2893 2140 2965 signatur

533 2961 591 3034 in
618 2969 928 3034 pervetusto
945 2961 1286 3034 ’Necrologio
1316 2961 1565 3018 Pratensi
1593 2962 1678 3034 his
1695 2963 1878 3034 verbis
1906 2981 1919 3017 :
1947 2961 1970 3014 ἆ
1997 2980 2032 3016 v
2054 2965 2138 3020 Id.
2167 2967 2220 3028 B

534 3033 678 3088 Junii
689 3033 956 3104 depositio
972 3033 1176 3088 domini
1191 3033 1470 3089 Heimonis
1486 3033 1809 3090 sacerdotis.
1831 3055 1853 3084 »
1875 3035 2138 3090 Diversus

535 3105 696 3178 estis
723 3105 793 3160 ab
821 3105 1072 3178 Aimoino
1115 3105 1391 3178 Francicaa
1439 3105 1678 3178 historiae
1723 3105 2009 3178 scriptore,
2045 3105 2138 3178 qui

530 3173 634 3232 fuit
661 3177 964 3233 monachus
995 3175 1361 3232 Floriacensis
1389 3177 1490 3231 sub
1521 3177 1711 3232 Abone
1742 3173 1956 3232 abbate.

600 3270 654 3324 2.
696 3265 906 3320 Primus
947 3265 1086 3320 duos
1134 3265 1350 3336 priores
1416 3265 1586 3321 libros
1633 3265 1702 3320 de
1758 3265 2137 3322 Translatione

532 3337 590 3393 S'.
650 3337 921 3408 Vincentii
974 3337 1209 3408 Bernoni
1280 3337 1555 3392 Castrensi
1621 3336 1804 3408 abbati
1861 3337 2014 3408 (abbé
2071 3338 2136 3394 de

537 3407 785 3478 Castres)
815 3407 1040 3478 ejusque
1088 3406 1346 3478 fratribus
1379 3407 1732 3478 nuncupavit.
1767 3406 1914 3462 Istud
1939 3423 2135 3463 mona-

533 3477 771 3534 sterium
796 3501 818 3526 ιι
855 3477 996 3534 anno
1043 3477 1260 3533 Domini
1301 3481 1404 3533 647
1433 3477 1726 3543 Robertus,
1761 3479 2054 3534 Anselinus
2085 3488 2138 3534 et

529 3549 742 3622 Daniel,
776 3557 885 3622 tres
914 3549 1016 3604 viri
1046 3549 1122 3620 pii
1149 3557 1202 3622 et
1231 3549 1444 3605 nobiles
1475 3551 1962 3622 construxeruntin
1992 3566 2136 3622 pago

527 3621 842 3694 Albigensi,
856 3621 1014 3694 juxta
1042 3619 1271 3694 flujium
1295 3620 1494 3693 Agouti
1525 3623 1626 3676 sub
1657 3621 1942 3694 regulas.
1971 3619 2139 3694 Bene-

531 3691 684 3758 dicti;
723 3715 744 3741 ιι
778 3693 1067 3760 adjuvante
1096 3691 1599 3747 Faustino—strenuo
1630 3707 1694 3746 ac
1724 3691 2004 3760 praedivite
2035 3693 2135 3746 mi-

529 3761 645 3833 lite,
683 3785 706 3810 «
742 3762 835 3833 qui
861 3763 1159 3833 monachus
1189 3761 1362 3818 factus
1393 3763 1681 3818 ecclesiam
1711 3761 1765 3818 S.
1800 3763 2076 3819 Benedicti
2105 3781 2136 3818 a

529 3832 902 3905 fundamentis
926 3848 1142 3905 magno
1161 3841 1378 3904 sumptu
1408 3833 1714 3898 aediﬁcavit,
1751 3842 1801 3889 et
1827 3843 1949 3904 post
1979 3851 2134 3890 mor-

529 3912 640 3960 tem
672 3903 896 3960 Roberti
946 3903 1218 3959 secundus
1247 3905 1564 3960 monasterii
1595 3905 1764 3959 abbas
1800 3903 2044 3972 n’evasit,
2078 3913 2136 3960 ut

531 3975 735 4101 legitur
763 3975 818 4030 in
863 3975 1114 4058 ejusdem.
1140 3976 1454 4058 monasterii
1494 3976 1783 4058 Chronico,
1816 3977 1961 4048 quod
1991 3977 2134 4048 typis

531 4064 604 4101 vu
626 4054 811 4101 aratum
841 4056 923 4101 est
953 4064 1008 4101 in
1024 4048 1302 4101 Smcilcgn
1327 4056 1471 4101 tomo
1495 4048 1607 4101 VII.
1629 4049 1819 4101 Eidem
1849 4048 1970 4101 loco
2000 4065 2134 4101 prae-

531 4047 811 4121 yulgatum
841 4056 923 4102 est
953 4047 1008 4121 in
1024 4047 1302 4121 Spicilcgii
1327 4056 1471 4104 tomo
1489 4048 1607 4121 iVII.
1629 4048 1819 4103 Eidem
1838 4047 1970 4121 loco
2000 4047 2137 4119 prae-

533 4117 796 4174 fuit'anno
827 4121 928 4174 870
957 4117 1134 4174 Berho
1182 4117 1354 4175 abbas
1394 4120 1732 4186 undecimus,
1768 4119 1854 4174 cui
1891 4117 2132 4190 sequen-

532 4197 616 4246 tes
645 4189 814 4246 libros
842 4190 1090 4246 inscribit
1119 4191 1420 4248 Aimoinus.
1453 4191 1843 4248 Monasterium
1872 4191 1928 4246 in
1959 4189 2137 4247 eccle-

2235 1702 2270 1743 a
2298 1688 2653 1746 saecularibus
2681 1691 2960 1748 canonicis
2988 1699 3333 1764 occupatum.

2307 1781 2359 1832 3.
2383 1776 2576 1834 Obiter
2621 1780 2872 1848 observo,
2907 1781 3270 1837 Guarnerium
3294 1781 3701 1840 Resbacensem
3729 1783 3836 1838 ab-

2235 1848 2437 1930 batem,
2476 1850 2564 1922 qui
2606 1850 2670 1930 in_
2704 1852 2950 1930 vulgatis
2985 1853 3256 1930 indic_ibu_s
3284 1853 3527 1930 omissus
3557 1863 3661 1921 est,
3693 1855 3837 1911 scri-

2235 1922 2413 1993 psisse
2444 1922 2768 1993 cpusculum
2797 1922 3079 1980 metricum
3110 1925 3178 1980 de
3204 1925 3260 1980 S.
3284 1924 3566 1981 Vincentio
3592 1933 3838 1993 martyre

2235 1984 2500 2076 hactenus
2529 1993 2810 2076 ineditum,
2832 1995 2988 2076 ‘quod
3018 1995 3131 2067 legi
3157 1996 3214 2052 in
3240 2013 3342 2053 ms.
3375 1997 3566 2054 codice
3586 1984 3842 2054 Gembla-

2237 2064 2386 2118 censi
2415 2064 2516 2120 sub
2545 2065 2651 2121 hoc
2680 2064 2910 2122 exordio
2944 2083 2958 2122 :

2546 2205 2620 2252 uis
2646 2207 2748 2270 tua,
2769 2207 2979 2270 Christe,
3000 2207 3280 2270 salutifera.

2505 2260 2625 2314 Quae
2645 2260 2768 2306 facis
2789 2260 3112 2316 omnipbtens
3130 2260 3284 2317 opera

2501 2314 2716 2360 Tradere
2735 2324 2838 2360 non
2866 2314 3038 2371 cupiat
3057 2315 3234 2372 titulis,
3258 2316 3352 2364 etc.

2237 2430 2532 2506 D_ein_de_i_n
2561 2431 3020 2506 consequentibus
3048 2432 3158 2506 agit
3185 2432 3254 2489 de
3275 2432 3410 2506 cella
3439 2449 3536 2506 seu
3555 2442 3838 2491 monaste-

2238 2501 2322 2558 rio
2352 2503 2408 2558 S.
2447 2502 2714 2560 Vincentii
2743 2501 2916 2575 prope
2945 2501 3209 2576 Hispalim
3232 2505 3318 2562 his
3341 2505 3592 2562 versibus
3625 2523 3640 2560 :

2507 2633 2636 2692 cella
2657 2634 2828 2692 procul
2852 2634 3000 2692 bidui
3019 2636 3186 2692 spatio

2506 2689 2572 2751 ab
2598 2689 2770 2751 populi
2798 2691 2970 2751 manet
2989 2689 3222 2751 hospitio.

2505 2743 2689 2788 Sancta
2716 2743 2995 2788 monastica
3020 2743 3204 2788 religio

2504 2795 2653 2852 Degit
2673 2795 2737 2852 in_
2753 2797 2845 2852 hoc
2865 2795 3002 2841 velut
3021 2795 3216 2852 exsilio,

2504 2806 2653 2894 uegit
2673 2806 2724 2840 in
2753 2806 2845 2841 noc
2865 2806 3002 2841 velut
3021 2806 3144 2842 exsu

2504 2852 2582 2904 Nu
2607 2849 2703 2894 lius
2725 2849 3146 2904 indigetauxilio.

2505 2903 2618 2950 Sola
2643 2906 2740 2948 Deo
2767 2903 2909 2948 vacat
2930 2903 3036 2948 haec
3058 2912 3271 2954 eremus,

2508 2959 2621 3020 gert
2641 2957 2876 3012 scopulos
2896 2955 3199 3020 aridumque
3219 2964 3398 3003 nemus

2505 3013 2648 3072 yons
2667 3013 3015 3072 supereminet
3035 3013 3226 3072 aerius,

2501 3063 2752 3126 chanum
2774 3063 3166 3126 videtinferius,

2501 3117 2580 3178 1_\*_il
2605 3117 2866 3178 monachis
2891 3115 3013 3178 libet
3033 3115 3269 3178 exterius.

2506 3173 2648 3232 Mons
2668 3172 2822 3232 etiam
2843 3171 2986 3232 capit_
2997 3171 3274 3232 ecclesiam.

2505 3226 2640 3286 [nter
2655 3223 2928 3286 utrumque
2957 3224 3110 3286 decus
3132 3223 3364 3286 mediam,

2504 3278 2724 3324 Claustra
2749 3277 2946 3324 deceris
2968 3279 3154 3324 habent
3175 3277 3371 3324 faciem.

2504 3333 2688 3394 gnncta
2701 3331 2830 3394 ,δοίηί
2851 3331 3338 3394 τθῑῖηθιῃβρθοίθω,

2501 3386 2560 3447 ξς
2579 3385 2746 3447 specie
2767 3388 2916 3447 tenus
2938 3385 3200 3447 almjtie‘m.

2501 3439 2590 3494 Hic
2609 3439 2902 3494 Vincentius
2923 3439 3253 3494 armipotens.

2499 3493 2586 3554 Qui
2608 3492 3002 3554 Dominusbens
3020 3492 3342 3554 omnipotens

2497 3547 2712 3592 Vincere
2732 3545 2994 3591 carnifices
3021 3545 3212 3598 tribuit.

2499 3599 2713 3661 Itipsana
2732 3599 2851 3644 dum
2878 3609 2972 3661 sua
2997 3597 3276 3661 distribuit,

2499 3653 2730 3700 Nobilius
2751 3656 2901 3709 caput
2919 3653 3172 3710 exposuit.

2233 3762 2314 3817 Eo
2345 3761 2541 3836 inloco
2593 3763 2873 3836 Eugenius
2921 3761 3526 3836 secundusToletanae
3543 3763 3694 3836 sedis
3724 3763 3833 3835 epi-

2235 3849 2433 3907 scopus
2487 3834 2651 3907 vitam
2683 3833 3066 3907 'monasticam
3139 3833 3320 3907 egisse
3398 3833 3530 3887 mihi
3601 3833 3830 3905 videtur,

2229 3905 2554 3988 quippenqui
2585 3906 2773 3988 sagaci
2792 3905 2928 3979 fuga
2957 3906 3152 3988 urbem
3180 3905 3838 3988 Caesaraugustanampe—

2239 3984 2379 4048 tens,
2411 3976 2520 4032 illic
2550 3976 2842 4048 martyrum
2867 3976 3136 4048 sepulcris
3180 3977 3413 4043 inhaesit,
3443 3976 3632 4048 ibique
3660 3976 3834 4033 studia

2235 4047 2518 4120 sapientiae
2566 4047 2986 4120 etipropositum
3017 4049 3279 4120 monachi
3299 4047 3557 4120 decenter
3591 4049 3830 4116 incoluit,

2232 4127 2291 4192 ut
2319 4119 2506 4192 scribit
2553 4119 2906 4176 Hildefonsus
2949 4121 3006 4175 in
3034 4119 3130 4176 lib.
3162 4120 3230 4177 de
3261 4119 3632 4192 Scriptoribus
3661 4121 3831 4178 eccle-

2231 4189 2482 4258 siasticis,
2513 4207 2638 4263 cap.
2672 4195 2758 4246 13.

1770 4433 2256 4518 EPISTOLA
2331 4433 2716 4519 ΑΙΜΟΙΝ[

1123 4587 1230 4646 Ad
1259 4587 1568 4648 damnum
1593 4589 1948 4648 BERNONEM
1978 4588 2274 4648 abbatem
2302 4597 2689 4666 craterasque
2715 4587 2830 4648 sub
2861 4603 2930 4646 eo
2958 4591 3234 4662 ﬁatres.

601 4785 797 4860 Dignis
842 4785 1111 4842 memoria
1159 4785 1358 4842 sanctis
1404 4785 1669 4854 Patribus,
1721 4787 1922 4842 domno
1951 4786 2198 4852 abbatiC
2230 4787 2386 4843 libuit
2416 4785 2685 4842 sanctitati
2728 4792 2925 4841 vestrae
2970 4782 3104 4839 mihi
3131 4782 3347 4839 modico
3391 4789 3599 4839 tantum
3642 4783 3822 4854 injun-

535 4876 794 4942 Bernoni,
871 4875 1188 4950 ceterisque
1260 4875 1362 4930 sub
1421 4891 1486 4932 eo
1543 4876 1814 4943 fratribus,
1874 4875 1928 4930 in
1989 4893 2133 4950 pago

535 4965 782 5024 Albiensi
810 4973 864 5021 et
883 4965 1216 5020 monasterio
1239 4965 1382 5020 beati
1399 4965 1694 5036 Benedicti,
1720 4967 1864 5038 quod
1886 4967 2135 5022 Castrum

535 5054 970 5128 cognominatur,
1019 5054 1121 5108 sub
1169 5055 1282 5123 ejus
1332 5055 1621 5128 regimine,
1668 5055 1907 5130 regulari
1956 5057 2134 5112 studio

535 5145 652 5202 Deo
682 5143 1179 5210 commilitantibus,
1213 5143 1512 5214 Aimoynus
1541 5154 1812 5216 peccator,
1848 5145 1976 5200 almi
2007 5145 2137 5200 Ger-

533 5233 681 5290 mani
710 5233 1044 5289 Parisiorum
1083 5232 1330 5305 praesulis
1362 5235 1752 5290 monachorum
1782 5234 2131 5299 novissimus,

533 5329 864 5398 praesentem
909 5323 1342 5394 prosperitatem,
1393 5331 1759 5396 aeternamque
1802 5323 1856 5378 in
1919 5324 2134 5378 Christo

537 5429 824 5471 coronam.

603 5504 815 5570 Vestra,
859 5519 892 5558 o
939 5501 1298 5558 amantissimi
1343 5503 1550 5569 Patres,
1607 5502 1874 5574 prudenti.
1920 5517 2134 5558 necnon

533 5599 589 5649 et
615 5591 867 5648 imitabili
916 5591 1262 5664 simplicitate
1307 5600 1607 5664 comperta,
1660 5608 1770 5648 non
1796 5591 1964 5648 miror
1991 5591 2134 5665 quod

2235 4895 2368 4952 gere
2405 4876 2684 4950 negotium
2717 4893 2728 4930 :
2765 4882 3031 4946 quatenus
3071 4873 3362 4929 adventum
3392 4872 3538 4928 beati
3576 4872 3750 4928 levitas
3778 4879 3830 4928 et

2235 4967 2489 5040 martyris
2531 4965 2731 5022 Christi
2782 4963 3050 5020 Vincentii
3094 4963 3163 5018 ad
3195 4979 3315 5031 vos,
3349 4961 3704 5034 ejusdemque
3729 4961 3828 5017 ad-

2237 5067 2426 5113 ventus
2471 5071 2722 5126 supernaa
2753 5053 3134 5109 admonitionis
3166 5067 3407 5118 causam,
3448 5051 3643 5107 litteris
3673 5067 3828 5106 man-

2235 5147 2418 5201 dando
2449 5145 2682 5217 posteris
2725 5143 3027 5215 futurisque
3057 5141 3274 5198 saeculis
3304 5140 3588 5198 sciendum
3614 5141 3823 5212 praebe-

2235 5252 2372 5290 rem.
2426 5236 2486 5289 In
2510 5251 2618 5307 quo
2662 5233 2826 5289 etiam
2872 5232 3005 5288 illud
3052 5237 3425 5302 competenter
3469 5229 3745 5304 exigitur:
3776 5236 3832 5284 ut

2234 5325 2467 5398 grandia
2509 5323 2697 5396 paucis
2745 5322 3032 5388 elucidem,
3075 5337 3170 5376 seu
3215 5336 3314 5392 pro
3361 5319 3586 5376 vitando
3615 5317 3826 5375 fastidio

2235 5414 2470 5486 spatiosa
2521 5413 2673 5470 brevi
2727 5428 2981 5468 sermone
3040 5410 3360 5468 contraham
3395 5425 3407 5466 :
3441 5425 3548 5482 quo
3589 5408 3830 5465 omnibus

2233 5504 2542 5578 legentibus
2589 5505 2694 5560 hoc
2735 5519 2892 5574 opus,
2922 5501 3138 5577 Christo
3169 5499 3405 5568 favente,
3446 5498 3706 5572 probetur
3732 5511 3825 5552 ac-

2235 5593 2464 5667 ceptius.
2527 5593 2584 5649 Id
2639 5608 2858 5666 quoque
2917 5589 3379 5666 quemadmodum
3435 5588 3504 5644 de
3560 5585 3827 5644 miraculis
