4086 6300
234 282 375 337 1013

931 279 1026 336 DE
1058 279 1594 338 TRANSLATIONE
1627 281 1682 337 S.
1715 278 2076 337 VINCENTII
2101 281 2311 338 MART.
2344 312 2414 327 --
2443 283 2570 338 LIB.
2617 285 2658 339 Ι.

3406 278 3545 341 1014

240 407 489 477 ejusdem
518 406 692 462 sancti
736 405 792 460 in
835 405 1025 462 itinere
1065 407 1150 462 vel
1196 423 1366 478 penes
1413 423 1510 463 vos
1557 405 1913 478 multipliciA
1942 407 2135 479 Neque
2168 407 2249 462 fas
2279 407 2348 462 sit
2377 424 2476 463 me
2508 416 2584 463 tot
2599 408 2868 481 tantisque
2893 409 3323 482 praeceptoribus
3353 410 3544 484 digna,

239 495 631 551 numerositate
688 495 966 561 exhibitis,
1031 502 1234 550 tantum
1286 504 1342 551 ut
1399 496 1513 566 ejus
1570 497 1839 566 inventio,

239 585 464 656 ejusque
492 585 561 639 ad
589 599 687 639 vos
719 583 1002 639 translatio
1045 593 1192 640 certa
1231 586 1602 658 dignoscatur,
1637 587 1845 642 contin-

241 689 391 747 gam.
444 673 552 728 Sed
601 673 856 745 quoniam
903 689 990 728 me
1038 690 1200 745 super
1245 675 1378 742 hoc,
1432 675 1656 746 quanvis
1699 675 1844 729 indi-

243 778 431 834 gnum,
467 761 756 834 dignanter
802 770 983 817 tamen
1027 763 1239 835 egressi
1287 763 1438 829 estis,
1489 763 1582 818 ﬁat
1629 764 1847 818 Domini

243 851 333 922 pia
365 866 581 921 semper
607 851 875 918 voluntas,
909 851 1187 923 ipsiusque
1234 853 1408 908 sancti
1440 860 1492 907 et
1522 852 1731 925 egregii
1758 861 1845 906 te-

249 939 347 995 stis
378 954 720 1013 consequens
740 956 842 1014 pro
861 957 948 996 me
969 957 1031 996 ac
1054 939 1308 1014 frequens
1330 943 1472 1014 apud
1503 958 1627 998 eum
1657 941 1848 997 oratio.

1946 500 2073 554 licet
2105 499 2174 552 ab
2205 497 2496 563 immerito,
2529 499 2927 568 postulantibus
2956 498 3358 555 inobedientem
3386 517 3548 572 repe-

1945 589 2042 644 riri
2076 606 2088 641 :
2121 595 2302 641 vestra
2334 602 2548 658 quoque
2591 603 2692 657 pro
2721 604 2808 642 me
2840 589 3121 643 sanctitate
3150 589 3390 644 divinam
3418 607 3546 662 sup-

1945 677 2178 749 plicante
2210 665 2570 741 clementiain,
2606 684 2661 730 ut
2693 677 2838 747 quod
2868 677 3071 732 meritis
3101 694 3208 733 non
3250 695 3544 749 praesumo,

1947 773 2256 821 sanctarum
2286 781 2509 835 precum
2550 765 2860 820 sublevatus
2904 766 3120 832 auxilio,
3155 783 3264 822 non
3294 784 3399 841 ego
3429 769 3548 841 qui-

1948 856 2092 920 dem,
2127 855 2223 909 sed
2254 854 2430 925 gratia
2463 854 2563 910 Dei
2592 870 2807 911 mecum
2837 853 3099 927 perﬁcere
3128 855 3351 927 possim.

1415 1254 1727 1315 INCIPIT
1781 1255 2033 1315 LIBER
2085 1254 2402 1315 PRIMUS

445 1431 1164 1554 INVENTIONIS
1263 1431 1510 1553 SIVE
1605 1432 2504 1554 THANSLATIONIS
2599 1433 2690 1552 Β.
2779 1431 3338 1554 VINCENTII

1492 1647 1766 1703 LEVITAE
1815 1647 1905 1701 ET
1960 1647 2335 1713 MARTYRIS,

1245 1788 1393 1854 Quae
1421 1785 1770 1846 celebratur
1797 1802 1865 1844 v1
1895 1784 2040 1844 Kal.
2072 1783 2459 1846 Novembris.

774 2071 999 2127 CAPUT
1036 2071 1325 2126 PRIMUM.

313 2188 470 2241 Anno
514 2186 966 2259 octingentesimo
1017 2186 1467 2259 quinquagesimo
1520 2185 1706 2257 quinto
1754 2186 1847 2238 In-

248 2275 574 2331 carnationis
621 2276 839 2331 Domini
900 2277 1072 2331 nostri
1126 2278 1255 2330 Jesu
1307 2275 1523 2342 Christi,
1584 2282 1849 2347 regnanto

249 2365 554 2419 orthodoxe
609 2366 940 2421 Francorum
994 2365 1240 2436 principe
1299 2365 1494 2419 Carolo
1548 2363 1850 2419 Hludowici

246 2454 598 2524 Imperatoris
628 2453 758 2524 filio,
784 2455 836 2508 in
859 2463 1014 2526 parte
1044 2455 1316 2526 quandam
1336 2470 1629 2526 regnorum
1658 2453 1848 2524 ipsius,

249 2541 302 2596 in
360 2542 646 2613 Aquitania
694 2543 899 2598 scilicet
947 2552 998 2598 et
1044 2543 1391 2608 Monasterio,
1440 2543 1586 2614 quod
1636 2542 1850 2614 vulgari

247 2631 607 2702 appellatione
639 2632 915 2687 Conkittas
963 2633 1246 2699 vocitatur,
1278 2633 1590 2687 Hildeberto
1639 2631 1850 2686 cuidam

249 2721 516 2776 monacho
545 2721 681 2776 visio
725 2729 943 2777 ostensa
973 2729 1074 2783 est,
1110 2739 1273 2793 quam
1320 2721 1530 2777 caelitus
1582 2728 1851 2775 monstra-

249 2817 358 2864 tam
407 2810 688 2882 sequentia
737 2811 1107 2866 declarabunt.
1167 2812 1300 2865 Erat
1351 2810 1517 2880 igitur
1573 2810 1718 2864 idem
1772 2810 1854 2864 vir

250 2899 498 2970 simplex,
533 2900 667 2954 ultra
691 2901 990 2969 juvenilem
1020 2908 1234 2955 aetatem
1264 2910 1476 2970 tempus
1506 2916 1678 2972 agens
1713 2916 1724 2954 :
1759 2916 1851 2954 se-

252 3004 357 3043 nex
387 2989 650 3054 moribus,
685 3005 750 3044 ac
779 2997 984 3046 sanctae
1029 2989 1304 3060 patientiae
1347 2988 1540 3043 studiis
1585 2988 1846 3043 eruditus.

252 3076 506 3132 Habitum
535 3078 695 3132 etiam
725 3078 1084 3134 monasticum
1116 3079 1300 3149 (quem
1333 3078 1635 3148 praesertim
1657 3093 1688 3132 a
1709 3085 1850 3132 tem-

247 3181 378 3236 pore
410 3166 492 3220 sui
523 3166 813 3221 sacerdotii
838 3166 1110 3220 inhianter
1140 3165 1570 3234 desideraverat)
1600 3166 1848 3235 adeptus,

248 3255 413 3309 talem
443 3272 502 3310 se
528 3255 688 3310 totius
718 3255 1000 3326 religionis
1022 3255 1324 3326 praebuerat
1346 3255 1577 3320 actibus,
1603 3263 1656 3309 ut
1689 3255 1850 3308 etiam

250 3345 670 3416 praecedentium
700 3346 859 3415 hujus
902 3345 1026 3400 vitae
1070 3352 1290 3416 patrum
1337 3361 1572 3415 sequens
1600 3343 1848 3416 vestigia,

250 3434 432 3489 multis
463 3443 513 3489 et
539 3435 657 3505 ipse
705 3433 844 3489 foret
891 3435 945 3488 in
995 3435 1323 3504 exemplum.
1356 3434 1454 3489 Hic
1485 3449 1608 3488 cum
1653 3450 1711 3487 se
1754 3433 1849 3486 ali-
1880 3432 1929 3495 C

249 3524 468 3595 quando
506 3532 630 3595 post
673 3525 977 3579 exsolutum
1024 3523 1326 3594 vigiliarum
1376 3522 1618 3577 debitum
1667 3523 1851 3594 sepori

251 3613 510 3679 dedisset,
538 3629 638 3669 vox
671 3613 720 3668 ei
750 3614 933 3668 divina
955 3613 1033 3668 sic
1068 3613 1306 3668 insonuit
1335 3612 1524 3668 dicens
1549 3631 1561 3666 :
1593 3634 1613 3662 α
1635 3613 1846 3682 Frater,

251 3702 490 3775 vigilas?
519 3703 615 3758 Cui
647 3702 997 3773 respondenti
1021 3720 1034 3756 :
1058 3702 1307 3768 Domine,
1344 3702 1473 3773 quid
1495 3718 1580 3756 me
1601 3702 1682 3756 vis
1714 3701 1852 3756 face-

252 3792 351 3847 re?
382 3793 621 3864 Surgens
642 3837 653 3858 ,
687 3791 888 3864 inquit,
921 3792 1078 3857 vade,
1114 3801 1166 3846 et
1196 3792 1525 3864 aggrederet
1545 3791 1850 3846 Valentiam

251 3881 629 3952 Hispaniarum
664 3899 676 3935 :
710 3897 773 3937 ac
803 3881 1055 3953 perquire
1087 3889 1234 3936 extra
1271 3897 1458 3935 muros
1503 3881 1746 3949 ejusdem
1776 3880 1852 3936 ci-

250 3972 428 4027 vitatis
458 3971 636 4026 locum
669 3971 961 4042 sepulturae
990 3971 1256 4026 Vincentii
1286 3971 1462 4026 levita;
1492 3979 1543 4025 et
1571 3971 1846 4040 martyris.

252 4062 416 4131 Cujus
445 4077 643 4131 corpus
687 4061 919 4116 ecclesia
967 4077 1087 4131 quae
1133 4061 1366 4130 desuper
1408 4060 1522 4123 fuit,
1556 4077 1585 4113 a
1619 4060 1850 4130 paganis

251 4152 322 4206 ob
364 4150 728 4222 malignorum
769 4149 965 4205 civium
997 4156 1048 4204 et
1077 4149 1281 4205 circum
1326 4148 1681 4202 habitantium
1725 4164 1848 4218 pra-

252 4257 379 4296 vam
409 4240 878 4297 conversationem
916 4239 1210 4307 destructa,
1238 4238 1312 4290 ibi
1341 4238 1546 4308 absque
1575 4237 1684 4291 ullo
1715 4236 1848 4291 reli-

251 4331 430 4405 gionis
462 4331 684 4397 honore,
717 4330 864 4385 nullo
895 4330 1145 4384 obstante
1175 4328 1432 4398 tegmine,
1465 4326 1640 4381 imbre
1670 4327 1853 4381 made-

252 4421 353 4477 scit
400 4422 656 4476 athereo.
709 4420 847 4473 Nam
894 4419 1120 4490 dignum
1168 4426 1277 4482 est,
1325 4417 1475 4482 scito,
1525 4416 1849 4486 Dominique

251 4512 521 4577 voluntas,
555 4518 611 4565 ut
639 4510 784 4566 idem
813 4508 1082 4580 gloriosus
1112 4506 1210 4562 Dei
1232 4507 1438 4562 amicus
1471 4506 1595 4560 inde
1627 4505 1853 4577 diligen-

251 4610 336 4657 ter
365 4599 610 4668 effossus,
643 4600 713 4654 ad
743 4600 923 4654 locum
960 4597 1323 4652 transferatur
1370 4595 1522 4666 pacis
1567 4595 1849 4666 cultusque

252 4689 496 4764 legitimi.
534 4710 556 4740 »
592 4688 800 4758 Quibus
847 4687 1024 4754 dictis,
1058 4702 1184 4742 mox
1213 4703 1242 4740 a
1274 4693 1571 4756 conspectu
1616 4684 1851 4740 videntis

252 4783 344 4837 illa
374 4779 612 4837 coelestis
660 4778 871 4850 species
918 4777 1227 4847 hujusmodi
1273 4776 1536 4831 visionem
1583 4774 1921 4860 narrantisD

256 4888 366 4927 una
409 4885 531 4926 cum
575 4885 707 4925 voce
758 4867 1076 4923 subdicitur.
1129 4866 1233 4936 Qui
1277 4882 1474 4936 sopore
1519 4865 1766 4935 depulso,
1801 4872 1852 4919 et

256 4962 400 5035 quod
440 4960 653 5016 viderat
692 4957 933 5028 vigilanti
980 4957 1161 5010 animo
1210 4955 1497 5026 replicans,
1536 4955 1606 5008 ad
1635 4955 1734 5008 Dei
1764 4969 1852 5008 ro-

256 5052 489 5124 gandam
519 5065 721 5121 pronus
749 5046 1030 5118 consurgit
1061 5044 1424 5112 clementiam,
1461 5051 1725 5116 quatenus
1755 5059 1855 5113 per

254 5158 379 5198 eum
404 5147 717 5196 cunctorum
747 5135 927 5208 epifex
970 5136 1114 5208 quod
1156 5135 1485 5202 ostenderat,
1533 5133 1853 5205 dignaretur

257 5231 496 5303 explere.

883 5351 1110 5406 CAPUT
1148 5351 1214 5404 II.

323 5474 454 5528 Erat
498 5486 627 5527 sane
669 5468 806 5524 alius
844 5467 898 5522 in
938 5467 1132 5522 eodem
1180 5464 1506 5521 monasterio
1552 5462 1849 5518 monachus

1878 2069 2238 2140 Breligiosus
2285 2085 2438 2141 aeque
2481 2069 2738 2125 sacerdos
2788 2075 2840 2123 et
2885 2081 3185 2124 conversus
3214 2072 3237 2098 ³
3266 2061 3546 2118 Audaldus

1948 2159 2186 2224 nomine,
2222 2158 2443 2229 speciali
2474 2159 2523 2214 ei
2552 2158 2910 2213 familiaritate
2959 2172 3254 2221 connexus,
3295 2159 3452 2209 aetate
3490 2166 3554 2207 ac

1947 2248 2071 2304 vita)
2117 2248 2358 2303 moribus
2406 2265 2545 2319 pene
2593 2247 2920 2313 consimilis,
2973 2247 3126 2316 cujus
3173 2245 3239 2298 ab
3287 2259 3382 2298 ore
3432 2257 3553 2312 quae

1947 2337 2218 2404 dicuntur,
2251 2345 2304 2392 et
2333 2338 2498 2393 multo
2542 2337 2701 2393 etiam
2748 2337 3010 2410 ampliora
3038 2352 3138 2390 nos
3167 2335 3224 2388 in
3253 2332 3358 2386 fide
3390 2346 3553 2386 acce-

1949 2427 2096 2497 pisse
2127 2425 2467 2482 confidimus.
2501 2428 2582 2481 Ad
2612 2428 2756 2482 hunc
2783 2427 2990 2497 primus
3035 2430 3370 2479 memoratus
3401 2435 3552 2476 com-

1949 2516 2238 2587 presbyter
2268 2515 2609 2570 Hildebertus
2640 2516 2874 2571 accessit
2901 2534 2913 2569 :
2947 2523 2998 2570 et
3026 2513 3170 2586 quod
3199 2511 3304 2566 sibi
3331 2509 3548 2565 revela-

1950 2613 2062 2658 tum
2092 2604 2267 2659 fuerat
2298 2613 2504 2660 secreta
2533 2604 2858 2659 allocutione
2889 2604 3331 2675 detegens,-eum
3360 2599 3416 2652 in
3444 2598 3550 2652 hoc

1950 2694 2132 2748 multis
2161 2694 2338 2749 modis
2367 2694 2657 2748 animando
2702 2695 2910 2749 socium
2958 2691 3266 2763 postulavit.
3298 2690 3554 2744 Hortatur

1951 2783 2204 2849 amicum,
2238 2791 2492 2854 precatur
2520 2783 2777 2838 dilectum
2813 2801 2825 2838 :
2859 2782 2961 2838 Dei
2992 2780 3270 2852 sanctique
3298 2774 3553 2848 martyris

1949 2871 2257 2926 adfuturum
2306 2871 2631 2942 repromittit
2679 2871 2950 2937 solatium,
2998 2885 3211 2925 necnon
3240 2875 3291 2923 et
3320 2881 3420 2937 pro
3464 2865 3552 2920 la-

1951 2962 2101 3016 boris
2161 2962 2357 3015 sudore
2410 2968 2628 3015 aeternae
2684 2958 3206 3030 recompensationis
3271 2954 3554 3026 pollicetur

1950 3050 2253 3121 praemium.
2298 3049 2508 3117 Quibus
2553 3050 2634 3104 vir
2675 3049 2903 3104 devotus
2946 3047 3136 3103 attenti
3176 3043 3414 3117 pectoris
3455 3058 3550 3096 ar-

1952 3155 2086 3194 cano
2117 3137 2369 3208 receptis,
2403 3137 2686 3192 confestim
2733 3137 2916 3192 verbis
2965 3136 3155 3191 favens
3203 3133 3424 3199 sodalis,
3457 3148 3550 3186 as-

1951 3244 2170 3282 sensum
2200 3226 2555 3281 libentissime
2589 3226 2818 3297 przebuit
2851 3245 2863 3280 :
2896 3225 3193 3296 praesertim
3241 3239 3364 3278 cum
3405 3220 3552 3275 idem

1951 3333 1978 3369 a
2027 3316 2261 3388 quodam
2307 3316 2476 3370 nobili
2524 3315 2868 3385 Hispaniensi
2917 3315 3051 3384 viro,
3105 3315 3258 3367 Berta
3305 3309 3545 3376 nomine,

1951 3406 2260 3477 frequenter
2301 3405 2549 3472 audierit,
2583 3405 2728 3476 quod
2774 3405 3019 3473 ejusdem
3064 3403 3228 3458 sancti
3277 3401 3453 3457 levita:
3498 3407 3551 3454 et

1951 3496 2206 3566 martyris
2250 3511 2447 3565 corpus
2477 3495 2546 3549 ab
2577 3495 2768 3549 eodem
2799 3495 2919 3549 loco
2965 3492 3262 3550 cultoribus
3309 3490 3552 3545 desolato

1950 3585 2104 3640 facile
2151 3585 2204 3638 in
2253 3600 2631 3656 quamcunque
2675 3592 2884 3654 partem
2926 3601 2957 3637 a
3000 3582 3238 3654 quolibet
3283 3577 3552 3650 asportari

1950 3682 2152 3746 posset.
2201 3673 2549 3744 Convenique
2579 3672 2860 3743 utriusque
2891 3672 3102 3726 animus
3145 3671 3215 3725 ad
3255 3677 3331 3726 tot
3378 3676 3551 3724 terra-

1951 3781 2072 3818 rum
2121 3762 2400 3818 intervalla
2449 3762 2817 3833 percurrenda
2865 3759 3341 3832 promptissimus,
3392 3764 3552 3829 atque

1952 3854 2021 3908 ad
2057 3852 2400 3923 perferenda,
2437 3851 2481 3904 si
2512 3868 2616 3922 qua
2659 3851 2823 3906 etiam
2866 3849 3128 3919 adforent,
3162 3848 3552 3920 impedimenta

1948 3943 2344 4014 paratissimus.
2395 3943 2577 4012 Itaque
2624 3941 2888 3994 Blandino
2939 3940 3182 4008 ejusdem
3211 3938 3317 3993 loci
3346 3937 3548 4006 abbati,

1949 4032 2281 4102 reliquisque
2303 4030 2561 4084 fratribus
2583 4046 2698 4084 suae
2719 4029 3008 4083 voluntatis
3029 4044 3140 4081 rem
3173 4026 3503 4096 patefaciunt
3537 4043 3550 4079 :

1950 4137 1982 4175 a
2014 4121 2211 4191 quibus
2258 4121 2361 4174 hoc
2399 4119 2597 4190 agendi
2644 4134 2740 4172 seu
2786 4117 3105 4188 perﬁciendi
3136 4132 3231 4170 eos
3261 4115 3550 4185 oportebat

1951 4216 2203 4280 expetere
2261 4207 2566 4263 consilium.
2628 4206 2893 4261 Processit.
2958 4221 3088 4260 sane
3151 4203 3392 4259 omnium
3458 4202 3553 4274 qui

1952 4306 2318 4355 convenerant
2387 4296 2688 4351 communis
2747 4296 2801 4349 in
2854 4296 2956 4350 hoc
3013 4294 3329 4365 validasque
3385 4292 3550 4346 animi

1952 4389 2113 4443 ardor
2144 4406 2156 4442 :
2191 4403 2420 4459 quorum
2471 4386 2677 4441 scilicet
2722 4392 2931 4440 mentes
2978 4384 3144 4440 virtus
3188 4383 3551 4439 illustraverat

1953 4495 2200 4549 superna,
2235 4485 2286 4532 et
2318 4476 2540 4548 aequalis
2571 4475 2688 4546 spei
2710 4475 3034 4546 perﬂaverat
3060 4473 3258 4530 laetitia.

2573 4619 2798 4675 CAPUT
2836 4619 2927 4674 III.

2024 4747 2137 4801 Hoc
2192 4745 2357 4818 igitur
2417 4753 2639 4816 accepto
2687 4745 3001 4799 ardentibus
3055 4744 3308 4798 duntaxat
3356 4742 3550 4798 animis

1951 4835 2151 4900 divino,
2187 4836 2331 4906 quod
2379 4843 2461 4890 est
2502 4835 2677 4906 magis
2721 4834 3018 4899 fatendum,
3051 4833 3318 4898 consulto,
3351 4832 3551 4902 paratis

1951 4925 2200 4981 omnibus
2247 4932 2443 4979 exeunt
2490 4939 2612 4979 cum
2660 4923 2870 4978 duobus
2913 4930 3116 4976 tantum
3147 4921 3379 4990 famulis,
3414 4921 3552 4976 hila-

1952 5032 2042 5069 res
2078 5012 2436 5084 procedentes
2471 5013 2537 5067 ad
2564 5012 2745 5067 locum
2775 5020 2828 5066 et
2858 5028 2993 5082 opus
3037 5011 3138 5065 sibi
3178 5011 3391 5066 ccnlitus
3421 5011 3552 5066 inti-

1954 5112 2174 5159 matum.
2228 5102 2610 5157 Gradientibus
2657 5109 2838 5156 autem
2888 5101 3004 5167 eis,
3055 5117 3120 5155 ac
3166 5100 3308 5154 viam
3357 5100 3554 5156 festino

1954 5193 2165 5247 tramite
2205 5191 2651 5255 accelerantibus,
2699 5190 3045 5244 Hildebertus
3101 5190 3283 5244 carnis
3340 5190 3551 5246 incom-

1951 5282 2114 5336 modo
2171 5297 2396 5352 pressus
2441 5263 2778 5350 assumptu‘m
2826 5279 2928 5335 iter
2989 5295 3303 5352 quanquam
3359 5279 3558 5335 invitus

1952 5370 2186 5442 reliquit.
2220 5369 2502 5424 Audaldus
2531 5385 2662 5424 vero
2702 5378 2930 5424 maestus
2958 5386 3022 5424 ac
3051 5370 3249 5425 deinde
3290 5385 3396 5424 uno
3439 5369 3556 5423 solo

1951 5459 2147 5517 comite
2191 5467 2496 5528 contentus,
2530 5467 2654 5529 post
2683 5459 2898 5529 multas,
2933 5476 3066 5531 quas
3100 5459 3365 5530 prolixum
3411 5466 3558 5513 esset

321 5619 345 5646 ⁸
367 5611 596 5666 Conversi
619 5609 908 5662 dicebantur
949 5607 1063 5658 olim
1089 5607 1217 5672 apud
1254 5606 1536 5669 monachos,
1564 5603 1644 5668 qui
1659 5617 1723 5655 ex
1756 5598 1992 5656 saeculari
2022 5599 2129 5655 vita
2157 5599 2224 5654 ad
2256 5596 2614 5652 monasticam
2646 5598 3097 5654 convertebantur
3127 5597 3182 5650 in
3201 5599 3358 5650 adulta
3387 5599 3556 5652 atate.
