4086 6342
525 269 665 324 1015

1455 263 1797 322 AIMOINUS
1846 259 2230 321 MONACHUS
2289 259 2746 318 SANGERMAN.

3691 263 3838 320 1016

528 388 783 462 expedire
803 431 816 456 ,
865 403 1208 463 paganorum
1255 387 1514 460 insidias,
1561 388 1874 462 pariterque
1903 387 2126 444 tribula-
2153 384 2212 446 A
2229 391 2550 458 tempusque
2577 401 2641 443 ac
2671 387 3049 459 opportunitas
3093 387 3327 445 exeundi
3366 385 3708 460 patriamque
3748 402 3838 444 re-

525 479 733 534 tionum
774 477 1052 535 variarum
1088 493 1392 550 pressuras,
1427 478 1660 534 ducente
1691 494 1750 534 se
1781 477 1994 534 Christo
2028 493 2130 532 au-

526 567 715 624 dacter
773 582 1133 640 percurrens,
1203 567 1422 622 tandem
1487 566 1780 639 aliquando
1829 565 2132 622 Valentiam

528 655 782 729 superius
821 655 1160 712 nominatam
1200 655 1473 712 civitatem
1504 655 1844 729 aggreditur.
1877 655 1981 712 Ubi
2007 654 2131 710 die-

525 746 630 804 bus
661 753 892 818 quatuor
919 745 975 800 in
1005 745 1120 815 ejus
1150 745 1438 814 suburbio,
1471 760 1505 802 a
1533 744 1855 800 Christianis
1892 745 2008 814 jam
2035 760 2133 816 pe-

523 835 670 892 nitus
699 835 987 902 derelicto,
1038 835 1228 890 anxius
1271 833 1574 906 dubiusque
1623 834 1752 906 quid
1798 840 1985 907 ageret
2031 833 2132 888 im-

527 931 802 991 moratus,
837 923 1024 996 quinto
1053 924 1142 979 die
1172 923 1486 979 Zachariam
1525 923 1816 995 quemdam
1863 924 2130 990 Maurum,

529 1013 674 1086 apud
703 1029 865 1086 quem
903 1012 1296 1084 hospitabatur,
1345 1012 1706 1080 conveniens,
1755 1011 2136 1068 sciscitabatur

531 1103 602 1160 ab
632 1118 698 1159 eo
727 1101 980 1174 privatim
1000 1101 1068 1157 de
1097 1118 1158 1158 re
1185 1109 1411 1173 propter
1431 1117 1592 1173 quam
1617 1109 1852 1170 venerat,
1880 1109 1933 1158 et
1951 1109 2136 1156 utrum

532 1208 592 1249 se
621 1191 675 1246 in
704 1191 810 1248 hoc
839 1191 1094 1261 adjuvare
1139 1189 1332 1262 possit,
1375 1190 1663 1246 denudatis
1708 1191 1934 1247 secretis
1966 1190 2136 1246 inter-

532 1287 705 1354 rogat.
741 1279 862 1348 Quo
904 1279 1268 1351 respondente
1297 1296 1358 1335 se
1386 1279 1590 1352 optime
1633 1295 1800 1350 posse
1820 1328 1832 1347 ,
1866 1287 2025 1352 atque
2056 1279 2138 1335 lo-

531 1385 655 1425 cum
684 1368 776 1424 ubi
803 1368 1074 1441 pretiosus
1104 1368 1323 1425 Domini
1361 1377 1568 1441 martyr
1589 1369 1822 1438 jacebat,
1855 1368 2136 1440 ipsiusque

533 1457 864 1515 monumenti
911 1458 1156 1513 tumbam
1203 1458 1383 1515 adhuc
1429 1458 1698 1530 integram
1741 1459 1880 1514 bene
1921 1473 2084 1513 nosse
2119 1476 2132 1513 :

531 1549 769 1618 Eamus,
809 1545 983 1618 inquit
1021 1547 1338 1613 Audaldus,
1373 1555 1426 1602 et
1453 1547 1738 1603 videamus
1781 1555 2030 1602 utrumne
2061 1547 2138 1602 ita

533 1636 620 1704 sit,
655 1636 1108 1708 quemadmodum
1156 1637 1392 1692 testaris.
1427 1635 1550 1705 Quo
1577 1636 1752 1693 aiente
1785 1653 1798 1692 :
1834 1635 1975 1706 Quid
2003 1635 2136 1690 mihi

533 1725 689 1781 dabis
717 1725 981 1796 pecuniae,
1008 1725 1054 1780 si
1074 1725 1221 1797 quod
1250 1724 1448 1798 quaeris
1476 1725 1809 1784 ostendero?
1837 1724 2136 1781 Monachus

535 1813 656 1870 ait:
689 1813 886 1869 Parum
935 1813 1154 1885 quidem
1202 1814 1424 1870 habeo:
1475 1814 1573 1869 sed
1619 1813 1753 1868 illud
1799 1822 2002 1880 totum,
2050 1813 2138 1868 vel

537 1909 686 1960 certe
715 1901 911 1958 exinde
942 1911 1201 1974 quantum
1245 1902 1468 1974 petieris
1515 1903 1888 1960 incunctanter
1924 1919 2138 1974 appen-

535 1992 684 2048 dam.
719 1991 876 2048 Unde
919 1992 1213 2063 praedictus
1259 1992 1543 2048 Zacharias
1587 2007 1820 2063 superno
1857 1991 2134 2062 instinctu,

539 2080 820 2152 sanctique
848 2081 1122 2152 martyris,
1145 2089 1201 2134 ut
1223 2081 1519 2153 credimus,
1551 2081 1774 2136 obtentu
1802 2081 2136 2150 moderatus,

537 2185 648 2226 non
679 2169 911 2240 amplius
959 2186 1123 2242 quam
1171 2171 1532 2244 quadraginta
1573 2178 1898 2244 argenteos,
1935 2171 2140 2226 solidos

537 2259 792 2315 videlicet
829 2258 1068 2330 quinque
1107 2259 1412 2330 postulavit.
1461 2259 1670 2329 Quibus
1702 2259 1933 2316 libenter
1965 2259 2139 2314 tribu-

529 2348 608 2404 ‘tis
637 2347 797 2402 simul
827 2347 998 2403 ierunt
1033 2348 1101 2402 ad
1128 2349 1328 2414 locum,
1372 2349 1466 2403 ubi
1508 2349 1861 2404 maceriarum
1895 2349 2140 2405 ecclesiae

539 2443 742 2493 tantum
774 2437 1030 2508 patebant
1059 2437 1245 2504 ruinae,
1280 2444 1442 2509 atque
1487 2437 1659 2509 ipsius
1688 2437 1925 2510 sepulcri
1955 2438 2136 2504 situm,

535 2535 596 2582 ut
623 2524 796 2581 fuerat
826 2525 1309 2582 incontaminatum
1352 2527 1616 2599 tituloque
1657 2527 1952 2601 signatum,
1985 2543 2141 2598 repe-

539 2614 684 2670 riunt
718 2631 730 2670 :
762 2613 817 2670 in
847 2629 956 2688 quo
1003 2623 1117 2671 erat
1161 2632 1322 2688 super
1367 2616 1704 2687 inscriptum,
1741 2617 1884 2688 quod
1914 2616 2024 2673 illic
2054 2633 2141 2672 re-

539 2703 846 2777 quiesceret
877 2713 1096 2761 sanctus
1124 2704 1290 2762 levita
1317 2713 1370 2760 et
1401 2713 1609 2777 martyr
1641 2706 1974 2762 Vincentius.
2010 2707 2144 2762 Prae-

539 2792 814 2850 clarorum
860 2809 1075 2866 quoque
1122 2802 1406 2865 parentum
1455 2794 1691 2861 nomina,
1723 2795 1893 2866 patris
1925 2795 2138 2866 Euticii,

539 2881 734 2937 matris
783 2898 915 2938 vero
960 2883 1183 2950 Enolze,
1231 2899 1263 2938 a
1309 2884 1504 2955 quibus
1551 2883 1672 2938 orbi
1717 2883 1964 2956 agonista
2019 2884 2142 2939 talis

541 2979 904 3044 processerat,
955 2971 1135 3028 eidem
1181 2972 1453 3044 epitaphio
1499 2972 1644 3028 inter
1673 2981 1868 3030 caetera
1898 2971 2144 3046 refulge-

542 3061 676 3117 bant
714 3061 940 3117 inserta.
989 3062 1142 3134 Ergo
1185 3069 1466 3133 comperto
1510 3078 1607 3118 seu
1650 3063 1906 3117 denotato
1949 3078 2143 3118 sarco-

2233 475 2445 532 visendi
2471 475 2820 548 praestolatur
2846 476 2903 532 in
2931 477 3070 533 dies.

2863 582 3088 640 CAPUT
3132 583 3199 639 ν.

2301 687 2513 760 Emptis
2539 687 2777 761 denique
2823 689 3134 761 palmarum
3174 689 3356 756 ramis,
3389 697 3443 746 et
3471 689 3615 748 circa
3659 689 3838 763 ipsum

2232 793 2430 849 corpus
2476 777 2673 852 ligatis,
2725 779 2890 836 veluti
2934 779 3158 850 hujusce
3203 778 3285 835 rei
3330 779 3499 855 gratia
3547 780 3839 836 thesaurus

2232 873 2581 923 occutaretur
2629 867 2955 940 acquisitus,
3007 875 3212 923 tantum
3259 875 3477 942 tamque
3521 867 3839 925 venerabile

2232 956 2514 1028 praemium
2540 955 2751 1022 levans,
2783 958 2888 1014 hoc
2916 965 3145 1013 onustus
3172 973 3419 1024 munere,
3449 958 3664 1030 hacque
3694 956 3842 1014 locu-

2231 1045 2465 1117 pletatus
2495 1046 2796 1120 margarita
2824 1046 3134 1118 negotiator
3174 1046 3267 1102 ille
3299 1063 3501 1118 pauper
3534 1045 3840 1102 ditissimus

2233 1133 2478 1204 effectus,
2532 1142 2778 1206 optatum
2806 1135 2906 1192 iter
2935 1136 3066 1192 dum
3115 1144 3331 1208 tempus
3375 1135 3540 1204 videt,
3585 1136 3838 1191 resumit.

2234 1224 2333 1280 Cui
2363 1224 2628 1280 Dominus
2657 1241 2848 1280 rursus
2889 1225 3180 1282 ostendere
3205 1225 3416 1292 volens,
3451 1225 3595 1298 quod
3625 1225 3842 1298 quaesiti

2235 1312 2504 1369 Vincentii
2547 1313 2726 1368 levitas
2769 1321 2822 1369 et
2860 1314 3116 1386 martyris
3161 1329 3360 1385 corpus
3405 1313 3703 1383 invenerit,
3739 1313 3842 1368 sub

2235 1409 2394 1458 nocte
2451 1403 2682 1474 quadam
2737 1403 2867 1457 dum
2921 1419 3088 1475 super
3133 1403 3422 1458 universos
3477 1402 3843 1474 eamdemque

2234 1491 2544 1546 Audaldum
2573 1507 2740 1564 sopor
2771 1491 2930 1548 solito
2951 1491 3326 1548 vehementior
3347 1491 3588 1546 irruisset
3610 1509 3624 1546 :
3647 1491 3842 1548 Subito

2235 1579 2418 1652 fulgor
2475 1580 2641 1651 (haud
2697 1580 2920 1635 dubium
2977 1581 3108 1653 quin
3155 1581 3294 1636 caelo
3341 1579 3622 1652 delapsus)
3677 1596 3842 1636 omne

2235 1669 2464 1740 replevit
2513 1685 2620 1742 quo
2668 1670 2898 1726 Sanctus
2946 1670 3123 1725 inerat
3169 1669 3536 1726 habitaculum
3568 1686 3584 1724 :
3615 1669 3758 1725 adeo
3786 1677 3843 1724 ut

2164 1749 2218 1810 Β
2239 1759 2442 1830 hospes
2491 1775 2737 1814 seorsum
2780 1759 3046 1816 recubans
3095 1759 3172 1814 nil
3219 1758 3360 1814 aliud
3408 1775 3570 1830 quam
3619 1759 3844 1814 domum

2239 1863 2427 1914 suam,
2488 1847 2738 1904 volvente
2804 1847 2950 1920 ignis
3007 1848 3294 1910 edacitate,
3354 1847 3550 1903 ardere
3606 1854 3840 1918 putaret.

2237 1938 2489 2009 Dumque
2519 1937 2792 1992 clamores
2822 1937 3070 2008 pavitans
3090 1979 3103 2003 ,
3137 1937 3258 2009 quis
3303 1936 3488 2008 ignem
3519 1935 3843 1992 succendis-

2239 2033 2355 2093 set,
2404 2025 2692 2095 emitteret,
2743 2025 3017 2080 Audaldus
3065 2025 3232 2082 veluti
3279 2027 3348 2082 de
3392 2025 3584 2081 itinere
3641 2023 3842 2098 fessus,

2239 2115 2328 2170 vix
2357 2115 2534 2171 somni
2563 2115 2792 2170 decussa
2815 2115 2994 2188 quiete
3015 2115 3274 2189 assurgit,
3296 2131 3567 2188 vocesque
3599 2114 3844 2172 claman—

2237 2203 2307 2258 tis
2358 2203 2588 2276 hospitis
2633 2205 2918 2276 accipens,
2968 2220 3085 2260 rem
3127 2204 3340 2260 caelitus
3387 2203 3839 2271 administratam,

2238 2292 2358 2365 ipso
2387 2296 2641 2366 perfusus
2670 2294 2963 2364 splendore
2990 2293 3186 2350 tacitus
3217 2293 3546 2365 timidusque
3589 2293 3837 2348 attendit.

2239 2385 2308 2439 At
2331 2383 2424 2437 ubi
2454 2383 2509 2437 in
2535 2400 2594 2439 se
2624 2382 2950 2439 recollectus
2998 2383 3249 2438 virtutem
3296 2383 3517 2456 agnovit
3556 2383 3842 2452 Altissimi,

2238 2471 2539 2544 hospitem,
2573 2479 2760 2543 utpote
2809 2471 3124 2546 gentilitatis
3171 2472 3277 2526 ritu
3324 2470 3592 2536 ferocem.
3645 2471 3845 2528 blando

2239 2578 2308 2618 ne
2337 2569 2534 2634 paveat
2563 2561 2832 2618 demulcet
2863 2560 3048 2630 affatu,
3082 2561 3266 2634 ignem
3308 2560 3500 2632 procul
3528 2560 3694 2617 dubio
3722 2577 3756 2616 a
3785 2577 3844 2617 se

2241 2667 2534 2708 accensum
2590 2651 2759 2706 fuisse
2815 2650 3188 2722 pronuntians.
3243 2651 3356 2707 Hoc
3401 2659 3581 2706 autem
3641 2649 3844 2716 audito,

2240 2741 2332 2796 ille
2361 2757 2420 2796 se
2450 2739 2588 2795 intra
2627 2739 2858 2797 cubiculi
2890 2740 2971 2795 sui
3002 2739 3236 2795 claustra
3281 2738 3546 2795 continuit
3580 2757 3593 2792 :
3627 2755 3733 2795 nec
3765 2747 3846 2794 est

2241 2829 2540 2903 permissus
2588 2830 2896 2902 dignusque
2943 2828 3226 2898 inventus,
3277 2823 3370 2903 qui
3415 2827 3546 2887 facti
3585 2827 3840 2885 miraculi

2241 2928 2545 2976 mereretur
2575 2934 2736 2974 nosse
2765 2917 3102 2991 mysterium.

2865 3043 3091 3100 CAPUT
3128 3042 3219 3098 VI.

541 3151 712 3226 phagi
740 3151 891 3222 loco,
923 3151 1010 3207 die
1051 3151 1228 3206 adhuc
1271 3151 1440 3206 multo
1483 3152 1706 3208 domum
1752 3152 1962 3206 reversi
2000 3159 2140 3220 sunt,
2166 3114 2215 3178 Ο
2317 3151 2616 3208 Monachus
2661 3166 2790 3207 vero
2848 3159 2967 3206 orto
3018 3166 3179 3206 mane
3235 3147 3429 3206 festiue
3483 3165 3842 3225 consurgens,

543 3238 884 3314 gloriﬁcante
929 3241 1180 3296 Audaldo
1226 3242 1399 3296 Deum
1429 3257 1492 3297 ac
1522 3241 1899 3308 benedicente,
1934 3241 2024 3314 qui
2051 3241 2144 3296 iti-

543 3329 694 3386 neris
725 3330 810 3384 sui
835 3329 1113 3386 incursum
1141 3330 1214 3386 ita
1243 3346 1510 3402 prospere
1539 3330 1854 3386 direxisset.

1167 3473 1394 3531 CAPUT
1429 3474 1520 3530 IV.

615 3599 848 3656 Proinde
903 3601 1030 3656 dum
1083 3598 1240 3673 quies
1286 3606 1478 3656 noctus
1523 3600 1786 3656 membris
1844 3603 2145 3672 praesertim

543 3689 796 3746 humanis
851 3688 1148 3756 blanditur,
1209 3697 1434 3760 accepto
1490 3689 1692 3745 lumine
1749 3700 2146 3762 consurgentes

545 3779 649 3835 soli
677 3786 886 3835 secreto
916 3786 1258 3833 revertuntur
1303 3778 1371 3833 ad
1419 3779 1682 3834 tumulum
1713 3796 1724 3834 :
1760 3780 2146 3853 inventumque

544 3867 700 3923 mirae
728 3866 1140 3938 pulchritudinis
1170 3883 1266 3922 vas
1293 3883 1661 3924 marmoreum
1690 3869 1931 3940 indique,
1967 3877 2024 3924 ut
2053 3871 2148 3926 de-

546 3957 736 4024 cebat,
781 3955 1021 4012 studiose
1066 3956 1359 4027 munitum,
1406 3957 1629 4029 inopina
1675 3957 1963 4025 facilitate,
2009 3959 2149 4016 ultra

548 4063 711 4121 quam
754 4046 864 4104 dici
908 4054 1127 4118 posset,
1173 4046 1334 4102 simul
1381 4048 1542 4104 ambo
1584 4047 1793 4104 viribus
1837 4049 2148 4105 insistentes

545 4137 812 4210 aperiunt.
841 4136 985 4206 Quid
1013 4145 1274 4209 praeterea
1302 4138 1672 4194 admirationis
1709 4154 1811 4210 pro
1841 4139 2149 4195 incredibili

546 4227 662 4298 ejus
709 4227 1041 4300 integritate,
1093 4227 1292 4299 quidve
1353 4227 1786 4298 compunctionis
1834 4245 1928 4282 seu
1976 4227 2148 4300 lacry-

541 4333 775 4384 marum,
828 4324 1055 4388 propter
1099 4317 1354 4373 videlicet
1401 4316 1656 4389 gaudium
1707 4333 1772 4374 ac
1815 4317 2148 4388 inexpertam

544 4405 851 4463 aromaticaa
879 4406 1158 4462 suavitatis
1188 4405 1298 4462 illic
1327 4403 1581 4460 diﬂ‘usam
1621 4406 1990 4480 fragrantiam,
2024 4423 2145 4462 me-

2247 3241 2392 3314 quod
2422 3241 2695 3296 residebat
2721 3240 2932 3295 itineris
2979 3237 3246 3296 conﬁcere
3292 3239 3510 3312 satagit.
3543 3241 3704 3297 Unde
3731 3251 3846 3312 post

2246 3330 2452 3404 aliquot
2492 3331 2610 3386 dies
2658 3331 3126 3403 Caesaraugustam
3173 3329 3438 3386 civitatem
3483 3339 3846 3401 properanter

2245 3437 2568 3494 aggressus,
2601 3436 2631 3474 a
2661 3420 2891 3492 quadam
2930 3421 3046 3474 Deo
3094 3419 3290 3475 devota
3333 3419 3650 3476 muliercula
3679 3435 3847 3492 prope

2245 3509 2416 3582 ipsius
2445 3510 2596 3564 urbis
2641 3509 2842 3564 moenia
2889 3509 3112 3564 domum
3159 3508 3394 3565 habente
3416 3552 3428 3575 ,
3473 3509 3846 3566 misericordia

2245 3598 2573 3670 hospitandi,
2607 3606 2793 3670 utputa
2828 3597 3174 3670 peregrinus,
3205 3597 3296 3653 illa
3325 3605 3486 3654 nocte
3529 3598 3842 3670 suscipitur.

2248 3687 2381 3759 Quae
2409 3688 2670 3759 sollicita,
2703 3687 2831 3742 dum
2861 3687 2917 3741 in
2947 3687 3242 3744 occultiore
3289 3695 3446 3758 parte
3494 3703 3609 3744 sum
3654 3688 3845 3744 domus

2247 3778 2482 3852 vigilans
2511 3786 2561 3833 et
2591 3785 2775 3834 tacens
2805 3777 3138 3848 quiesceret,
3171 3776 3590 3833 adnimadvertit
3635 3793 3843 3833 memo-

2247 3874 2426 3923 ratum
2456 3867 2783 3922 monachum
2811 3874 2935 3922 ante
2965 3866 3139 3922 sancti
3175 3882 3375 3938 corpus
3415 3865 3726 3923 lucentibus
3753 3883 3844 3923 ce-

2249 3957 2358 4012 reis
2403 3955 2700 4028 psallenter
2744 3957 2982 4012 adstare.
3035 3957 3219 4028 Itaque
3275 3957 3490 4026 pulsato
3542 3956 3846 4012 nocturnali

2248 4053 2494 4117 tempore
2525 4045 2716 4119 signo,
2750 4045 2818 4100 ad
2849 4045 3142 4102 ecclesiam
3187 4045 3400 4101 concita
3426 4044 3610 4118 pergit
3641 4063 3654 4100 :
3687 4055 3845 4118 atque

2249 4137 2395 4208 quod
2421 4135 2628 4192 viderat
2653 4153 2754 4208 per
2781 4135 3170 4191 internuntium
3201 4134 3458 4206 episcopo
3492 4134 3730 4191 civitatis
3759 4133 3843 4190 in-

2246 4225 2472 4282 timavit.
2523 4225 2628 4295 Qui
2672 4224 2933 4281 festinans
2981 4224 3251 4280 sarcinam
3298 4223 3402 4279 sibi
3448 4241 3522 4279 un
3565 4241 3690 4280 cum
3733 4225 3845 4298 pal-

2247 4315 2351 4370 mis
2409 4315 2619 4387 pudore
2678 4315 2890 4370 sublato
2943 4313 3219 4386 deportari
3267 4313 3465 4384 jussit,
3522 4317 3843 4372 monachum

2247 4412 2430 4460 autem
2458 4405 2848 4474 comprehendi
2888 4403 3184 4459 mandavit.
3217 4403 3313 4459 Ille
3341 4420 3475 4459 vero
3519 4403 3682 4475 paulo
3726 4413 3844 4460 ante

543 4503 788 4552 moratus
835 4494 926 4550 ille
971 4495 1302 4559 monachus,
1353 4495 1490 4548 tanti
1539 4495 1665 4550 boni
1709 4505 1976 4568 repertor,
2023 4496 2156 4552 inibi
2185 4483 2327 4550 Dde
2381 4493 2712 4550 necessariis
2743 4493 2844 4550 viae
2896 4493 3198 4564 sumptibus
3261 4492 3530 4548 meditans
3555 4535 3571 4560 ,
3635 4502 3852 4566 propter

544 4592 675 4642 tunc
721 4583 1084 4657 persenserit,
1135 4571 1406 4638 ineffabile
1453 4583 1572 4654 ipso
1612 4585 1968 4653 jurejurando
2014 4593 2150 4642 atte-

544 4681 722 4731 stante
753 4673 1000 4728 habetur.
1033 4673 1149 4728 Hoc
1178 4679 1354 4728 tamen
1394 4671 1516 4728 luce
1559 4673 1752 4728 clarius
1783 4673 1967 4747 fulget,
2003 4677 2149 4746 quod

543 4762 854 4834 hujusmodi
885 4761 1058 4836 signis
1091 4761 1257 4816 veluti
1305 4761 1627 4834 quibusdam
1658 4763 1882 4818 vocibus
1912 4765 2151 4834 promul-

542 4861 730 4926 gatum
777 4850 965 4917 fuerit,
1015 4851 1161 4922 quod
1191 4850 1237 4904 is
1277 4851 1365 4922 qui
1411 4852 1754 4923 quaerebatur
1797 4853 1896 4907 Dei
1943 4854 2148 4925 Martyr

543 4949 598 4996 et
625 4941 812 4996 Levita
841 4940 1156 4996 Vincentius
1199 4947 1343 4996 esset
1385 4939 1654 4996 inventus.
1689 4941 1794 5010 Qui
1825 4950 1979 4997 extra
2007 4943 2146 4998 mul-

544 5029 757 5100 tiplices
787 5037 837 5085 et
867 5028 1216 5084 admirandas
1239 5029 1630 5101 suppliciorum
1660 5031 1776 5100 ejus
1806 5031 2028 5102 injurias
2053 5032 2142 5103 ita,

539 5126 600 5174 ut
629 5119 1061 5190 praelibavimus,
1095 5119 1308 5193 integer
1354 5119 1600 5192 liberque
1630 5137 1659 5174 a
1687 5121 1994 5192 putredinis
2025 5121 2146 5177 labe

541 5215 790 5280 repertus
821 5215 928 5275 est,
977 5215 1034 5263 ut
1079 5209 1226 5264 nullo
1271 5209 1436 5265 modo
1483 5209 1536 5263 in
1584 5219 1888 5282 praeparato
1932 5210 2036 5264 sibi
2078 5211 2146 5266 ad

537 5296 876 5356 efferendum
913 5298 1164 5365 sacculo,
1197 5299 1378 5354 nervis
1426 5299 1602 5356 adhuc
1650 5299 1842 5372 rigidis
1889 5300 2144 5370 componi

537 5386 772 5460 potuerit
807 5404 820 5440 :
852 5385 956 5441 nisi
986 5403 1087 5458 per
1115 5395 1268 5443 artus
1289 5431 1302 5454 ,
1335 5388 1438 5444 hoc
1480 5387 1600 5458 ipsa
1643 5395 1874 5461 cogente
1905 5388 2144 5444 necessi-

534 5485 674 5546 tate,
721 5475 1080 5548 complicatus
1124 5477 1531 5534 dissolveretur.
1567 5477 1774 5547 Quibus
1818 5493 1941 5533 cum
1988 5493 2145 5533 reve-

539 5566 715 5623 rentia
743 5574 796 5623 et
825 5565 1018 5623 timore
1047 5566 1365 5640 perfunctis,
1393 5567 1462 5622 ad
1493 5566 1782 5640 hospitium
1805 5565 2138 5639 deportatur,

2249 4583 2511 4639 emendos
2541 4599 2737 4654 panes,
2781 4581 3054 4650 ministro,
3108 4581 3236 4653 quia
3281 4589 3401 4638 erat
3444 4591 3654 4652 mutus,
3703 4582 3846 4640 domi

2247 4673 2472 4740 relicto,
2513 4673 2582 4727 ad
2628 4672 2805 4727 forum
2851 4679 3211 4743 processerat.
3260 4671 3569 4743 Episcopus
3615 4686 3844 4744 namque

2247 4763 2423 4817 diviso
2453 4761 2618 4827 fasce,
2651 4769 2705 4816 et
2733 4777 3068 4833 quaecunque
3110 4760 3322 4816 inerant
3363 4761 3636 4816 universis
3661 4776 3842 4818 coram

2247 4851 2527 4923 expositis,
2561 4851 2762 4922 reperit
2791 4858 3038 4907 sanctum
3068 4850 3396 4907 intrinsecus
3423 4850 3598 4906 latens
3625 4849 3838 4924 pignus,

2247 4957 2406 4997 sacco
2437 4940 2730 5014 diligenter
2757 4940 3014 4995 insutum.
3048 4939 3208 5008 Quod
3241 4947 3468 5010 stupens
3511 4939 3841 5012 nimiumque

2246 5030 2560 5094 admirans,
2595 5038 2648 5085 et
2675 5029 2952 5085 aestimans
2983 5029 3204 5085 omnino
3235 5029 3382 5100 quod
3409 5037 3526 5084 erat
3554 5028 3712 5101 plane
3739 5027 3840 5083 ali-

2245 5119 2400 5189 cujus
2441 5119 2616 5174 sancti
2659 5119 2916 5190 martyris
2960 5135 3192 5190 corpus,
3235 5117 3398 5187 jussit
3439 5117 3573 5173 illud
3616 5116 3838 5184 auferri,

2245 5217 2404 5280 atque
2434 5208 2489 5262 in
2519 5208 2746 5264 ecclesia
2775 5207 2950 5264 beata:
2979 5208 3164 5263 Maria
3200 5223 3420 5278 semper
3447 5206 3672 5280 virginis
3700 5207 3840 5278 (quae

2246 5305 2327 5351 est
2354 5304 2529 5352 mater
2560 5297 2917 5352 ecclesiarum
2948 5297 3193 5366 ejusdem
3220 5297 3396 5366 urbis)
3426 5304 3745 5352 veneranter
3764 5311 3839 5350 re-

2243 5385 2404 5442 condi
2438 5404 2450 5440 :
2486 5386 2541 5440 i-n
2571 5401 2678 5458 qua
2707 5385 2836 5442 olim
2868 5387 2968 5442 sub
3001 5385 3213 5442 Valerio
3243 5385 3498 5457 pontiﬁce
3527 5379 3670 5442 idem
3699 5399 3836 5439 mar-

2243 5483 2328 5546 tyr
2357 5483 2717 5548 strenuusque
2746 5475 2942 5530 athleta
2973 5474 3364 5533 arcliidiaconii
3403 5489 3583 5530 arcem
3614 5471 3834 5546 insignis

2243 5572 2512 5621 tenuerat.
