4086 6354
349 276 488 332 1017

955 399 1180 459 CAPUT
1207 401 1324 458 VII.

423 508 520 564 His
547 507 622 564 ita
665 507 792 564 dolo
859 508 1115 580 peractis,
1163 509 1440 566 Audaldus
1494 511 1690 566 horum
1729 510 1946 566 nescius

354 613 480 656 cum
497 597 654 670 panis
673 597 854 654 edulio
871 597 1091 653 domum
1105 599 1440 672 regreditur:
1459 599 1754 672 agnitoque
1785 599 1946 670 (proh

353 686 513 744 dolor
532 685 584 757 l)
612 687 718 743 hoc
743 685 915 741 tristis
947 685 1108 754 facto,
1135 688 1421 759 perculsus
1451 687 1618 744 animi
1657 688 1848 744 dolore
1875 688 1946 743 ad

351 775 604 832 eumdem
631 775 969 848 episcopum,
1017 777 1239 832 nomine
1283 777 1564 833 Seniorem
1583 785 1628 842 ³,
1690 776 1946 848 lacrymis

350 864 546 936 plenus
571 865 822 932 accessit,
871 881 1216 937 conquerens
1246 881 1370 922 cum
1405 881 1471 922 eo
1501 867 1569 922 de
1599 865 1794 936 injuste
1843 866 1947 922 sibi

349 953 612 1010 subducto
641 954 987 1026 corpusculo.
1008 955 1074 1009 Et
1104 971 1280 1022 meus,
1314 955 1406 1022 ait,
1471 971 1624 1010 meus
1654 954 1826 1010 fuerat
1854 955 1946 1010 ille

349 1042 710 1116 propinquus,
743 1043 798 1098 in
819 1043 1069 1114 partibus
1092 1044 1479 1114 Hispaniarum
1495 1060 1670 1115 nuper
1697 1052 1946 1100 mortuus

349 1145 416 1188 ac
446 1131 708 1203 sepultus.
743 1132 908 1202 Cujus
937 1133 1174 1189 cadaver
1202 1134 1342 1189 inter
1364 1133 1695 1206 reliquorum
1738 1149 1946 1205 paren-

347 1228 464 1275 tum
508 1237 753 1276 meorum
801 1221 1080 1278 exanimes
1109 1230 1260 1277 artus
1303 1238 1629 1294 componere
1667 1231 1942 1294 satagens,

348 1309 466 1366 haec
495 1318 767 1366 terrarum
797 1311 967 1382 spatia
1012 1311 1199 1366 multis
1266 1319 1492 1368 vexatus
1549 1311 1948 1368 calamitatibus

347 1398 564 1455 Christo
579 1399 814 1471 prOpitio
824 1416 1134 1473 peragrans
1151 1400 1287 1456 evici
1303 1418 1316 1454 :
1335 1409 1495 1473 atque
1507 1401 1640 1456 illud
1655 1417 1764 1457 non
1777 1417 1946 1473 parvo

347 1488 508 1544 xenio
530 1488 673 1555 dato,
699 1505 765 1544 ex
819 1504 1159 1560 paganorum
1193 1489 1401 1560 placata
1446 1489 1658 1545 feritate
1715 1489 1943 1545 redemi.

345 1577 457 1635 Sed
477 1578 614 1648 proh
630 1577 786 1632 nefas
807 1576 818 1632 l
839 1577 1030 1650 inquit,
1045 1577 1247 1656 offendi
1261 1579 1577 1650 episcopum
1589 1579 1947 1636 crudeliorem

345 1665 596 1722 ethnicis.
645 1665 800 1735 Quod
859 1667 1004 1722 enim
1060 1683 1251 1723 eorum
1304 1668 1592 1724 austeritas
1636 1668 1947 1723 humanitus

1153 274 1248 330 DE
1275 272 1814 332 TRANSLATIONE
1844 275 1901 332 S.
1935 272 2294 332 VINCENTII
2318 275 2531 338 MART.
2561 307 2631 319 —
2659 276 2788 335 LIB.
2820 279 2863 334 Ι.

3507 283 3646 340 1018

1975 401 2034 464 Α
2051 400 2249 458 fratres
2268 401 2506 471 mittunt,
2539 403 2632 476 qui
2661 403 2833 461 sancti
2861 404 3040 462 levita
3066 412 3121 462 et
3147 405 3404 478 martyris
3423 420 3644 479 corpus,

2043 499 2374 563 procurante
2398 491 2503 548 hoc
2519 491 2638 563 ipso
2651 492 2962 562 Salomone,
2993 493 3323 566 reciperent,
3348 511 3645 569 secumque

2045 579 2260 636 Christo
2285 581 2579 637 miserante
2607 580 2902 638 deferrent.
2939 583 3214 639 Salomoni
3264 599 3502 657 namque
3543 585 3649 642 hoc

2039 669 2360 739 jamdudum
2419 677 2760 741 compertum
2843 669 3064 726 fuerat:
3098 672 3180 744 (ut
3235 681 3351 728 erat
3403 673 3643 745 prudens

2045 767 2206 831 atque
2237 759 2364 814 boni
2394 758 2646 830 cupidus)
2677 759 2748 815 ad
2775 775 2962 831 regem
3004 761 3263 831 Majorem
3316 761 3642 818 Corduben-

2047 864 2164 903 sem
2195 847 2593 920 opportunitate
2613 855 2840 920 accepta
2865 857 3204 920 perrexerat,
3237 847 3452 924 ﬁngens
3503 851 3645 907 inter

2046 937 2276 1008 reliqua,
2311 938 2458 1009 quod
2489 937 2631 1008 apud
2662 936 3130 1010 Caesaraugustam
3147 937 3418 995 civitatem
3448 955 3644 1012 parens

2045 1025 2234 1096 ipsius,
2269 1025 2538 1082 vocabulo
2568 1025 2888 1098 Sugnarius,
2923 1027 3055 1081 dum
3085 1026 3156 1082 ab
3174 1026 3445 1098 HiSpania:
3472 1027 3644 1099 parti-

2044 1115 2148 1169 bus
2177 1113 2508 1181 deferretur,
2540 1131 2569 1170 a
2601 1115 2826 1170 Seniore
2857 1117 3102 1186 ejusdem
3130 1115 3364 1172 civitatis
3385 1115 3644 1188 episcopo

2045 1203 2312 1259 violenter
2342 1203 2585 1260 sublatus
2613 1205 2959 1261 detineretur.
2980 1205 3078 1262 Ille
3105 1221 3236 1262 vero
3253 1205 3494 1278 exceptis
3523 1203 3646 1262 aliis

2045 1293 2290 1348 donariis
2311 1301 2503 1364 sponte
2531 1293 2748 1361 oblatis,
2783 1301 2839 1348 ut
2867 1310 3068 1366 corpus
3100 1295 3258 1350 reddi
3281 1295 3501 1366 juberet
3547 1309 3643 1350 so-

2046 1381 2170 1437 lidis
2199 1389 2418 1438 centum
2449 1383 2820 1454 expostulatis,
2871 1383 2943 1439 ad
3000 1383 3249 1457 regulum
3280 1400 3426 1456 saepe
3483 1383 3642 1440 dictas

2045 1471 2292 1540 civitatis,
2320 1472 2538 1528 nomine
2570 1471 2840 1542 Abdilam,
2874 1474 3118 1528 chartam
3159 1471 3342 1528 facere
3367 1473 3588 1528 mandat
3623 1488 3637 1530 :

2045 1559 2321 1632 imperans
2341 1569 2398 1615 ut
2427 1561 2546 1632 ipse
2578 1561 2801 1616 totidem
2818 1577 3036 1634 quoque
3064 1561 3255 1618 solidis
3289 1561 3518 1633 sumptis
3535 1561 3640 1616 Sa-

2043 1649 2231 1705 lomini
2259 1649 2443 1707 comiti
2471 1650 2759 1722 propinqui
2789 1650 2872 1706 sui
2903 1651 3159 1724 Sugnarii
3189 1665 3385 1722 corpus
3428 1649 3640 1706 restitui

347 1755 592 1810 emollita
610 1755 698 1827 pie
721 1757 984 1828 quaerenti
1031 1757 1322 1824 concessit,
1380 1757 1484 1814 hoc
1541 1765 1634 1813 tua
1688 1757 1938 1813 violentia

2043 1739 2381 1810 praeciperet.
2415 1738 2626 1809 Quibus
2657 1740 2736 1796 sic
2767 1739 3053 1812 expeditis,
3087 1757 3150 1796 ac
3175 1739 3484 1812 principum
3513 1738 3639 1796 ani-

346 1843 592 1914 improbe
617 1845 944 1901 omnimodis
977 1845 1246 1918 exagitata
1277 1845 1435 1917 rapit,
1489 1845 1940 1919 impudenterque

344 1933 646 2004 praesumit,
679 1941 732 1988 et
783 1933 947 1988 veluti
995 1933 1222 1990 insanus
1263 1943 1514 1990 sanctum
1562 1935 1700 1992 dicis
1743 1951 1940 2008 corpus

344 2021 580 2076 hominis
607 2023 928 2094 peccatoris.
966 2024 1116 2080 Tunc
1148 2025 1590 2096 episcopusinter
1620 2026 1736 2082 haec
1755 2033 1807 2080 et
1835 2025 1944 2080 alia

343 2110 508 2168 nimis
535 2111 722 2183 rapida
751 2121 1028 2182 permotus
1059 2113 1356 2179 iracundia,
1392 2115 1719 2170 monachum
1765 2114 1940 2169 teneri

343 2199 602 2273 praecepit
637 2219 649 2256 :
681 2201 1006 2273 inexquisita
1056 2209 1448 2257 tormentorum
1498 2218 1706 2275 genera
1751 2203 1941 2274 virga-

342 2305 572 2361 rumque
589 2289 638 2345 ei
665 2289 870 2346 livores
907 2291 1310 2362 repromittens,
1337 2291 1442 2346 nisi
1469 2293 1537 2346 de
1569 2309 1674 2364 qua
1727 2293 1941 2347 civitate

342 2379 430 2435 vel
450 2378 572 2436 loco
610 2396 736 2436 eum
765 2379 974 2434 furatus
1017 2389 1181 2447 esset,
1231 2397 1328 2436 seu
1360 2397 1467 2452 quo
1516 2381 1736 2436 nomine
1795 2383 1940 2436 idem

343 2476 566 2524 sanctus
595 2477 936 2536 censeretur,
951 2479 1268 2541 exponeret.
1303 2469 1461 2540 Quod
1493 2486 1618 2527 cum
1661 2471 1937 2542 coepisset,

338 2571 405 2614 ac
443 2557 718 2614 crudelius
756 2557 1015 2615 carnifice
1047 2559 1273 2630 turpiter
1311 2575 1570 2616 exercere
1590 2560 1936 2631 perstitisset,

341 2646 625 2704 Audaldus
655 2647 843 2703 volens
873 2649 1066 2704 nolens
1103 2657 1156 2704 et
1197 2649 1357 2704 valde
1388 2649 1478 2704 diu
1521 2665 1716 2719 caesus,
1749 2665 1812 2704 ac
1841 2666 1942 2720 per

343 2735 623 2792 testiculos
651 2737 871 2792 tandem
903 2753 1223 2808 suspensus,
1269 2738 1423 2809 quasi
1454 2737 1603 2792 visus
1649 2746 1731 2793 est
1763 2737 1938 2794 confi-

340 2824 446 2880 teri
477 2825 620 2896 quod
641 2825 712 2880 ab
738 2825 1013 2897 Hispaniae
1032 2827 1278 2897 partibus
1295 2827 1448 2882 illum
1467 2826 1726 2896 deferret,
1758 2829 1939 2900 quod-

341 2929 448 2986 que
487 2922 705 2970 sanctus
732 2915 974 2969 Marinus
1003 2923 1212 2987 martyr
1242 2916 1370 2986 (hoc
1399 2915 1616 2971 invento
1649 2916 1939 2988 vocabulo)

336 3019 540 3059 nomen
567 3003 813 3060 haberet.
847 3005 1066 3076 Sicque,
1101 3012 1157 3058 ut
1191 3004 1394 3077 reliqua
1425 3013 1784 3072 transeamus,
1825 3006 1939 3077 epi-

335 3108 504 3164 scopo
527 3108 700 3149 sacrae
729 3094 926 3165 praedae
958 3093 1164 3149 nefario
1195 3093 1449 3150 invasore
1482 3095 1677 3165 partim
1717 3095 1931 3162 deluso,
1958 3132 2007 3196 Ο

339 3198 462 3241 cum
489 3197 694 3256 magno
723 3183 904 3239 cordis
924 3183 1135 3254 ploratu
1166 3183 1399 3256 ﬂetuque
1446 3183 1680 3254 plurimo
1721 3185 1932 3254 pulsus,

338 3271 411 3328 ad
431 3271 710 3344 proprium
741 3271 921 3328 locum
953 3273 1253 3328 monachus
1293 3272 1461 3326 tristis
1509 3272 1936 3345 verberibusque

337 3361 545 3416 attritus
591 3362 900 3418 revertitur.
925 3361 1084 3431 Quod
1112 3361 1428 3418 monasterii
1468 3362 1552 3417 sui
1595 3361 1790 3418 fratres
1832 3379 1934 3417 au-

338 3450 570 3520 dientes,
606 3467 709 3508 nec
739 3451 1049 3516 credentes,
1082 3451 1386 3506 Audaldum
1427 3451 1699 3508 mendacii
1743 3452 1934 3507 redar-

335 3549 574 3615 guerunt
606 3559 620 3606 ;
654 3556 958 3612 nomenque
997 3540 1074 3594 illi
1112 3541 1378 3614 gyrovagi
1420 3541 1781 3612 imponentes,
1810 3557 1842 3597 a
1875 3559 1934 3597 se

337 3631 752 3702 sequestrando,
779 3631 1004 3701 jamque
1035 3629 1154 3701 ipso
1206 3631 1368 3685 etiam
1427 3639 1620 3700 sponte
1679 3639 1929 3698 exeunte,

337 3719 730 3791 repelluntzet
786 3719 1095 3790 ubicunque
1139 3719 1304 3774 libeat
1360 3719 1637 3775 licentiam
1695 3720 1764 3790 ei,
1823 3720 1932 3776 imo

335 3809 720 3865 necessitatem
767 3809 1003 3863 tribuunt
1033 3807 1426 3865 commorandi.
1479 3807 1586 3878 Qui
1616 3809 1687 3864 ad
1741 3825 1931 3866 coeno-

336 3898 490 3954 bium
520 3898 664 3954 beati
692 3897 989 3965 Benedicti,
1023 3897 1272 3954 Castrum
1301 3898 1552 3970 superius
1582 3899 1932 3971 cognomina-

333 3995 464 4056 tum,
499 4005 670 4060 usque
701 3987 1045 4059 perveniens,
1079 3988 1323 4056 ejusdem
1355 3989 1798 4062 congregationis
1829 3989 1931 4044 ab-

335 4077 469 4146 bati,
508 4076 628 4132 viro
677 4077 952 4148 religioso,
986 4076 1188 4132 domno
1219 4077 1549 4142 Gisleberto,
1611 4077 1930 4150 caeterisque

331 4165 587 4222 fratribus
617 4165 818 4222 ibidem
849 4165 1176 4237 degentibus
1205 4182 1420 4222 omnem
1453 4166 1535 4220 sui
1568 4166 1774 4222 itineris
1815 4166 1929 4221 sive

334 4263 492 4314 actus
521 4255 927 4323 continentiam,
961 4255 1300 4326 qualiterque
1319 4255 1421 4310 sibi
1451 4255 1623 4311 sancti
1669 4255 1848 4311 levita:
1877 4264 1930 4310 et

330 4345 582 4418 martyris
611 4360 808 4416 corpus
839 4344 1110 4398 sublatum
1145 4343 1322 4412 fuerit,
1357 4361 1459 4415 per
1488 4345 1734 4400 ordinem
1766 4343 1933 4416 expli-

330 4435 494 4492 cavit.
528 4433 633 4504 Qui
649 4433 905 4489 nimirum
933 4433 1162 4499 attoniti,
1199 4441 1251 4488 et
1281 4450 1378 4505 pro
1409 4434 1492 4488 his
1524 4451 1642 4506 quae
1683 4433 1933 4489 diceban-

2041 1828 2166 1898 mis,
2201 1836 2379 1884 taxata
2399 1829 2752 1900 pecuniarum
2783 1845 3012 1896 summa,
3065 1829 3305 1898 lucratis,
3346 1829 3636 1902 episcopus

2041 1918 2335 1973 advocatur
2363 1935 2376 1972 :
2407 1925 2460 1972 et
2489 1933 2588 1974 cur
2619 1925 2816 1974 tantam
2847 1919 2902 1974 in
2943 1927 3228 1986 mortuum,
3290 1917 3639 1990 imperatoria

2041 2007 2344 2078 posthabita
2375 2007 2696 2077 reverentia,
2743 2009 3043 2064 exercuerit
3083 2008 3440 2081 iniquitatem,
3490 2007 3641 2064 velut

2041 2113 2166 2151 reus
2198 2095 2512 2166 majestatis,
2548 2097 2748 2170 quique
2777 2098 2943 2153 etiam
2969 2113 3073 2154 nec
3103 2097 3208 2153 sibi
3224 2098 3490 2154 reveritus
3520 2097 3637 2154 fue-

2043 2185 2132 2251 rit,
2164 2186 2405 2241 districte
2426 2186 2734 2258 inquiritur.
2769 2185 2888 2256 Quo
2910 2187 3092 2243 omnia
3120 2195 3378 2260 negante,
3407 2194 3462 2242 et
3491 2187 3637 2259 quod

2040 2275 2096 2329 id
2120 2291 2232 2330 non
2262 2274 2472 2344 fecerit,
2508 2291 2632 2331 cum
2663 2276 2846 2330 multis
2889 2276 2989 2331 Dei
3032 2284 3450 2348 sanctorumque
3475 2277 3636 2345 jura-

2039 2364 2237 2418 mentis
2266 2363 2586 2434 afﬁrmante,
2623 2365 2900 2420 Audaldus
2913 2365 3181 2422 accedens
3211 2364 3480 2421 constanti
3511 2363 3636 2419 ani-

2038 2468 2129 2508 mo
2151 2453 2466 2524 episcopum
2493 2452 2704 2508 fortiter
2749 2453 3074 2510 convincere
3121 2461 3294 2525 parat.
3357 2453 3465 2509 Sed
3523 2451 3632 2508 illis

2039 2541 2129 2596 diu
2146 2541 2354 2613 absque
2379 2540 2591 2608 effectu,
2625 2550 2696 2608 et,
2729 2551 2786 2597 ut
2814 2543 3030 2608 dicitur,
3076 2541 3409 2597 muliebriter
3465 2541 3632 2597 alter-

2039 2631 2290 2687 cantibus
2330 2639 2622 2702 postquam
2667 2631 2958 2703 episcopus
3013 2631 3228 2686 blandis
3286 2629 3632 2686 sermonibus

2037 2719 2298 2774 invitatus
2330 2720 2614 2776 veritatem
2657 2719 2816 2776 fateri
2843 2719 3017 2776 noluit
3041 2727 3418 2792 proponuntur
3447 2719 3497 2775 ei
3525 2727 3630 2775 tor-

2037 2818 2218 2864 menta
2243 2827 2256 2862 :
2291 2816 2349 2863 ut
2380 2809 2584 2865 scilicet
2613 2810 2778 2880 ligato
2809 2809 3042 2880 pedibus
3063 2809 3180 2879 ejus
3211 2809 3300 2864 vel
3331 2809 3470 2864 collo
3507 2807 3636 2864 fune

2037 2915 2138 2970 per
2159 2898 2440 2954 circuitum
2471 2899 2702 2954 civitatis
2733 2901 3052 2967 traheretur,
3067 2906 3120 2954 et
3137 2898 3217 2955 sic
3246 2898 3436 2954 illusus
3448 2914 3628 2953 mem-

2039 2988 2236 3042 bratim
2266 2988 2487 3042 demum
2533 2988 2906 3059 dissiparetur.
2939 2989 3006 3042 Et
3037 3003 3347 3060 quanquam
3407 2987 3634 3044 virtutes

2041 3078 2096 3132 S.
2133 3077 2416 3144 Vincentii,
2449 3076 2575 3132 licet
2596 3077 2696 3131 sub
2723 3077 2942 3132 nomine
2973 3077 3148 3132 sancti
3169 3075 3381 3142 Marini,
3441 3084 3627 3132 trans-

2036 3174 2160 3222 acto
2207 3165 2512 3236 praescripti
2579 3166 2836 3236 temporis
2895 3165 3068 3236 spatio
3140 3163 3256 3222 illic
3315 3164 3632 3237 frequenter

2036 3263 2292 3321 ostensm,
2336 3255 2578 3310 animum
2600 3255 2743 3310 illius
2771 3254 2827 3308 in
2855 3254 2972 3323 ejus
3002 3269 3242 3310 amorem
3272 3253 3414 3310 miro
3465 3255 3630 3312 modo

2034 3346 2442 3416 pertraxissent,
2484 3345 2753 3400 minarum
2811 3352 2990 3400 tamen
3035 3345 3262 3400 horrore
3317 3345 3629 3412 exterritus,

2035 3435 2178 3507 quod
2209 3444 2426 3508 gestum
2457 3433 2630 3490 fuerat
2659 3433 2962 3501 conﬁtetur,
3023 3441 3077 3488 et
3106 3433 3287 3490 locum
3341 3449 3450 3506 quo
3497 3433 3632 3489 illud

2035 3541 2256 3580 sacrum
2273 3541 2471 3596 corpus
2499 3533 2616 3579 erat
2629 3525 2924 3588 humatum,
2958 3538 3069 3578 non
3081 3522 3198 3577 sine
3219 3522 3408 3578 dolore
3438 3538 3504 3580 ac
3536 3537 3629 3596 ge-

2033 3614 2166 3668 mitu
2198 3615 2392 3685 aperit.
2427 3613 2546 3682 Quo
2583 3613 2964 3684 pervenientes
2994 3611 3244 3668 monachi
3275 3611 3367 3684 qui
3385 3612 3632 3668 advene-

2033 3711 2176 3772 rant,
2199 3712 2308 3758 tam
2338 3703 2637 3774 pretiosum
2678 3701 2914 3758 caelestis
2981 3701 3111 3757 doni
3165 3701 3422 3757 talentum
3471 3717 3632 3773 repe-

2032 3793 2193 3859 riunt,
2227 3793 2567 3864 elevantque.
2601 3793 2845 3864 Cumque
2872 3807 3014 3847 unus
3041 3791 3282 3859 illorum,
3327 3791 3631 3848 Radbertus

2033 3883 2274 3948 nomine,
2305 3882 2562 3938 hmsitans
2588 3882 2856 3938 dubitaret
2911 3897 2982 3938 an
3033 3881 3081 3936 is
3137 3881 3223 3937 vel
3266 3880 3405 3936 alius
3461 3887 3626 3950 esset,

2033 3981 2194 4044 atque
2223 3971 2459 4027 loculum
2490 3971 2788 4042 aperiendo
2814 3970 2980 4044 certis
2997 3969 3170 4044 signis
3193 3969 3440 4025 Audaldo
3461 3968 3622 4037 notis,

2031 4043 2135 4116 hoc
2165 4060 2313 4131 prius
2343 4068 2496 4116 caute
2525 4059 2762 4130 perspici
2793 4043 2996 4114 debere
3027 4059 3398 4123 contenderet,
3447 4057 3629 4114 statim

2030 4150 2169 4220 pede
2200 4165 2362 4220 quem
2393 4149 2462 4204 ad
2475 4149 2576 4204 hoc
2595 4155 2956 4218 promoverat,
2989 4147 3308 4215 infirmatur,
3332 4147 3625 4218 plurimum

2031 4237 2135 4293 sibi
2162 4237 2488 4294 formicante
2514 4253 2657 4309 genu
2687 4253 2810 4292 cum
2843 4236 2990 4292 tibia.
3026 4235 3147 4306 Quo
3217 4236 3375 4310 signo
3430 4235 3629 4308 reliqui

2031 4327 2163 4382 satis
2185 4328 2317 4384 certi
2347 4327 2416 4382 de
2445 4327 2659 4382 reddito
2685 4341 2939 4398 corpore,
2972 4325 3104 4381 illud
3131 4325 3202 4380 ad
3231 4324 3628 4398 deportandum

2029 4425 2154 4489 apte
2185 4425 2534 4488 componunt.
2568 4417 2852 4488 Tantoque
2894 4415 3047 4488 potiti
3077 4415 3369 4482 desiderio,
3411 4430 3476 4471 ac
3503 4422 3630 4487 post

329 4532 424 4580 tur
452 4496 609 4580 valde
639 4523 832 4596 gavisi,
857 4496 1582 4596 Audaldumregularimore
1611 4523 1765 4594 prius
1796 4540 1924 4578 sus-
1957 4496 2010 4558 D
2030 4508 2308 4579 paululum
2330 4508 2596 4564 monacho
2625 4506 2783 4578 pedis
2811 4507 3004 4580 visure
3041 4505 3276 4596 pleniter
3304 4513 3626 4596 recuperato

329 4613 538 4685 cipiunt
557 4631 570 4667 :
591 4628 656 4668 ac
668 4612 865 4668 deinde
878 4612 954 4666 illi
975 4613 1294 4680 secundum,
1315 4612 1570 4685 quamdiu
1584 4612 1812 4680 viveret,
1836 4613 1928 4667 ha-

329 4703 536 4760 bitandi
565 4703 740 4758 locum
770 4702 1094 4758 concedunt.
1130 4701 1409 4774 Simulque
1429 4702 1748 4769 deliberant,
1783 4709 1924 4758 tem-

329 4809 434 4866 pus
461 4793 532 4848 ad
560 4793 664 4848 hoc
693 4806 1000 4862 congruum
1029 4791 1397 4862 opperientes,
1431 4800 1697 4865 quatenus
1716 4800 1925 4848 tantum

329 4883 401 4938 ad
433 4898 494 4937 se
521 4881 690 4938 decus
719 4881 1048 4952 quandoque
1105 4897 1342 4952 superna
1398 4882 1697 4953 opitulante
1752 4883 1928 4956 gratia.

329 4969 628 5028 transferre
659 4977 994 5044 satagerunt.

927 5095 1151 5151 CAPUT
1183 5095 1328 5150 VIII.

397 5213 604 5268 Exacto
658 5211 892 5284 denique
939 5218 1200 5282 tempore,
1251 5210 1408 5267 annis
1452 5211 1657 5268 scilicet
1703 5219 1828 5268 octo
1872 5219 1926 5268 et

325 5301 491 5358 semis
521 5300 772 5367 evolutis,
815 5301 885 5354 ad
915 5301 1410 5372 Caasaraugustam,
1471 5301 1762 5357 Salomone
1821 5301 1925 5356 sibi

324 5389 746 5446 familiarissimo
777 5389 1132 5446 Cerdaniensi
1189 5390 1382 5447 comite
1419 5391 1695 5462 mandate,
1739 5406 1803 5448 ex
1864 5407 1923 5446 se

393 5529 418 5558 ι
443 5517 698 5569 Seniorem
812 5517 1298 5582 Ctesaraugustanum
1385 5518 1682 5582 pontiﬁcem,
1776 5519 1926 5570 rectis

323 5587 440 5638 vtae
479 5585 694 5638 moribus
757 5586 1046 5650 praedictum
1087 5588 1142 5640 S.
1191 5586 1418 5651 Eulogius
1481 5587 1738 5652 presbyter
1805 5588 1924 5640 Cor-

2027 4613 2152 4653 cum
2186 4597 2400 4670 hymnis
2429 4605 2481 4652 et
2509 4596 2808 4670 gratiarum
2838 4595 3090 4651 laudibus
3147 4595 3331 4668 (prout
3375 4595 3513 4651 ratio
3572 4601 3628 4650 et

2026 4682 2133 4739 loci
2163 4682 2398 4754 qualitas
2429 4681 2687 4753 dictabat)
2728 4689 3009 4747 exeuntes,
3065 4681 3137 4736 ad
3181 4679 3401 4752 propria
3440 4678 3625 4738 redire

2027 4773 2260 4828 Domino
2289 4773 2522 4828 ducente
2555 4772 2848 4842 disponunt
2880 4769 3003 4826 :cui
3051 4778 3134 4825 est
3165 4770 3340 4826 honor
3367 4777 3422 4825 et
3440 4777 3627 4842 potes-

2027 4871 2130 4929 tas,
2166 4863 2336 4918 virtus
2365 4870 2418 4916 et
2433 4861 2717 4933 imperium
2746 4859 2803 4914 in
2832 4859 3032 4916 saecula
3045 4858 3392 4916 saeculorum.
3421 4861 3620 4918 Amen.

2095 4981 2212 5035 Huc
2245 4995 2416 5052 usque
2429 4979 2496 5034 de
2512 4978 2700 5034 sancti
2719 4979 2965 5050 corporis
2981 4977 3329 5052 inventione,
3347 4993 3450 5052 seu
3465 4992 3622 5052 repe-

2027 5051 2266 5107 titione:
2296 5049 2451 5106 riunc
2469 5053 2662 5106 autem
2691 5049 2823 5121 qua!
2850 5052 3072 5104 restant
3121 5049 3537 5106 translationis
3567 5052 3627 5104 et

2021 5128 2307 5195 gestorum
2329 5124 2392 5177 in
2421 5139 2489 5195 ea
2519 5121 2947 5195 miraculorum,
2973 5136 3211 5192 sequens
3235 5121 3459 5178 libellus
3489 5136 3618 5178 cum

2023 5193 2270 5267 subjecto
2301 5193 2557 5265 excipiat
2570 5193 2820 5264 prologo.

2095 5303 2240 5374 Ergo
2257 5301 2385 5372 quia
2400 5300 2660 5355 hactenus
2678 5315 2798 5370 quae
2813 5297 2958 5354 circa
2989 5297 3148 5369 hujus
3169 5301 3344 5358 sancti
3364 5301 3546 5358 levita:
3563 5309 3617 5358 et

2023 5390 2276 5463 martyris
2305 5389 2674 5446 inventionem
2687 5403 2786 5444 seu
2796 5387 3045 5459 corporis
3065 5391 3444 5462 repetitionem
3465 5397 3620 5463 gesta

2023 5519 2253 5572 dubensis
2294 5516 2530 5582 praedicat
2573 5515 2625 5566 in
2672 5515 2879 5580 epistola
2925 5515 2991 5567 ad
3037 5517 3358 5572 Wilesindum
3409 5517 3612 5583 Pampi-

2022 5588 2272 5641 lonensem
2301 5587 2608 5653 episcopum.
