4086 6302
539 247 681 302 1019

1576 246 1918 308 AIMOINUS
1962 248 2350 308 MONACHUS
2379 251 2838 311 SANGERMAN.

3699 263 3838 318 1020

539 376 682 438 sunt,
705 369 852 426 ﬁdeli
881 370 1022 444 stylo
1051 371 1266 428 Christo
1297 373 1435 430 duce
1463 372 1794 447 digessimus
1819 392 1832 428 :
1851 375 1964 445 jam
1994 392 2138 434 nunc
2166 377 2223 439 Α
2243 377 2406 432 etiam
2435 379 2678 435 dividere
2721 379 2993 436 voluimus
3048 397 3298 454 corpora,
3351 383 3478 440 licet
3533 385 3836 458 quantitate

539 475 662 532 qua
692 467 901 516 restant
929 460 1100 532 ipsius
1140 462 1508 517 translationis
1547 471 1600 518 et
1648 471 1927 534 gestorum
1953 465 2027 536 {in
2075 483 2137 522 ea

538 548 946 616 miraculorum,
967 550 1118 606 brevi
1141 551 1603 622 quemadmodum
1624 553 1890 624 capimus
1907 562 2138 610 tractatu

539 636 768 694 sollicite
797 638 1100 694 videamus.
1151 641 1342 712 Neque
1397 641 1542 696 enim
1593 639 1815 706 eﬂ’ugari
1854 643 2134 711 lectorem,

536 725 708 782 multo
735 727 914 799 magis
943 743 1076 783 vero
1107 729 1176 784 ad
1207 745 1274 784 ea
1302 747 1423 802 qua
1449 730 1700 786 dicuntur
1728 731 1956 802 invitari,
1977 749 2136 804 opor-

537 822 613 870 tet
651 815 886 887 qualiter
915 817 1019 872 etsi
1061 834 1246 874 sermo
1301 819 1533 875 incultus
1590 828 1890 891 exasperat,
1943 821 2139 877 saltem

2237 466 2452 538 exigua.
2485 468 2765 542 Nobisque
2796 469 2988 525 donari
3013 471 3268 543 petimus,
3304 473 3568 546 quidquid
3609 483 3839 546 prater-

2238 564 2430 611 eunter
2458 557 2512 612 in
2545 558 2630 613 his
2661 559 2998 615 excessimus
3030 577 3042 616 :
3075 561 3168 634 qui
3197 562 3265 617 de
3295 563 3477 618 multis
3523 579 3708 635 pauca
3763 564 3840 621 le-

2238 653 2452 716 gentes,
2477 647 2570 702 illa
2598 664 2821 718 prorsus
2851 665 2970 721 qua
2997 648 3104 706 ﬁde
3129 666 3193 706 ac
3221 651 3488 708 relatione
3538 653 3712 726 digna
3765 654 3842 708 in-

2237 743 2401 790 venta
2428 737 2734 808 habuimus,
2769 739 2848 794 eis
2876 739 3236 810 praesentibus
3275 741 3369 812 qui
3397 741 3649 798 viderant
3702 749 3844 798 atte-

2241 825 2524 894 stantibus,
2557 826 2634 898 pii
2659 827 2867 884 laboris
2897 829 3076 885 studio
3104 829 3226 902 ipso
3246 829 3305 885 in
3323 829 3445 888 loco
3463 831 3716 888 scribere
3739 847 3840 890 cu-

539 904 851 963 succinctus
888 906 1458 982 demulceatJdeoque
1474 925 1636 966 omne
1665 911 1770 966 hoc
1800 926 1938 981 opus
1958 909 2014 964 in
2032 911 2140 966 duo
2240 913 2499 970 ravimus.

1562 1230 1910 1307 INCIPIT
1977 1235 2255 1310 LIBER
2317 1233 2813 1310 SECUNDUS
2831 1289 2848 1306 .

1053 1531 1279 1590 CAPUT
1316 1535 1608 1594 PRIMUM.

607 1625 888 1699 Siquidem
916 1627 1024 1684 illis
1057 1630 1126 1686 ad
1155 1632 1478 1706 Balagivum
1509 1637 1786 1708 Oppidum,
1815 1639 1972 1709 juxta
2027 1655 2132 1695 nu-

536 1711 682 1769 vium
712 1715 978 1789 Sagarim,
1023 1720 1225 1775 cursim
1269 1724 1735 1794 pervenientibus,
1791 1727 1848 1782 in
1896 1729 2132 1800 quadam

532 1799 712 1859 insula
741 1805 859 1861 solo
891 1807 1148 1880 contigua
1187 1811 1532 1870 resederunt.
1591 1815 1893 1889 Statimque
1914 1799 1929 1800 ί
1949 1818 2133 1873 divul-

529 1899 714 1964 gatum
743 1901 824 1948 est
851 1895 1052 1952 nobilis
1078 1897 1258 1956 levita
1287 1908 1338 1956 et
1362 1903 1615 1974 martyris
1664 1921 1860 1977 corpus
1907 1906 2124 1962 adesse.

531 1979 682 2038 Tunc
711 1985 1041 2041 conveniunt
1083 1989 1332 2044 nonnulli
1379 2007 1609 2048 munera
1651 2002 1702 2050 et
1737 1995 2000 2068 obsequia
2031 2013 2132 2068 pro

529 2083 696 2140 posse
726 2070 1038 2130 offerentes.
1075 2077 1222 2132 lnter
1251 2095 1390 2150 quos
1419 2081 1615 2137 mulier
1646 2083 1848 2138 dudum
1865 2101 2009 2141 caca
2037 2085 2135 2140 ad-

530 2157 698 2214 ducta
725 2169 826 2229 est,
861 2180 980 2235 qua
1007 2164 1158 2220 humi
1205 2175 1328 2223 ante
1372 2168 1517 2240 ipsas
1558 2172 1797 2244 reliquas
1839 2182 2128 2245 prostrata,

533 2245 717 2304 lumen
749 2249 852 2306 sibi
870 2253 1061 2308 donari
1082 2257 1354 2326 poposcit.
1377 2259 1446 2312 Et
1465 2259 1780 2332 aliquandiu
1810 2262 1948 2318 ﬂens
1994 2280 2056 2320 ac
2078 2265 2134 2318 in

531 2337 778 2394 oratione
805 2341 1124 2414 persistens,
1149 2344 1325 2400 visum
1354 2349 1564 2404 cunctis
1617 2350 1707 2422 qui
1751 2351 1973 2408 aderant
2003 2369 2131 2410 cer-

530 2425 785 2482 nentibus
824 2431 1029 2503 recepit
1058 2440 1111 2488 et
1131 2435 1482 2507 semetipsam
1504 2439 1681 2510 qualis
1712 2450 1935 2496 venerat
1991 2459 2130 2514 qua-

530 2511 708 2586 lisque
736 2516 926 2575 eﬂ'ecta
977 2531 1121 2579 esset
1179 2525 1482 2594 admirans,
1516 2528 1697 2584 aiebat
1729 2547 1742 2584 :
1777 2511 2132 2586 Gratias—tibi
2201 2541 2208 2549 '

528 2603 699 2672 Deus,
735 2607 941 2680 tibique
987 2620 1174 2668 sancte
1203 2623 1428 2688 martyr,
1489 2619 1581 2689 qui
1620 2635 1707 2674 me
1751 2627 1856 2676 tua
1913 2620 2131 2676 virtutis

530 2693 782 2753 ubertate
812 2698 1038 2773 dignam
1069 2701 1288 2758 duxisti.

1171 2809 1396 2866 CAPUT
1423 2813 1489 2867 II.

602 2908 836 2968 Profecti
865 2919 1046 2968 autem
1076 2913 1204 2971 inde
1231 2917 1302 2972 ad
1331 2919 1566 2990 Bergam
1616 2921 1903 2978 castellum
1963 2924 2130 2981 celeri

531 3010 698 3054 cursu
727 2999 831 3056 iter
859 3001 1120 3074 dirigunt.
1170 3006 1274 3062 Ubi
1326 3008 1590 3065 Dominus
1642 3010 1830 3067 itidem
1885 3014 2132 3084 prastito

531 3087 816 3157 miraculo,
852 3091 983 3162 quid
1011 3094 1190 3149 meriti
1219 3095 1418 3168 quidve
1447 3099 1637 3169 gratia
1656 3101 1803 3172 apud
1824 3119 1948 3157 eum
1997 3119 2130 3158 san-

531 3182 652 3232 ctus
667 3175 830 3234 levita
847 3187 900 3234 et
919 3189 1122 3254 martyr
1139 3183 1382 3251 haberet,
1400 3187 1699 3244 clementer
1715 3192 1970 3246 ostendit.
1989 3193 2130 3247 Nam

529 3262 674 3320 inter
703 3267 945 3340 reliquos
975 3272 1288 3344 gratissima
1318 3276 1436 3345 ejus
1484 3294 1708 3334 munera
1764 3281 2126 3351 requirentes,

529 3351 705 3444 adfuit
730 3357 951 3428 quidam
983 3360 1192 3416 delatus
1211 3364 1458 3432 claudus,
1475 3374 1692 3438 totoque
1707 3384 1937 3440 corpore
1957 3386 2131 3444 agro-

531 3448 639 3498 tus.
674 3443 779 3513 Qui
824 3463 1010 3504 coram
1041 3451 1284 3523 reliquiis
1331 3455 1412 3526 (ut
1457 3454 1510 3509 in
1559 3456 1757 3512 talibus
1810 3443 2130 3532 contingere

529 3531 691 3604 solet)
721 3537 886 3607 capit
915 3539 1154 3609 primum
1183 3541 1372 3599 dolore
1393 3545 1574 3602 valido
1605 3545 1856 3620 atiligi,et
1899 3549 1955 3603 in
1971 3531 2129 3620 pavi-

528 3629 712 3679 mento
745 3625 999 3684 volutari.
1032 3627 1194 3697 Quod
1235 3633 1539 3689 astantibus
1574 3635 1769 3691 mirum
1797 3637 2082 3694 videbatur
2114 3657 2128 3694 :

531 3711 630 3766 sed
658 3713 823 3782 paulo
853 3725 977 3785 post
997 3717 1293 3775 miserante
1324 3721 1440 3778 Deo
1476 3723 1932 3782 intercessionem
1987 3728 2132 3784 beati

532 3797 802 3856 Vincentii
831 3805 1186 3862 consolidata
1204 3818 1326 3864 sunt
1345 3811 1505 3867 bases
1533 3815 1733 3883 pedum
1773 3815 1909 3884 ejus,
1939 3824 1992 3871 et
2049 3817 2133 3872 di-

533 3888 669 3944 recti
697 3906 924 3961 gressus
956 3913 969 3948 :
1002 3895 1075 3950 ita
1105 3903 1162 3952 ut
1192 3897 1374 3954 latitia
1403 3901 1682 3972 sospitatis
1711 3903 1890 3960 amica
1909 3905 2134 3962 comita-

523 3983 629 4048 tus,
648 3995 751 4050 per
777 3997 838 4037 se
867 3984 938 4038 ad
967 4001 1098 4042 suos
1127 4003 1294 4043 sanus
1311 3985 1548 4048 'rediret.

1133 4104 1362 4162 CAPUT
1392 4108 1483 4164 III.

601 4201 738 4272 Quia
769 4222 896 4262 vero
925 4208 1151 4267 lucerna
1206 4229 1314 4269 non
1371 4215 1534 4271 debet
1581 4216 1866 4285 abscondi,
1929 4219 2026 4274 sed
2073 4228 2129 4274 ut

527 4289 712 4348 luceat
727 4312 894 4368 super
909 4301 1302 4356 candelabrum
1333 4305 1480 4374 poni,
1537 4305 1650 4374 jam
1693 4306 1826 4362 illud
1855 4278 2126 4364 Isanctum
2153 4278 2206 4338 D

530 4397 734 4453 corpus
755 4392 904 4442 tanto
925 4389 1182 4444 virtutum
1201 4391 1414 4462 fulgore
1457 4410 1744 4450 coruscum
1785 4395 1986 4454 feretro
2021 4414 2124 4469 ap-

526 4477 724 4538 tantes,
759 4473 1055 4533 Salomone
1085 4479 1300 4547 comite,
1339 4481 1544 4550 praevio
1591 4485 1928 4558 paciticoque
1985 4488 2126 4544 duc-

528 4565 648 4615 tore
684 4561 1005 4621 Cerdaniam
1036 4583 1212 4638 usque
1257 4578 1542 4626 venerunt.
1590 4573 1669 4626 Ibi
1705 4575 1850 4628 enim
1905 4585 2127 4647 pr0pter

529 4661 902 4720 occurrentes,
939 4658 1374 4714 etnecessariam
1403 4657 1613 4714 itineris
1661 4662 1919 4732 quietem,
1980 4667 2126 4721 salu-

531 4736 614 4792 bri
645 4741 1078 4799 consideratione
1118 4745 1513 4818 aliquantisper
1544 4757 1686 4804 stare
1744 4751 2120 4812 decreverant.

529 4825 905 4904 Intrantesque
938 4833 1227 4904 quamdam
1278 4837 1519 4904 ejusdem
1577 4839 1870 4910 provincia
1915 4842 2120 4912 villam,

529 4931 652 4986 qua
670 4933 703 4972 a
723 4919 920 4989 priscis
949 4922 1249 4978 cultoribus
1276 4941 1474 4981 nomen
1493 4928 1644 4983 Albis
1666 4931 1894 5002 accepit,
1943 4931 2122 5004 impo-

531 5015 755 5060 suerunt
782 5008 914 5065 illud
943 5027 1109 5082 super
1135 5013 1308 5069 altare
1323 5016 1570 5073 ecclesia
1592 5019 1766 5076 beata
1787 5021 1971 5078 Maria
1997 5025 2122 5079 Vir-

527 5091 690 5164 ginis.
729 5094 850 5164 Quo
878 5098 1157 5156 innumera
1174 5104 1806 5182 multitudineutriusque
1835 5128 1997 5166 sexus
2027 5130 2124 5184 per

525 5181 751 5239 biduum
782 5187 1105 5260 confluente,
1140 5195 1343 5264 reperti
1375 5204 1498 5251 sunt
1526 5197 1664 5252 inter
1695 5181 1808 5266 eos,
1859 5181 2122 5257 contracti

526 5272 760 5346 genibus
790 5274 917 5344 duo,
953 5286 1005 5334 et
1032 5297 1141 5336 una
1171 5283 1364 5338 debilis
1394 5286 1610 5352 mulier,
1646 5304 1823 5345 cacus
1867 5307 2025 5360 unus,
2059 5308 2122 5348 ac

525 5360 896 5420 febricitantes
925 5384 1020 5424 seu
1049 5374 1425 5446 energumeni,
1460 5375 1576 5445 ejus
1599 5379 1801 5435 sanctis
1830 5380 2041 5435 meritis
2054 5381 2120 5436 ab

526 5453 673 5508 omni
693 5453 1068 5512 infirmitatum
1090 5463 1389 5532 gravedine
1409 5464 1639 5521 liberati.
1656 5467 1770 5524 Nec
1791 5468 2116 5538 audivimus,

527 5543 672 5619 quod
699 5545 840 5602 ullus
869 5563 1193 5627 quocunque
1219 5552 1508 5610 debilitatis
1536 5557 1726 5614 morbo
1763 5557 1985 5616 invasus
2051 5560 2122 5632 (si

2162 1543 2215 1604 Β
2237 1557 2483 1628 fideliter,
2499 1562 2772 1634 accessit),
2807 1579 2867 1618 se
2895 1564 2983 1620 vel
3017 1565 3339 1635 advenisse,
3387 1567 3472 1624 vel
3517 1575 3667 1626 certe
3719 1567 3838 1624 sine

2233 1651 2464 1706 remedii
2483 1651 2757 1709 medicina
2787 1653 3085 1711 recessisse
3117 1656 3367 1713 doluerit.

2840 1760 3070 1818 CAPUT
3098 1755 3192 1818 IV:

2305 1847 2449 1902 Pene
2478 1846 2644 1920 igitur
2671 1865 2774 1920 per
2802 1849 3018 1921 singula
3064 1852 3410 1908 mansionum
3450 1852 3572 1910 loca
3603 1855 3832 1926 patratis

2231 1935 2529 2004 miraculis,
2562 1945 2621 1992 ut
2649 1937 2802 1994 verbi
2855 1939 3032 2011 gratia
3076 1941 3132 1994 in
3169 1941 3319 1998 Livia
3364 1942 3575 1998 duobus
3624 1943 3840 2001 claudis

2234 2025 2451 2096 erectis,
2485 2034 2538 2080 et
2567 2025 2624 2082 in
2655 2027 2959 2083 Carcasona
2989 2037 3138 2084 extra
3169 2031 3362 2087 urbem
3383 2031 3438 2086 in
3469 2033 3707 2088 ecclesia
3735 2034 3838 2088 sub

2231 2113 2402 2185 ipsius
2422 2115 2622 2172 Levita
2642 2124 2696 2172 et
2715 2117 2969 2189 Martyris
2986 2120 3338 2176 veneratione
3361 2121 3575 2177 Christo
3598 2131 3831 2190 sacrata,

2232 2203 2584 2260 damoniacis
2603 2205 2943 2279 infirmisque
2964 2207 3086 2262 aliis
3107 2225 3217 2264 non
3233 2210 3421 2280 paucis
3461 2211 3680 2279 curatis,
3701 2213 3834 2283 jam-

2231 2291 2338 2348 lati
2369 2293 2618 2348 Castrum
2647 2311 2754 2366 quo
2781 2295 3124 2364 tendebatur,
3158 2299 3415 2370 pracipui
3444 2299 3617 2354 Patris
3663 2301 3834 2358 Bene-

2233 2381 2363 2436 dicti
2392 2383 3268 2459 monasterium-appr0pinquant.
3304 2388 3412 2444 Sed
3461 2388 3634 2461 qualis
3675 2389 3831 2446 fuerit

2232 2477 2386 2526 tanta
2431 2472 2749 2543 exceptione
2795 2473 3017 2547 dignus,
3069 2492 3189 2532 cum
3239 2477 3498 2534 crucibus
3540 2494 3605 2536 ac
3634 2479 3828 2548 cereis,

2231 2559 2594 2634 omnibusque
2653 2563 2915 2634 congruis
2966 2565 3244 2620 ornatibus
3292 2567 3382 2622 ille
3440 2569 3829 2624 monachorum

2231 2649 2552 2720 splendidus
2567 2659 2877 2722 apparatus,
2901 2668 3116 2710 necnon
3147 2662 3196 2710 et
3225 2655 3612 2712 devotissimus
3647 2657 3828 2730 populi

2231 2753 2548 2806 concursus,
2583 2755 2709 2795 reor
2737 2742 3090 2812 superﬂuum,
3135 2743 3181 2798 si
3211 2745 3408 2816 exponi
3451 2747 3825 2818 contendatur,

2233 2827 2482 2900 Martyris
2511 2828 2694 2900 itaque
2750 2845 2949 2902 corpus
2996 2833 3317 2888 servandum
3350 2837 3826 2910 venerandumque

2155 2908 2205 2972 C
2234 2915 2290 2970 in
2319 2916 2554 2972 ecclesia
2581 2917 2738 2974 almae
2765 2920 3062 2990 genetricis
3113 2921 3215 2977 Dei
3256 2923 3440 2978 Maria
3487 2932 3614 2980 ante
3659 2908 3826 2996 ipsius

2237 3005 2468 3062 coenobii
2518 3015 2732 3078 portam
2761 3007 3182 3078 collocaverunt,
3206 3011 3278 3066 ob
3298 3012 3547 3068 devotam
3596 3014 3828 3071 maxime

2231 3093 2560 3150 feminarum
2605 3095 2988 3170 frequentiam,
3050 3099 3244 3171 quibus
3295 3101 3610 3158 monasterii
3657 3103 3824 3175 ipsius

2233 3184 2413 3238 aditus
2439 3201 2504 3239 ex
2532 3185 2755 3257 antiqua
2785 3188 3002 3242 Patrum
3034 3189 3279 3258 ejusdem
3300 3190 3404 3246 loci
3435 3193 3824 3250 consuetudine

2232 3273 2554 3347 denegatur.
2587 3275 2957 3332 Decreverunt
3003 3285 3184 3333 tamen
3219 3296 3416 3335 novam
3447 3280 3732 3338 basilicam
3769 3283 3822 3338 in

2233 3363 2352 3432 ejus
2407 3364 2673 3418 honorem
2727 3367 3063 3422 monasterio
3123 3367 3354 3424 vicinam
3423 3378 3672 3427 extruere
3708 3389 3721 3428 :
3757 3373 3823 3428 ad

2234 3469 2394 3524 quam
2453 3452 2736 3526 utriusque
2809 3471 2969 3511 sexus
3019 3457 3270 3528 personis
3323 3459 3532 3515 devotis
3579 3460 3720 3517 liber
3759 3461 3823 3518 sit

2232 3557 2510 3598 accessus.

2863 3615 3090 3674 CAPUT
3124 3618 3189 3672 V.

2305 3702 2416 3758 Sed
2443 3703 2700 3776 quoniam
2731 3703 2872 3761 forte
2901 3714 3112 3777 poterat
3142 3708 3374 3764 dubitari
3442 3711 3512 3766 de
3559 3711 3652 3766 tali
3709 3714 3824 3784 ejus

2232 3790 2543 3866 inventione
2571 3801 2622 3848 et
2651 3801 2832 3865 optata
2860 3795 3155 3866 delatione,
3180 3799 3284 3854 hoc
3315 3799 3662 3870 omnipotens
3679 3803 3822 3858 Deus

2230 3881 2298 3936 ad
2339 3882 2614 3938 cumulum
2662 3901 2775 3940 sua
2821 3885 3076 3941 bonitatis
3105 3885 3200 3941 tali
3261 3888 3530 3945 miraculo
3577 3891 3822 3948 roborari

2230 3969 2416 4026 voluit.
2449 3971 2508 4025 In
2540 3971 2669 4026 villa
2697 3973 2990 4040 Vidcellas,
3026 3991 3060 4030 a
3091 3977 3422 4032 monasterio
3469 3979 3643 4035 tribus
3679 3981 3822 4037 dun-

2231 4067 2374 4114 taxat
2401 4061 2618 4116 milibus
2636 4062 2888 4134 distante,
2919 4063 3122 4120 femina
3139 4066 3384 4137 quadam
3414 4067 3620 4124 ibidem
3649 4071 3824 4128 adhuc

2231 4150 2460 4221 degens,
2493 4151 2714 4208 nomine
2745 4153 3009 4222 Aitrudis,
3042 4170 3074 4210 a
3102 4155 3283 4212 vicino
3313 4172 3412 4213 suo
3427 4158 3704 4214 admonita
3720 4168 3820 4231 est,

2229 4247 2286 4293 ut
2319 4239 2566 4310 deposito
2596 4241 2816 4298 laniﬁcii
2844 4259 3031 4314 Opere,
3064 4244 3118 4298 in
3147 4261 3429 4302 occursum
3461 4249 3824 4320 susceptionis

2225 4327 2370 4384 beati
2403 4328 2668 4386 Vincentii
2698 4333 2954 4404 martyris
2984 4350 3104 4389 cum
3134 4335 3254 4391 aliis
3284 4345 3613 4408 properaret.
3663 4337 3820 4408 Quod

2225 4417 2320 4474 illa
2349 4417 2530 4476 facere
2561 4437 2846 4492 recusans,
2877 4438 3000 4478 cum
3031 4425 3294 4480 cachinno
3332 4425 3464 4482 dixit
3493 4443 3616 4484 esse
3642 4429 3819 4500 potius

2227 4524 2428 4580 corpus
2457 4511 2738 4580 cujusdam
2768 4513 2940 4568 Mauri
2996 4514 3196 4570 ethnici
3225 4515 3312 4570 vel
3365 4516 3609 4588 Hispani,
3659 4535 3817 4591 quam

2224 4598 2500 4670 martyris.
2533 4601 2600 4655 Et
2623 4602 2894 4673 extemplo
2925 4603 3167 4658 omnium
3199 4605 3411 4676 privata
3438 4607 3812 4664 membrorum

2225 4686 2415 4743 ofﬁciis
2444 4690 2774 4746 contrahitur
2806 4711 2819 4756 ;
2862 4707 2928 4748 ac
2965 4691 3132 4748 veluti
3161 4694 3394 4750 cadaver
3433 4695 3802 4752 miserabiliter

2225 4777 2281 4831 in
2312 4784 2518 4833 terram
2551 4788 2912 4848 consternata,
2949 4798 3008 4838 se
3039 4798 3164 4839 mox
3195 4784 3564 4856 expiraturam
3593 4785 3811 4842 terribili

2223 4883 2357 4923 voce
2377 4868 2676 4939 proclamat
2709 4888 2722 4924 :
2756 4879 3025 4944 rogatque
3068 4888 3218 4942 suos,
3267 4882 3324 4928 ut
3373 4875 3442 4930 ad
3471 4875 3646 4932 sancti
3679 4884 3809 4932 tem-

2222 4957 2372 5028 plum
2401 4958 2690 5015 deferatur.
2751 4961 2855 5016 Ubi
2885 4977 3046 5017 curru
3078 4962 3276 5032 delata,
3310 4980 3408 5035 per
3437 4965 3556 5020 dies
3594 4981 3802 5032 novem,

2221 5046 2608 5117 aspicientibus
2637 5049 2839 5116 multis,
2875 5052 3123 5107 eamdem
3153 5054 3525 5124 percussionis
3558 5055 3802 5110 debilita-

2222 5143 2330 5191 tem
2395 5137 2670 5194 sustinens
2722 5140 2970 5196 mansit:
3004 5149 3168 5216 atque
3235 5151 3358 5214 post
3417 5144 3555 5200 alios
3616 5160 3802 5200 novem

2221 5225 2382 5280 saluti
2433 5227 2739 5299 reformata,
2787 5231 2992 5300 valens,
3064 5241 3124 5287 ut
3167 5249 3309 5290 nunc
3368 5249 3586 5308 quoque
3647 5234 3799 5301 valet,

2219 5315 2398 5371 exivit.

2837 5393 3061 5450 CAPUT
3098 5395 3188 5451 VI.

2290 5477 2584 5536 Enimvero
2623 5481 3096 5555 frequentantibus
3143 5485 3324 5542 locum
3367 5485 3637 5558 plebibus,
3694 5486 3800 5543 sive

2216 5566 2448 5626 inﬁrmis
2476 5571 2644 5629 variis
2671 5573 3028 5648 languoribus
3055 5575 3332 5648 oppressis
3362 5576 3652 5634 sanitatum
3686 5591 3799 5634 me-
