4086 6298
249 267 384 323 1021

1030 263 1125 320 DE
1170 258 1709 320 TRANSLATIONE
1764 260 1820 317 S.
1852 257 2214 318 VINCENTII
2249 259 2461 317 MART.
2503 291 2564 304 -
2591 261 2721 319 LIB.
2755 263 2823 318 II.

3421 267 3446 320 1
3456 266 3562 322 022

256 390 437 445 delam
467 388 875 462 exquirentibus
897 430 911 456 ,
959 403 992 442 a
1035 387 1313 444 Cerdaniaa
1361 388 1603 460 partibus
1641 385 1858 459 quidam
1887 385 1943 446 A
1965 392 2081 442 ctos
2112 393 2166 441 et
2192 386 2331 442 volae
2360 387 2629 442 haerentes
2649 387 2876 458 habens,
2909 395 2967 444 ut
2997 402 3276 461 nunquam
3307 387 3563 460 explicari

259 479 559 541 venientes.
593 479 735 535 haud
767 478 930 550 longe
977 494 1008 532 a
1049 477 1380 533 monasterio
1421 477 1657 548 propriis
1698 476 1861 531 rebus

259 567 562 639 exspoliati,
610 567 739 623 nudi
787 567 855 624 ad
903 574 1152 623 sanctum
1195 566 1527 637 gemebundi
1558 565 1861 635 ﬂentesque

258 656 602 728 perveniunt.
651 657 760 711 Sed
801 656 1000 712 mirum
1047 656 1103 710 in
1144 656 1365 711 modum
1398 655 1570 726 gratia
1610 669 1860 724 supernae

257 746 452 802 accidit
481 745 769 819 mquitatis,
800 754 858 801 ut
886 746 1220 818 praedatores
1241 745 1500 800 aliorsum
1520 743 1712 815 fugere
1742 750 1860 798 ten-

259 844 450 904 tantes,
482 836 712 891 adversa
761 836 863 890 sibi
907 835 1243 906 protectione
1287 833 1610 889 mirabiliter
1666 833 1857 898 coacti,

259 941 382 981 cum
412 923 681 980 universis
726 941 844 997 quae
887 924 1242 991 abstulerant,
1293 925 1359 978 ad
1400 923 1649 979 eumdem
1678 922 1859 978 locum

258 1013 580 1070 festinanter
607 1015 948 1071 accederent.
973 1015 1043 1068 Et
1063 1030 1185 1069 sese
1217 1022 1405 1068 mutuo
1426 1013 1695 1068 intuentes
1726 1027 1859 1083 spo-

258 1103 480 1160 liatores
502 1119 569 1160 ac
597 1103 832 1175 spoliati,
884 1103 973 1158 isti
1021 1103 1229 1170 timere,
1272 1104 1329 1158 hi
1360 1117 1491 1159 vero
1535 1102 1704 1157 multo
1737 1117 1858 1156 am-

259 1193 402 1266 plius
459 1192 642 1247 mirari
696 1201 980 1264 creperum
1013 1209 1026 1248 :
1057 1193 1475 1263 volentibusque
1532 1191 1748 1262 populis
1805 1190 1860 1244 in

254 1298 378 1338 reos
425 1298 774 1354 consurgere,
829 1282 1103 1354 supplices
1147 1289 1427 1353 rogarunt,
1477 1298 1546 1335 ne
1596 1280 1726 1352 quid
1757 1279 1860 1334 sibi

255 1371 386 1426 mali
415 1372 485 1427 ob
516 1371 715 1427 Christi
736 1372 1014 1444 sanctique
1035 1372 1283 1443 martyris
1303 1387 1547 1426 amorem
1574 1369 1857 1425 inferrent.

261 1459 379 1531 Quo
406 1461 689 1533 impetrato
747 1461 926 1516 omnia
983 1461 1379 1516 restituerunt:
1412 1467 1465 1514 et
1514 1460 1688 1514 Deum
1730 1474 1856 1512 san-

258 1560 511 1624 ctumque
556 1550 838 1605 laudantes
881 1549 1207 1617 Vicentium,
1258 1550 1326 1604 ad
1378 1549 1600 1620 prepria
1657 1547 1863 1620 singuli

258 1640 521 1710 repedant
554 1658 566 1694 :
600 1639 690 1694 isti
719 1639 787 1694 de
807 1639 1061 1706 inventis,
1089 1639 1164 1692 illi
1196 1646 1375 1694 autem
1403 1639 1471 1694 de
1502 1637 1660 1693 venia
1691 1637 1863 1710 gratis

263 1729 526 1802 acquisita
549 1729 798 1799 jocundi.

866 1836 1091 1891 CAPUT
1131 1836 1244 1890 VII.

332 1928 448 1982 Nec
478 1925 689 1980 silentio
719 1926 1179 1996 praetereundum,
1204 1925 1349 1996 quod
1369 1924 1488 1995 pari
1509 1923 1864 1978 admiratione

263 2015 492 2088 dignum
522 2022 621 2070 est.
658 2013 896 2082 Quidam
919 2014 1058 2069 enim
1083 2031 1148 2069 ex
1175 2014 1488 2069 Camerensi
1508 2029 1673 2085 pago,
1699 2028 1868 2067 causa

262 2105 544 2172 orationis,
575 2103 834 2160 inclinato
860 2104 970 2173 jam
992 2105 1077 2159 die
1099 2104 1414 2169 adveniens,
1451 2103 1691 2157 lanceam
1712 2117 1867 2156 suam

261 2195 357 2250 uni
399 2195 676 2262 arborum,
735 2211 855 2264 qum
913 2202 1034 2248 sunt
1096 2201 1220 2248 ante
1279 2200 1592 2247 memorata:
1631 2191 1868 2246 basilicae

263 2284 578 2356 ingressum
633 2282 874 2350 (servato
940 2282 1220 2354 religionis
1295 2282 1566 2350 honore),
1626 2280 1867 2335 innixam

264 2373 506 2445 reliquit.
543 2373 783 2443 Cumque
815 2372 1103 2428 ecclesiam
1134 2372 1211 2427 sic
1243 2379 1556 2427 exarmatus
1585 2370 1863 2436 intrasset,

265 2470 318 2517 et
347 2461 578 2516 orationi
609 2461 802 2516 devote
833 2461 1124 2530 insisteret,
1161 2460 1244 2515 fur
1274 2460 1495 2532 quidam
1527 2461 1717 2514 lancea
1749 2459 1867 2528 ejus

264 2559 418 2622 rapta
449 2550 675 2625 aufugit,
709 2551 928 2606 domum
962 2567 1115 2604 suam
1144 2565 1253 2604 non
1287 2550 1448 2621 longe
1495 2549 1724 2620 positam
1765 2564 1867 2618 pe-

269 2648 410 2696 tens.
445 2641 552 2695 Sed
582 2649 763 2695 mente
790 2641 1163 2711 perturbatus,
1195 2639 1265 2694 ad
1294 2639 1539 2707 ejusdem
1571 2637 1672 2692 viri
1703 2646 1866 2710 tugu—

267 2729 428 2797 rium,
462 2730 613 2799 cujus
642 2737 756 2784 erat
803 2729 975 2795 hasta,
1025 2727 1167 2782 infra
1198 2727 1416 2799 triginta
1453 2726 1623 2782 ferme
1653 2726 1864 2796 leugas,

256 2818 486 2888 jejunio,
521 2833 585 2874 ac
615 2818 803 2872 itinere
834 2834 933 2888 per
962 2824 1129 2872 totam
1159 2824 1375 2872 noctem
1406 2815 1662 2886 fatigatus
1692 2816 1862 2870 deve-

266 2907 362 2962 nit.
398 2908 641 2978 Cumque
670 2907 858 2962 sitiens
908 2905 1184 2976 paululum
1233 2921 1388 2977 aquze
1416 2913 1641 2975 peteret,
1673 2904 1870 2959 mulier

266 2997 505 3067 agnitam
535 2996 712 3050 mariti
741 2997 953 3050 hastam
983 2995 1208 3065 recepit,
1248 3003 1301 3049 et
1341 2993 1445 3048 furi
1475 3001 1684 3048 reatum
1716 3010 1870 3047 suum

263 3084 538 3141 conﬁtenti
580 3086 842 3156 pepercit,
903 3101 1013 3139 non
1061 3085 1178 3139 sine
1239 3083 1597 3138 admiratione
1655 3083 1868 3138 virtutis

266 3175 437 3230 sancti
471 3175 734 3229 Vincentii
765 3175 855 3247 qui
885 3175 1160 3246 peregrini
1209 3173 1289 3227 sui
1319 3173 1567 3242 injuriam
1607 3189 1671 3227 eo
1701 3173 1865 3227 modo

263 3263 504 3338 reparari
534 3263 758 3320 curavit.

863 3353 1086 3408 CAPUT
1126 3352 1268 3407 VIII.

339 3443 793 3515 Quandoquidem
824 3443 892 3497 de
922 3458 1060 3496 nova
1109 3441 1282 3498 sancti
1314 3440 1581 3497 Vincentii
1611 3440 1789 3496 levitae
1817 3449 1870 3495 et

263 3535 520 3606 martyris
569 3533 888 3589 fabricanda
936 3532 1168 3587 ecclesia
1216 3531 1548 3586 mentionem
1598 3530 1866 3597 fecimus,

264 3639 562 3696 congruum
592 3631 674 3678 est
702 3622 828 3677 huic
871 3622 991 3677 loco
1041 3637 1240 3676 novum
1273 3620 1480 3675 referre
1519 3619 1864 3675 miraculum.

263 3713 347 3768 Ad
377 3714 516 3767 hanc
547 3713 690 3767 enim
719 3711 1177 3767 constructionem
1229 3709 1623 3766 confluentibus
1663 3709 1871 3780 pariter

261 3801 387 3873 plus
417 3817 580 3872 quam
627 3801 876 3857 ducentis
925 3801 1056 3856 viris
1104 3817 1229 3856 cum
1276 3799 1628 3867 muneribus,
1677 3807 1873 3869 praeter

264 3890 541 3956 mulieres,
577 3891 848 3960 parvulos,
887 3898 937 3944 et
969 3888 1234 3958 inﬁrmos,
1272 3890 1410 3944 inter
1453 3905 1588 3960 quos
1620 3887 1716 3942 fuit
1747 3888 1871 3960 qui-

265 3980 389 4035 dam
420 3996 596 4035 caecus
626 3980 897 4050 rebusque
929 3995 1138 4050 pauper
1170 3998 1182 4032 2
1220 3978 1310 4050 qui
1332 3995 1399 4032 ne
1431 3978 1486 4032 in
1508 3979 1680 4033 sancti
1708 3976 1874 4032 servi-

264 4069 340 4124 tio
370 4085 568 4124 vacuus
598 4077 901 4139 appareret,
949 4068 1186 4138 lapidem
1232 4084 1340 4122 non
1383 4083 1613 4137 parvum
1661 4066 1762 4119 sibi
1808 4083 1872 4120 ex

263 4158 453 4214 itinere
483 4174 514 4212 a
545 4159 770 4214 ductore
819 4158 938 4212 dari
987 4157 1252 4228 poposcit,
1303 4165 1460 4228 atque
1510 4155 1662 4209 illum
1695 4154 1873 4209 subito

265 4247 500 4302 levatum
549 4247 688 4302 collo
738 4247 1037 4317 supposuit.
1093 4247 1334 4318 Cumque
1367 4263 1398 4300 a
1447 4246 1605 4317 plebe
1637 4244 1875 4300 stultitim

267 4344 608 4407 argueretur,
644 4345 700 4390 ut
731 4337 823 4408 qui
844 4353 957 4391 rem
986 4337 1380 4407 impossibilem
1410 4344 1632 4406 propter
1660 4336 1874 4405 pondus

267 4434 573 4492 attentaret,
608 4426 842 4481 asseruit
873 4442 930 4480 se
961 4443 1239 4497 nunquam
1269 4426 1336 4479 ab
1383 4425 1618 4495 incoepto
1650 4425 1868 4496 quietu-

269 4531 410 4582 rum,
444 4516 618 4571 donec
647 4532 843 4570 munus
877 4515 1142 4585 assumpti
1173 4514 1368 4585 lapidis
1413 4515 1482 4568 ad
1529 4515 1655 4569 novi
1685 4513 1871 4584 templi

271 4605 328 4660 S.
363 4604 630 4660 Vincentii
660 4613 984 4660 structuram
1030 4604 1329 4659 detulisset.
1375 4605 1490 4659 Nec
1519 4620 1690 4670 mora,
1741 4603 1880 4658 inter

268 4695 389 4751 haec
419 4695 606 4761 verba,
643 4695 866 4765 depulsa
898 4693 1140 4750 caecitate
1172 4694 1354 4750 visum
1385 4693 1610 4765 recepit.

895 4830 1120 4885 CAPUT
1170 4830 1264 4884 IX.

347 4939 440 4994 Vir
471 4937 794 4994 venerabilis
833 4937 1123 5009 Helisagar
1155 4937 1369 4992 Tolosa)
1400 4935 1628 4991 civitatis
1661 4935 1879 5006 episco—

272 5045 394 5099 pus,
416 5027 499 5082 his
530 5027 725 5081 auditis
747 5026 1004 5081 virtutum
1029 5026 1223 5098 signis,
1242 5027 1366 5094 jure
1387 5025 1646 5096 pastorali
1676 5025 1878 5079 clerum

273 5117 641 5188 populumque
673 5119 921 5171 hortatus
971 5123 1072 5181 est,
1121 5124 1178 5170 ut
1225 5115 1314 5187 qui
1360 5115 1561 5170 vellent
1604 5115 1673 5169 ad
1705 5117 1881 5170 sancti

277 5205 531 5276 martyris
561 5205 862 5260 orationem
912 5221 1098 5260 secum
1143 5204 1224 5259 ire
1273 5211 1549 5275 pararent.
1600 5203 1706 5271 Qui
1753 5204 1880 5257 dum

277 5296 499 5350 decreto
523 5303 767 5365 tempore
797 5304 983 5364 pastor
1017 5295 1192 5349 bonus
1223 5293 1405 5348 ovium
1428 5293 1618 5348 turmis
1650 5293 1884 5348 circum-

277 5393 481 5455 septus,
526 5400 557 5438 a
603 5400 745 5439 nono
789 5383 950 5438 etiam
993 5383 1246 5438 milliario
1294 5383 1675 5449 discalceatus,
1709 5382 1884 5436 forma

273 5474 448 5529 factus
477 5473 653 5547 gregi,
690 5481 1009 5528 reverenter
1057 5473 1388 5538 advenisset,
1442 5472 1666 5544 quidam
1697 5488 1882 5526 eorum

275 5563 476 5640 digitos
505 5564 786 5635 utriusque
821 5579 1015 5620 manus
1035 5563 1104 5618 ab
1126 5563 1243 5635 ipsa
1269 5562 1547 5618 nativitate
1570 5561 1639 5618 ita
1661 5569 1882 5619 contra-

1964 491 2062 529 seu
2089 475 2306 530 extendi
2336 474 2600 542 valerent,
2641 484 2765 546 post
2794 478 3068 533 orationes
3096 486 3147 534 et
3168 478 3440 550 lacrymas
3471 492 3555 533 co-

1963 581 2078 620 ram
2100 573 2285 619 sancto
2306 571 2548 635 martyre
2570 563 2737 631 fusas,
2759 566 2926 620 sensit
2947 583 3042 622 eos
3059 566 3286 633 solutos,
3308 573 3566 621 manante

1963 662 2144 710 tamen
2175 654 2300 710 vivo
2330 669 2525 710 cruore
2559 669 2588 708 e
2619 653 2774 720 locis,
2809 655 3003 725 quibus
3032 655 3185 726 prius
3212 655 3562 710 inhaserant.

1964 742 2085 811 Quo
2115 743 2234 798 viso
2265 743 2556 813 episcopus
2588 750 2640 797 et
2671 743 2908 798 universi
2939 744 3030 815 qui
3058 759 3181 800 cum
3213 759 3278 799 eo
3305 751 3478 810 erant,
3510 743 3566 798 in

1961 832 2154 887 laudes
2192 832 2404 886 divinas
2442 839 2836 903 prorumpunt,
2879 832 3096 888 litanias
3119 874 3132 900 ,
3191 834 3452 904 hymnos,
3513 840 3568 887 et

1968 924 2034 977 Te
2071 924 2251 977 Deum
2291 921 2590 977 laudamus
2615 964 2627 987 ,
2683 920 2996 993 lacrymosa
3047 937 3182 978 voce
3218 921 3514 992 psallentes
3548 935 3561 975 :

1963 1011 2222 1082 ipsasque
2259 1025 2456 1065 manus
2495 1010 2761 1082 sanguine
2817 1010 2940 1067 litas
2972 1011 3086 1080 jam
3124 1009 3325 1084 gaudio
3361 1023 3564 1080 magno

1963 1100 2367 1156 deosculantes.

2595 1189 2819 1246 CAPUT
2856 1190 2928 1245 X.

2035 1277 2273 1346 Quidam
2311 1285 2601 1351 argentum
2633 1278 2735 1333 sibi
2780 1279 2850 1334 ad
2879 1278 3098 1350 aliquod
3139 1292 3279 1350 opus
3307 1291 3571 1335 necessa-

1963 1367 2106 1422 rium
2135 1367 2190 1421 in
2221 1367 2343 1421 sinu
2374 1367 2754 1423 absconderat.
2796 1366 2956 1436 Quod
2987 1367 3350 1424 inverecunde
3378 1366 3574 1423 mulier

1963 1457 2019 1510 in
2049 1455 2407 1512 latrocinandi
2454 1464 2566 1511 arte
2596 1457 2770 1527 perita
2799 1456 3045 1511 extraxit.
3085 1456 3193 1511 Sed
3231 1472 3424 1510 manus
3455 1455 3572 1524 ejus

1963 1545 2144 1616 ipsum
2183 1553 2471 1617 argentum
2512 1545 2797 1600 continens
2855 1545 3037 1601 statim
3084 1544 3338 1618 obriguit,
3399 1543 3475 1598 ita
3511 1550 3572 1597 ut

1966 1650 2088 1689 eam
2127 1650 2228 1690 nec
2259 1634 2484 1704 aperire,
2520 1651 2622 1690 nec
2654 1635 2723 1688 ad
2755 1652 2814 1690 se
2854 1634 3085 1706 (cunctis
3114 1633 3444 1703 videntibus)
3477 1647 3571 1688 re-

1881 1749 1936 1809 B
1966 1724 2167 1779 ducere
2197 1723 2419 1778 valeret.
2453 1724 2578 1794 Ipsa
2607 1740 2739 1779 vero
2770 1725 2840 1779 ad
2870 1723 3044 1780 sancti
3074 1722 3343 1779 Vincentii
3390 1736 3572 1778 sacras

1971 1812 2227 1884 reliquias
2257 1812 2598 1884 confugiens,
2635 1821 2687 1868 et
2731 1813 2934 1869 ibidem
2980 1828 3104 1870 cum
3132 1812 3391 1868 fratribus
3421 1810 3574 1865 aliis-

1968 1918 2072 1973 que
2125 1899 2378 1956 ﬁdelibus
2437 1902 2631 1957 devote
2662 1918 2869 1974 (orans,
2929 1910 3113 1959 curata
3151 1908 3261 1970 est,
3304 1915 3573 1972 manuque

1965 1991 2205 2046 relaxata
2233 1990 2468 2045 furatum
2498 1999 2787 2064 argentum
2826 1991 3076 2047 restituit.

2590 2107 2816 2163 CAPUT
2854 2108 2952 2162 XI.

2039 2195 2192 2250 Alius
2225 2211 2425 2252 caecam
2463 2196 2673 2251 habens
2721 2195 2884 2250 ﬁliam
2915 2213 2947 2252 a
2976 2195 3272 2263 nativitate,
3304 2211 3426 2251 eam
3453 2211 3576 2250 me-

1970 2285 2133 2340 dendi
2175 2284 2345 2340 fretus
2390 2284 2604 2351 fiducia,
2655 2285 2722 2339 ad
2763 2286 2939 2342 sancti
2990 2285 3258 2342 Vincentii
3300 2284 3578 2355 divulgata

1968 2373 2174 2445 passim
2203 2374 2501 2445 patrocinia
2545 2375 2814 2430 adducere
2865 2375 3072 2443 statuit,
3115 2383 3168 2429 et
3194 2374 3262 2428 ad
3292 2381 3574 2429 monaste-

1969 2464 2109 2518 rium
2147 2480 2318 2535 usque
2376 2463 2620 2530 veniens,
2666 2464 2757 2518 ubi
2796 2464 3062 2535 comperit
3120 2464 3299 2535 ipsum
3357 2477 3574 2518 sacrum

1970 2552 2686 2624 corpus,propter;timorem
2710 2568 3053 2625 paganorum
3081 2554 3534 2608 Nortmannorum
3556 2593 3571 2622 ,

1970 2643 2038 2696 ad
2087 2642 2434 2697 remotiorem
2492 2649 2544 2696 et
2598 2642 2852 2697 tutiorem
2907 2642 3088 2697 locum
3157 2646 3578 2712 transportatum

1971 2731 2158 2797 fuisse,
2191 2731 2435 2786 crebrius
2465 2731 2833 2804 ingemiscens
2863 2731 3078 2788 dicebat
3103 2749 3116 2786 :
3139 2731 3404 2786 Miserere
3421 2729 3578 2784 Chri-

1972 2829 2073 2887 ste,
2104 2820 2384 2885 miserere,
2419 2836 2451 2874 o
2474 2820 2786 2875 beatissime
2823 2819 3076 2876 Vincenti
3109 2838 3122 2875 :
3155 2819 3416 2874 miserere
3444 2816 3577 2872 mihi

1971 2910 2193 2977 misero,
2226 2910 2487 2964 miserere
2533 2909 2655 2964 huic
2705 2909 2829 2965 filia
2874 2925 3029 2965 meae.
3064 2909 3160 2963 His
3205 2909 3577 2979 lacrymarum

1973 2999 2218 3066 vocibus,
2252 3015 2482 3069 superna
2513 3000 2655 3070 (quae
2676 3014 2785 3053 non
2806 2998 3082 3069 dormitat)
3112 2999 3181 3053 ad
3209 2995 3579 3052 miserandum

1900 3088 2203 3173 Cexcitata
2260 3087 2566 3153 clementia,
2634 3087 2890 3141 continuo
2961 3085 3326 3173 obtinentibus
3391 3083 3580 3154 magni

1970 3176 2231 3248 agonistae
2278 3175 2534 3247 precibus
2579 3183 2630 3230 et
2679 3175 2784 3230 fide
2823 3175 3085 3246 parentis,
3132 3163 3316 3230 lumen
3344 3171 3579 3229 restituit

1970 3266 2164 3337 puellae
2178 3307 2190 3319 .

2578 3354 2802 3410 CAPUT
2840 3354 2966 3409 XII.

2041 3444 2394 3499 Nortmannis
2443 3451 2623 3499 autem
2669 3444 2786 3515 (qui
2832 3444 2900 3498 ad
2931 3443 3287 3499 obsidendam
3327 3444 3581 3500 Tolosam

1971 3537 2250 3604 venerant)
2281 3533 2686 3599 accedentibus,
2740 3533 2993 3588 monachi
3042 3541 3286 3588 sanctum
3315 3535 3583 3588 revehunt

1973 3638 2170 3693 corpus
2205 3639 2216 3677 :
2249 3623 2558 3695 dignisque,
2592 3638 2656 3676 eo
2706 3622 2760 3676 in
2791 3622 2913 3678 loco
2941 3622 3033 3678 ubi
3061 3622 3207 3694 prius
3233 3621 3426 3691 fuerat,
3457 3620 3579 3678 oﬂ'i-

1972 3713 2068 3768 ciis
2101 3712 2471 3767 venerandum
2498 3719 2784 3782 reponunt.

2570 3827 2798 3883 CAPUT
2835 3827 2985 3881 XIII.

2045 3918 2256 3972 Rursus
2285 3916 2468 3987 puella
2498 3918 2750 3987 quaedam
2780 3933 2812 3971 a
2841 3916 3115 3972 nativitate
3145 3932 3308 3984 caeca,
3356 3916 3580 3973 indubi-

1975 4016 2152 4062 tanter
2189 4008 2421 4061 credens
2474 4006 2776 4060 interventu
2829 4006 2963 4059 tanti
3022 4006 3273 4076 martyris
3321 4022 3381 4060 se
3417 4023 3584 4077 posse

1975 4097 2157 4150 lumen
2190 4095 2454 4164 recipere,
2491 4110 2738 4150 sororem
2769 4094 3002 4164 rogavit,
3027 4102 3084 4147 ut
3115 4094 3185 4148 ad
3208 4110 3332 4148 eum
3354 4103 3587 4165 quanto-

1976 4185 2091 4239 cius
2121 4185 2531 4254 perduceretur.
2589 4182 2724 4250 Quae
2756 4184 2886 4236 dum
2917 4182 3078 4236 simul
3106 4183 3446 4249 incederent,
3482 4199 3585 4238 au-

1976 4274 2189 4329 dierunt
2218 4273 2273 4327 in
2321 4281 2515 4327 terram
2561 4271 2751 4343 procul
2796 4280 3058 4326 remotam
3107 4271 3344 4326 delatum
3394 4271 3581 4328 fuisse.

1976 4364 2059 4417 Ad
2092 4379 2252 4434 quam
2301 4370 2522 4433 prOpter
2578 4361 2822 4434 rigorem
2871 4361 3066 4416 hiemis
3124 4369 3177 4416 et
3224 4377 3424 4432 aspera
3455 4363 3587 4435 juga

1902 4451 2244 4540 Dmontium
2311 4467 2422 4506 non
2477 4451 2721 4506 valentes
2777 4450 3083 4522 pervenire,
3144 4466 3286 4506 caeca
3341 4467 3588 4506 sororem

1983 4559 2139 4596 suam
2169 4543 2383 4596 hortata
2415 4548 2514 4604 est,
2547 4549 2604 4594 ut
2636 4557 2702 4595 ex
2735 4557 2860 4595 cera
2903 4555 3063 4612 quam
3097 4556 3280 4595 secum
3315 4540 3583 4606 tulerant,

1979 4632 2236 4688 candelas
2267 4629 2578 4696 conficeret,
2604 4646 2807 4701 easque
2829 4629 3020 4684 saltem
3043 4629 3112 4684 ad
3134 4629 3312 4684 locum
3333 4644 3439 4700 quo
3461 4645 3592 4683 san-

1981 4730 2125 4778 ctum
2159 4738 2356 4791 corpus
2389 4721 2442 4774 in
2472 4720 2664 4774 itinere
2691 4720 2758 4773 ad
2786 4719 3065 4774 modicum
3094 4726 3364 4789 pausarat,
3400 4718 3587 4773 defer-

1979 4819 2079 4866 ret.
2114 4811 2374 4865 Audierat
2404 4810 2549 4864 enim
2570 4809 2748 4863 locum
2778 4808 3055 4864 miraculis
3076 4807 3349 4863 celebrem
3385 4825 3397 4861 :
3428 4807 3500 4861 ita
3531 4815 3592 4862 ut

1981 4901 2139 4955 etiam
2197 4899 2450 4954 animalia
2489 4898 2695 4953 ratione
2741 4897 2982 4952 carentia
3039 4896 3192 4950 illum
3247 4895 3588 4969 contigentes

1981 4989 2181 5044 debilia
2212 4989 2582 5043 redderentur.
2621 4986 2776 5056 Quod
2799 5002 2924 5042 cum
2953 4984 3229 5052 fecissent,
3253 4993 3414 5057 atque
3446 5003 3506 5042 se
3525 4985 3591 5041 i1-

1981 5079 2051 5134 lic
2079 5078 2253 5132 ambae
2285 5086 2568 5148 gementes
2595 5075 3034 5146 prostravissent,
3087 5075 3206 5129 fusa
3247 5091 3433 5146 prece,
3470 5092 3590 5147 quae

1982 5168 2117 5223 lucis
2161 5169 2346 5222 nescia
2394 5174 2610 5221 venerat
2669 5165 2863 5219 mulier
2901 5163 3065 5236 coepit
3116 5164 3301 5220 dicere
3339 5181 3401 5221 se
3439 5165 3590 5221 clare

1986 5275 2214 5329 quisque
2244 5257 2471 5312 aderant
2502 5263 2694 5311 cuncta
2725 5254 2938 5309 videre.

2574 5380 2800 5435 CAPUT
2836 5379 2985 5434 XIV.

2056 5473 2115 5527 In
2146 5471 2339 5527 eodem
2387 5469 2629 5525 Albiensi
2660 5484 2801 5541 pago
2848 5468 2946 5524 fuit
2975 5468 3193 5541 quidam
3222 5467 3459 5539 piscator
3485 5481 3589 5522 no-

1983 5562 2128 5618 mine
2170 5560 2504 5631 Ubidandus,
2538 5559 2770 5634 quicum
2803 5559 3010 5617 videret
3041 5558 3218 5616 socios
3249 5571 3378 5613 suos
3403 5554 3587 5630 pisca-
