4086 6346
513 271 540 324 1
549 271 654 328 023

1443 262 1788 321 AIMOIN'US
1823 258 2209 320 MONACHUS
2241 259 2698 318 SANGERMAN.

3683 259 3826 316 1018

507 399 624 450 tum
651 397 970 466 purgantes,
1020 390 1078 447 in
1121 389 1350 462 praefato
1392 389 1514 447 loco
1563 405 1724 446 causa
1754 387 2117 446 venerationis

2232 403 2530 474 ecclesiam,
2563 411 2726 476 atque
2756 410 2905 460 retro
2933 402 3106 459 altaro
3142 402 3286 459 beati
3311 401 3585 459 Benedicti
3623 401 3832 472 (donec

513 481 737 552 morari,
771 497 865 538 eos
894 480 1212 552 increpabat
1241 479 1429 535 dicens
1463 495 1475 535 :
1508 479 1718 535 Vellem
1759 479 1982 534 arbores
2011 478 2116 533 hu-

509 569 600 640 jus
631 569 782 626 silvae
810 569 1096 625 universas
1127 567 1434 624 adoraretis
1463 583 1476 624 :
1507 567 1601 640 qui
1639 567 1880 623 omnium
1909 567 2121 638 plateas

513 657 727 715 viarum
753 658 1052 715 indiscreta
1099 657 1554 726 consideratione,
1604 656 1819 712 oratorii
1858 655 2122 727 religione

517 748 766 805 sacratis.
798 746 1011 817 Quibus
1039 747 1219 813 dictis,
1252 745 1395 802 illico
1422 746 1669 818 petulans
1699 761 1762 800 os
1791 745 1908 814 ejus
1935 744 1994 798 in
2021 761 2121 800 au-

517 852 637 893 rem
666 852 886 892 sursum
914 835 1268 901 convertitur,
1302 842 1463 908 atque
1508 834 1650 890 ultra
1680 850 1842 907 quam
1880 833 1987 890 dici
2015 849 2122 905 po-

519 931 624 981 test
671 931 1081 980 monstruosum
1120 921 1363 978 eﬂicitur.
1425 923 1685 995 Tuncque
1739 922 2010 994 paenitens
2054 922 2124 976 ad

517 1013 844 1086 pradictum
872 1012 1055 1068 locum
1083 1012 1322 1068 cucurrit
1351 1019 1574 1084 totoque
1606 1019 1863 1067 extensus
1891 1026 2122 1083 corpore

521 1118 582 1158 se
636 1100 1090 1158 contumeliosum
1147 1109 1201 1156 et
1253 1100 1633 1172 blaSphemum
1689 1099 1859 1155 fuisse
1905 1099 2122 1155 fatetur.

522 1189 734 1246 Deinde
763 1191 832 1246 ad
853 1189 1163 1260 ecclesiam,
1195 1189 1251 1244 in
1273 1205 1380 1262 qua
1399 1189 1568 1246 sancti
1599 1189 1778 1245 levita
1799 1195 1852 1243 et
1873 1189 2126 1261 martyris

522 1293 718 1351 corpus
749 1278 1118 1346 excolebatur,
1151 1278 1410 1334 velociter
1434 1278 1674 1350 perrexit
1703 1296 1716 1332 :
1751 1293 1976 1350 eamque
2008 1277 2125 1331 sin-

523 1367 668 1440 gulis
695 1367 846 1424 horis
873 1367 984 1424 diei
1012 1367 1100 1424 vel
1128 1367 1302 1423 noctis
1341 1365 1724 1438 frequentavit,
1755 1367 1932 1423 donec
1960 1381 2126 1422 sana-

523 1463 694 1512 retur.

1132 1545 1357 1601 CAPUT
1393 1545 1515 1601 XV.

593 1669 708 1726 Hac
737 1668 917 1742 itaque
946 1669 1066 1726 luce
1096 1669 1258 1742 longe
1287 1669 1503 1742 lateque
1533 1667 1744 1735 diffusa,
1780 1670 1944 1725 etiam
1973 1685 2002 1724 a
2032 1685 2127 1724 na-

2220 494 2338 564 ejus
2365 493 2628 566 templum
2658 492 3148 562 consummaretur)
3197 499 3512 564 posuerunt.
3544 491 3682 547 Post
3707 491 3830 546 hac

2219 582 2416 638 mulier
2441 582 2512 638 ab
2541 582 2701 638 annis
2728 582 2978 654 plurimis
3023 596 3171 638 caeca
3217 587 3414 637 conata
3442 589 3523 637 est
3549 593 3733 652 usque
3759 578 3831 634 ad

2220 671 2401 728 locum
2449 687 2556 743 quo
2607 679 2824 727 sanctus
2863 670 3083 741 jacebat
3127 669 3344 742 ingredi
3393 687 3406 724 :
3449 668 3547 725 sed
3603 666 3830 740 quidam

2221 761 2470 828 obvians,
2516 761 2660 816 hanc
2698 759 2929 832 repulit,
2997 767 3160 832 atque
3214 766 3512 816 retrorsum
3567 763 3830 814 mmstam

2223 849 2374 905 abire
2403 849 2602 922 coegit.
2654 849 2788 920 Quae
2835 849 3132 921 suspirans,
3181 864 3246 904 ac
3292 847 3363 904 ad
3405 847 3604 904 coelum
3634 843 3831 902 oculos

2223 937 2420 994 mentis
2451 937 2692 1012 erigens,
2725 939 2901 994 sancti
2941 937 3196 1010 martyris
3248 936 3352 992 sibi
3379 935 3670 1009 provenire
3702 949 3832 1006 sup-

2223 1027 2348 1099 plex
2377 1027 2570 1084 orabat
2600 1026 2872 1082 solatium.
2907 1027 3104 1098 Sicque
3133 1026 3274 1082 inter
3319 1026 3693 1098 lacrymarum
3723 1021 3832 1080 ﬂu-

2227 1116 2373 1173 mina
2401 1117 2699 1174 caacitatem
2729 1115 2952 1188 expulit.

2795 1223 3022 1280 CAPUT
3056 1222 3255 1279 XVIII.

2298 1313 2361 1368 In
2416 1313 2650 1384 quodam
2705 1313 2827 1368 loco
2877 1311 3055 1368 eidem
3093 1310 3346 1368 coenobio
3383 1308 3692 1380 'adjacenti,
3744 1308 3838 1382 qui

2226 1401 2498 1457 Waldarii
2527 1401 2666 1458 cella
2714 1409 3076 1474 nuncupatur,
3127 1402 3232 1457 hoc
3273 1399 3687 1456 memorandum
3719 1397 3837 1454 eni-

2229 1491 2328 1546 tuit
2358 1491 2570 1548 virtutis
2601 1491 2949 1562 praeconium.
2997 1491 3164 1546 Secus
3209 1490 3408 1546 etenim
3440 1489 3618 1561 ipsum
3648 1487 3835 1544 locum

2230 1579 2440 1635 diffusis
2495 1580 2722 1634 militum
2780 1580 2955 1652 copiis
2981 1623 2994 1648 ,
3054 1579 3301 1636 Monachi
3355 1577 3835 1651 Hermengaudum

2232 1670 2404 1726 Albia:
2460 1670 2722 1726 comitem
2775 1670 3022 1725 adierunt
3065 1687 3079 1723 :
3129 1676 3351 1724 orantes
3388 1677 3447 1724 ut
3483 1667 3553 1724 ab
3592 1665 3837 1723 hostium

523 1757 730 1815 tivitate
758 1759 976 1814 adducti
1003 1758 1134 1814 caeci
1162 1758 1624 1825 illuminabantur,
1651 1759 1832 1814 surdis
1871 1775 1934 1814 ac
1964 1758 2128 1813 mutis
2155 1749 2512 1816 Binvasione
2558 1776 2934 1833 equorumque
2978 1759 3297 1830 depastione
3343 1765 3458 1814 sata
3506 1755 3836 1814 condimine

527 1863 724 1902 sensus
752 1846 930 1903 oﬁicia
960 1847 1344 1914 reddebantur,
1378 1847 1559 1904 claudi
1589 1848 1940 1918 curabantur,
1975 1863 2134 1902 ener-

525 1935 750 2008 gumeni
779 1935 982 2009 fugatis
1013 1937 1352 1992 daemonibus
1373 1937 1800 2006 mundabuntur,
1827 1945 1879 1992 et
1909 1925 2133 1992 aliarum

527 2022 896 2080 infirmitatum
929 2041 1253 2098 quacunque
1279 2025 1530 2082 molestia
1575 2025 1858 2098 aggravati
1885 2041 2132 2096 praesen-

527 2119 609 2170 tes
639 2113 1004 2186 absentesque
1037 2115 1154 2169 sani
1182 2114 1570 2171 efﬁciebantur.
1616 2115 1770 2171 Unde
1799 2115 2133 2186 paupercula

525 2203 776 2276 quaedam
806 2219 838 2258 a
865 2203 1032 2258 multo
1061 2211 1304 2274 tempore
1333 2204 1627 2260 luminibus
1646 2204 1876 2276 privata,
1911 2219 2034 2260 eum
2064 2205 2135 2260 ad

527 2300 778 2348 sanctum
820 2301 1119 2364 martyrem
1166 2293 1478 2361 duceretur,
1531 2293 1587 2348 in
1642 2293 1825 2348 medio
1863 2293 2054 2349 itinere
2101 2309 2134 2348 a

527 2381 848 2438 ductoribus
886 2381 1046 2438 taedio
1086 2389 1138 2438 et
1176 2381 1366 2438 labore
1403 2381 1566 2438 fessis
1607 2383 1885 2446 derelicta,
1919 2383 2136 2454 rogavit

527 2469 819 2543 quemdam
851 2470 1166 2540 astantium,
1198 2478 1255 2526 ut
1303 2470 1494 2526 saltem
1524 2471 1784 2526 candelas
1812 2474 1948 2544 (suae
1978 2471 2133 2527 orbi-

525 2559 651 2615 tatis
679 2561 1024 2632 munuscula)
1040 2568 1162 2616 ante
1183 2560 1355 2617 sancti
1393 2560 1646 2632 martyris
1676 2561 1845 2616 altare
1873 2577 2134 2617 accensas

525 2647 768 2706 offerret.
803 2648 909 2718 Qui
939 2650 1067 2704 dum
1112 2665 1276 2704 manu
1319 2657 1545 2704 extensa
1579 2665 1671 2705 eas
1716 2650 1966 2720 accipere
1998 2650 2130 2718 vult,

527 2739 598 2794 ab
629 2737 748 2810 ipsa
777 2739 1005 2794 muliere
1033 2739 1290 2794 videntur
1314 2758 1326 2794 :
1352 2739 1751 2812 recollectoque
1780 2738 2004 2796 brachio
2019 2739 2135 2808 jam

525 2842 638 2884 non
665 2827 965 2896 ductorem,
999 2845 1100 2884 nec
1131 2845 1314 2883 earum
1344 2828 1574 2884 latorem
1605 2829 1793 2900 quaerit
1827 2845 1839 2884 :
1871 2829 1967 2884 sed
1999 2829 2135 2883 hila-

527 2915 608 2970 ris
637 2915 788 2972 etde
831 2917 919 2972 die
963 2915 1018 2970 in
1053 2917 1212 2972 .diem
1259 2917 1458 2972 clarius
1506 2918 1714 2986 videns,
1765 2918 1867 2974 iter
1897 2925 2136 2988 coeptum

533 3003 694 3060 etiam
723 3004 1020 3076 plerosque
1047 3013 1411 3071 antevertens,
1445 3005 1650 3078 perficit
1687 3023 1700 3062 :
1733 3015 1786 3062 et
1815 3007 2034 3062 tandem
2065 3006 2136 3062 ad

2233 1867 2344 1906 sua
2373 1857 2705 1922 protegeret.
2754 1850 2897 1904 Nam
2943 1849 2996 1904 in
3045 1849 3149 1902 illis
3180 1847 3426 1920 partibus
3453 1861 3702 1918 pepauca
3733 1861 3836 1900 ex-

2233 1947 2376 1994 stant
2405 1947 2579 2010 prata.
2611 1937 2717 2007 Qui
2747 1946 2980 2010 quatuor
3006 1937 3178 2008 pallas
3217 1936 3465 1993 ecclesiae
3494 1934 3665 1990 sancti
3698 1933 3836 1988 Vin-

2233 2028 2394 2083 centii
2426 2044 2456 2082 a
2491 2027 2821 2098 pauperibus
2847 2026 3184 2082 mulierculis
3213 2026 3424 2082 oblatas
3452 2023 3714 2096 precepit
3741 2039 3837 2077 as-

2233 2117 2393 2182 sumi,
2427 2117 2728 2172 et-totidem
2778 2115 2982 2171 baculis
3029 2115 3248 2186 perticis
3295 2113 3526 2185 alligari,
3576 2119 3740 2184 atque
3783 2110 3841 2166 in

2235 2205 2463 2262 circuitu
2510 2205 2754 2260 florentis
2793 2205 2910 2278 agri
2948 2204 3116 2278 affigi,
3169 2211 3432 2277 quatenus
3479 2217 3547 2257 eo
3588 2201 3753 2272 signo
3803 2216 3838 2254 a

2231 2295 2430 2349 messis
2488 2294 2794 2365 direptione
2848 2295 3034 2350 hostes
3087 2299 3468 2365 temperarent.
3531 2290 3643 2346 Sed
3692 2305 3834 2344 unus

2233 2399 2424 2438 eorum
2481 2383 2588 2438 tale
2637 2383 2852 2454 signum
2893 2381 3220 2454 despiciens,
3261 2381 3463 2454 pallam
3515 2395 3682 2436 unam
3709 2394 3835 2449 cum

2232 2472 2426 2528 baculo
2490 2473 2547 2526 in
2583 2481 2784 2527 terram
2821 2473 3088 2539 excussit,
3130 2480 3182 2528 et
3221 2473 3287 2526 ab
3340 2487 3480 2542 equo
3535 2473 3725 2541 (quem
3780 2468 3836 2522 in

2231 2561 2352 2632 ipsa
2405 2569 2520 2616 sata
2583 2561 2838 2617 inducere
2903 2561 3194 2631 nitebatur)
3258 2560 3432 2616 versis
3484 2558 3730 2614 calcibus
3780 2557 3836 2611 in

2233 2650 2412 2706 fronte
2439 2666 2752 2722 percussus,
2789 2650 3040 2721 spiritum
3069 2649 3354 2706 exhalavit.
3405 2647 3528 2716 Quo
3567 2646 3756 2702 audito
3785 2652 3838 2700 et

2231 2756 2332 2811 per
2356 2741 2543 2795 hostes
2573 2738 2868 2804 diﬁ'amato,
2919 2739 3084 2795 timor
3111 2739 3397 2796 universos
3425 2737 3636 2793 invadit
3669 2777 3685 2806 ,
3716 2734 3834 2790 evi-

2233 2829 2479 2900 densque
2520 2829 2621 2884 Dei
2653 2829 2913 2898 judicium
2969 2844 3031 2884 ac
3070 2829 3242 2884 sancti
3279 2826 3534 2900 martyris
3582 2824 3836 2880 meritum

2233 2917 2436 2990 ubique
2465 2918 2654 2974 valens
2684 2919 3008 2989 praedicatur
3035 2934 3066 2972 a
3095 2917 3322 2974 cunctis.

2830 3025 3054 3081 CAPUT
3091 3025 3242 3080 XIX.

525 3095 836 3186 ἤθρυξρτιιζῑι
865 3094 1008 3150 beati
1037 3095 1306 3186 νίηςεηιίί
1334 3097 1599 3186 Ρεῗΐνθηίῑ·
1634 3095 2013 3186 Πβίίεεηάθξίδ
2041 3112 2132 3150 επ-
2163 3113 2213 3179 C
2305 3113 2440 3169 Huic
2469 3111 2612 3170 facto
2641 3114 3034 3186 propemodum
3075 3113 3250 3169 simile
3279 3122 3362 3170 est
3393 3113 3538 3186 quod
3569 3113 3831 3186 sequitur.

524 3167 802 3248 dentibus:
832 3199 942 3239 non
969 3201 1070 3256 per
1097 3184 1280 3253 alium,
1315 3185 1412 3240 sed
1451 3201 1552 3256 per
1578 3201 1637 3240 se
1669 3185 1885 3252 oblatis,
1916 3185 2132 3256 plenam

527 3271 812 3328 oculorum
839 3273 1013 3330 aciem
1043 3273 1266 3344 recepit.

1112 3407 1338 3463 CAPUT
1375 3407 1522 3463 XVI.

598 3512 736 3571 Huic
764 3513 940 3570 simile
970 3521 1054 3569 est
1083 3514 1402 3570 miraculum
1432 3514 1489 3568 in
1518 3513 1812 3570 Rotenensi
1843 3528 2002 3585 pago,
2029 3512 2122 3585 qui

523 3602 689 3678 vulgo
718 3602 1021 3675 Rodinigus
1049 3603 1372 3674 appellatur,
1405 3611 1692 3674 patratum.
1721 3601 1950 3672 Quidam
1982 3617 2118 3659 con-

525 3700 728 3749 tractus
755 3692 990 3766 genibus
1011 3709 1133 3748 cum
1153 3693 1223 3747 ad
1251 3699 1498 3748 sanctum
1523 3692 1865 3749 Vincentium
1894 3693 2134 3748 adduce-

527 3789 692 3851 retur,
724 3796 758 3836 ο,
785 3781 897 3836 suis
923 3781 1242 3837 ductoribus
1272 3781 1506 3854 ignavis,
1540 3782 1715 3856 pigris
1744 3791 1798 3838 et
1828 3781 2136 3836 inhumanis

531 3869 589 3928 in
617 3869 801 3926 medio
829 3869 1022 3926 itinere
1053 3869 1203 3926 solus
1235 3879 1286 3926 et
1329 3871 1549 3942 plorans
1577 3871 1872 3927 derelictus
1903 3880 2002 3928 est.
2029 3872 2137 3927 Sed

536 3958 663 4032 quia
690 3957 954 4016 Dominus
999 3959 1068 4016 de
1113 3976 1458 4034 quacumque
1498 3960 1839 4017 necessitatis
1885 3961 2138 4034 angustia

525 4048 595 4104 ad
625 4065 686 4105 se
715 4049 1064 4106 clamantium
1087 4066 1281 4122 preces
1301 4051 1730 4107 misericorditer
1748 4050 2005 4106 exaudire
2027 4066 2136 4107 non

525 4145 722 4205 cessat,
761 4139 1032 4211 extemplo
1060 4139 1356 4196 miseratur
1388 4141 1670 4209 miserum,
1695 4157 1755 4196 ac
1777 4139 1983 4196 caelesti
2012 4157 2136 4212 per-

526 4227 708 4284 fusum
735 4227 1114 4295 medicamine,
1133 4229 1410 4299 jacentem
1432 4230 1666 4286 debilem
1699 4230 1824 4286 facit
1855 4237 2092 4285 erectum
2119 4248 2132 4285 :

527 4318 668 4374 adeo
697 4323 756 4372 ut
781 4318 1002 4391 magnis
1040 4319 1297 4388 passibus
1343 4319 1618 4392 gradiens,
1669 4335 1796 4375 suos
1827 4320 2137 4375 desertores

527 4422 656 4465 mox
684 4414 1084 4478 assequeretur.
1115 4407 1196 4461 111i
1227 4415 1408 4462 autem
1434 4415 1586 4463 tanto
1617 4408 1878 4464 miraculo
1899 4409 2130 4478 attoniti,

2236 3205 2379 3260 Nam
2407 3204 2607 3260 domno
2639 3203 2888 3260 Alberico
2927 3205 3191 3260 monacho
3234 3219 3357 3260 cum
3404 3202 3569 3258 fratre
3599 3203 3754 3258 Helia
3783 3201 3837 3258 in

2235 3309 2439 3368 pagum
2486 3293 2878 3366 lmpuriensem
2936 3293 3212 3365 profecto,
3253 3301 3413 3366 atque
3451 3293 3506 3347 in
3562 3293 3690 3348 villa
3729 3307 3836 3347 sua

2239 3383 2592 3453 obedientize,
2637 3399 2758 3456 quae
2797 3383 3106 3440 Garriculas
3170 3391 3545 3454 nuncupatur,
3589 3396 3836 3438 commo-

2237 3481 2411 3543 rante,
2454 3482 2878 3544 supervenerunt
2906 3474 3112 3543 hostes,
3159 3472 3250 3545 qui
3279 3488 3484 3545 pagum
3525 3471 3834 3544 villamque,

2237 3561 2442 3618 nemini
2469 3570 2779 3633 parcentes,
2813 3562 3121 3634 depopulati
3153 3569 3292 3618 sunt.
3331 3561 3636 3632 Quinetiam
3667 3573 3834 3632 equos

2238 3651 2406 3724 ipsius
2446 3652 2687 3708 Alberici
2724 3652 3088 3719 abduxerunt,
3121 3667 3222 3708 nec
3259 3651 3549 3722 impetrare
3579 3649 3755 3721 potuit
3782 3654 3838 3703 ut

2239 3737 2430 3793 saltem
2458 3755 2596 3792 unus
2641 3738 2826 3809 (quem
2847 3737 3202 3794 robustiorem
3232 3735 3478 3809 noverat)
3499 3736 3834 3792 redderetur.

2239 3828 2347 3882 Sed
2395 3827 2623 3898 ipsemet
2673 3844 2844 3900 equus
2891 3828 2981 3900 qui
3025 3827 3413 3898 postulabatur,
3448 3825 3606 3899 quasi
3642 3824 3835 3880 vindex

2237 3915 2469 3988 duplicis
2497 3917 2708 3986 injuria:
2740 3918 2948 3988 (raptus
2985 3917 3224 3989 inquam,
3271 3925 3322 3971 et
3361 3917 3522 3986 justas
3551 3914 3833 3986 repetitio-

2235 4005 2364 4076 nis),
2398 4014 2676 4077 raptorem
2705 4006 2946 4062 calcibus
2993 4006 3048 4060 in
3085 4007 3230 4062 nudo
3276 4005 3451 4076 capite
3477 4019 3834 4075 percussum,

2235 4095 2396 4151 morti
2425 4095 2660 4151 tradidit.
2694 4094 2814 4164 Quo
2855 4095 2994 4152 facto
3023 4095 3318 4168 iniquitatis
3363 4093 3497 4150 socii
3525 4091 3832 4166 perterriti,

2233 4202 2344 4242 non
2375 4185 2550 4240 solum
2581 4201 2772 4258 equos,
2823 4201 3010 4242 verum
3059 4185 3221 4240 etiam
3269 4183 3524 4257 quicquid
3561 4182 3620 4239 in
3649 4181 3834 4239 eadem

2233 4275 2363 4332 villa
2391 4283 2698 4348 rapuerant,
2733 4274 3104 4348 relinquentes
3133 4273 3478 4350 aufugerunt.

2835 4400 3060 4457 CAPUT
3107 4400 3236 4455 XX.

526 4496 740 4568 seipsos
767 4511 1028 4552 accusare
1067 4495 1529 4566 vehementerque
1577 4497 1911 4570 redarguere
1941 4514 2128 4570 caepe-
2158 4487 2212 4548 D
2308 4499 2556 4572 Sequens
2588 4497 2895 4569 exemplum
2915 4498 2983 4554 de
3013 4506 3162 4555 muto
3192 4505 3246 4554 et
3265 4497 3432 4554 surdo
3461 4504 3651 4554 curato
3679 4496 3834 4552 ﬁnem

526 4593 671 4652 runt,
723 4585 868 4656 quod
912 4583 1150 4640 caelestis
1197 4583 1422 4638 remedii
1472 4585 1735 4641 beneﬁcio
1781 4587 2024 4660 dignum,
2059 4588 2134 4643 ita

525 4673 672 4750 pigri
701 4673 1164 4744 inclementesque
1195 4672 1588 4729 deseruissent.

1117 4813 1340 4871 CAPUT
1377 4815 1548 4870 XVII.

598 4931 946 4987 Consuetudo
966 4929 1046 5002 (ut
1069 4928 1436 5002 meminimus)
1461 4929 1697 5002 praefatae
1743 4931 2131 5004 congregatio-

529 5019 616 5075 nis
654 5018 773 5086 fuit,
822 5027 881 5074 ut
918 5018 1132 5074 feminae
1179 5035 1369 5075 omnes
1417 5020 1484 5075 ab
1531 5021 1781 5092 ingressu
1819 5022 2132 5078 monasterii

531 5114 862 5166 arcerentur.
897 5107 1104 5164 Idcirco
1133 5108 1380 5179 ejusdem
1409 5109 1645 5165 coenobii
1671 5109 1865 5166 fratres
1896 5112 2132 5182 pruden-

527 5205 611 5254 ter
645 5197 1014 5270 providerant,
1047 5205 1104 5254 ut
1134 5213 1336 5270 corpus
1363 5199 1508 5254 beati
1556 5199 1819 5255 Vincentii
1866 5199 2042 5256 levita
2081 5209 2134 5256 et

529 5285 786 5360 martyris
813 5287 868 5342 in
895 5287 1116 5346 basilica
1145 5288 1246 5344 Dei
1271 5288 1548 5362 genitricis
1589 5290 1772 5344 Mariae
1803 5297 2128 5360 poneretur,

530 5378 601 5434 ad
648 5393 811 5451 quam
865 5377 1006 5434 liber
1051 5386 1165 5434 erat
1209 5379 1498 5434 mulierum
1545 5394 1818 5434 accessus.
1875 5381 1944 5434 At
1999 5395 2132 5437 vero

531 5483 792 5526 successu
838 5467 1100 5540 temporis
1123 5511 1137 5536 ,
1197 5476 1466 5524 conventu
1518 5468 1829 5538 hujusmodi
1866 5485 1963 5540 per
2013 5469 2132 5525 dies

527 5574 781 5624 cessante
804 5611 820 5637 ,
866 5565 1159 5624 intulerunt
1202 5567 1332 5623 illuc
1383 5567 1438 5622 in
1496 5567 1767 5626 seniorem
1814 5566 2129 5624 monasterii

2233 4587 2496 4660 imponet.
2523 4587 2798 4660 Georgius
2818 4587 3040 4660 quidam
3061 4587 3144 4643 vir
3163 4587 3370 4644 illuster
3390 4603 3611 4642 servum
3636 4595 3834 4642 mutum

2232 4687 2287 4734 et
2342 4678 2568 4734 surdum
2604 4677 2788 4732 habuit
2839 4695 2852 4730 :
2903 4677 2995 4749 qui
3031 4693 3156 4732 cum
3194 4677 3266 4732 ad
3305 4676 3620 4748 sepulcrum
3671 4673 3834 4732 sancti

2233 4767 2504 4824 Vincentii
2531 4767 2709 4824 levitas
2739 4775 2793 4822 et
2830 4766 3088 4838 martyris
3120 4767 3426 4835 duceretur,
3473 4781 3578 4822 nec
3607 4764 3834 4836 amplius

2232 4872 2265 4912 a
2295 4856 2623 4912 monasterio
2663 4871 2825 4928 quam
2866 4855 3156 4912 duodecim
3202 4853 3376 4912 ferme
3403 4854 3645 4910 millibus
3667 4853 3831 4908 dista-

2233 4954 2332 5014 ret,
2365 4947 2530 5016 coepit
2558 4945 2726 5018 loqui,
2764 4946 3160 5018 loquentesque
3209 4945 3414 5017 absque
3448 4944 3830 5014 impedimento

2233 5036 2438 5092 audire.
2473 5035 2621 5090 Tunc
2647 5035 2877 5090 comites
2906 5033 3134 5108 rogavit,
3169 5043 3226 5090 ut
3247 5050 3374 5090 eum
3404 5033 3510 5090 cito
3531 5033 3603 5088 ad
3630 5031 3821 5096 locum,

2233 5127 2304 5182 ob
2353 5123 2670 5181 referendas
2713 5133 2902 5181 sancto
2948 5123 3168 5196 martyri
3211 5131 3398 5198 grates
3447 5122 3820 5194 perducerent.

2231 5214 2391 5285 Quod
2417 5222 2471 5270 et
2502 5213 2746 5271 fecerunt
2767 5215 2834 5270 ad
2852 5214 3082 5287 gloriam
3111 5221 3163 5270 et
3183 5213 3398 5268 laudem
3421 5212 3519 5268 Dei
3543 5220 3592 5268 et
3615 5207 3821 5266 Domini

2231 5304 2404 5360 nostri
2431 5305 2560 5360 Jesu
2591 5303 2808 5371 Christi,
2841 5303 2934 5375 qui
2965 5310 3180 5358 sanctos
3209 5317 3340 5358 suos
3371 5299 3610 5356 mirabili
3637 5306 3824 5371 poten-

2231 5395 2304 5450 tia
2333 5393 2535 5466 ubique
2573 5393 2898 5465 triumphare
2937 5391 3068 5449 facit
3105 5409 3118 5447 ε
3151 5392 3305 5462 cujus
3349 5392 3526 5446 honor
3569 5396 3622 5444 et
3659 5387 3826 5458 impe-

2229 5483 2368 5540 rium
2438 5483 2556 5540 sine
2621 5481 2727 5539 fine
2789 5490 3076 5554 permanet
3131 5483 3188 5541 in
3248 5479 3444 5541 saecula
3491 5477 3823 5536 seculorum.

2230 5575 2423 5630 Amen.
