4086 6292
247 295 273 348 1
283 295 390 351 025

915 291 1010 348 DE
1065 288 1605 349 TRANSLATIONE
1647 287 1704 346 S.
1736 287 2099 345 VINCENTII
2147 287 2359 344 MART.
2391 319 2460 328 —
2487 288 2616 344 LIB.
2649 289 2718 344 II.

3391 274 3538 350 'tozs

1263 581 1666 642 EPISTOLA
1734 579 2111 642 EJUSDEM
2179 579 2526 643 AIMOINI

1462 733 1547 775 AD
1575 732 1847 776 DOMNUM
1873 731 2318 793 THEOTGERUM,

1219 849 1540 926 Ejusdem
1581 851 2106 926 congregationis
2149 849 2562 914 monachum.

318 1089 627 1148 Levitarum
664 1088 942 1161 pracipuo
1007 1088 1208 1144 domno
1287 1090 1648 1156 Tnnorasno,
1691 1090 1845 1160 juxta
1872 1091 2270 1156 Amirandam,
2300 1088 2554 1161 prosaico
2581 1105 2745 1162 opere
2777 1090 3012 1163 expleto,
3044 1107 3133 1149 me
3182 1099 3362 1149 vestra
3407 1093 3546 1150 dile-

241 1195 538 1238 consonam
568 1178 651 1234 sui
681 1177 916 1234 nominis
947 1177 1336 1251 etymologiam
1386 1179 1562 1234 Deum
1607 1179 1841 1252 gerenti,

245 1271 544 1328 Aimoinus
567 1266 938 1324 comminister
969 1267 1196 1322 salutem
1226 1267 1374 1322 dicit.

315 1357 598 1415 Laudabili
626 1357 878 1414 charitati
905 1365 1120 1422 vestrae,
1161 1355 1237 1410 mi
1279 1355 1591 1412 dulcissime
1637 1357 1842 1412 Theot-

243 1465 392 1522 gere,
445 1446 711 1520 frequenti
759 1445 935 1502 studio
977 1445 1121 1502 circa
1167 1445 1274 1501 mei
1316 1461 1502 1502 curam
1549 1445 1838 1516 satagenti,

241 1537 298 1594 in
355 1537 606 1592 omnibus
649 1551 844 1606 parere
894 1535 1122 1590 devotus
1169 1534 1427 1604 existens,
1477 1535 1680 1590 inclino
1751 1551 1840 1590 me

246 1634 368 1682 tuus
399 1625 638 1682 camelus
668 1632 880 1695 sponte,
910 1623 980 1678 ad
1009 1623 1307 1694 injunctum
1335 1623 1468 1678 mihi
1497 1624 1594 1678 abs
1622 1631 1675 1679 te
1703 1639 1842 1679 onus

241 1715 546 1772 ferendum.
580 1714 716 1770 Rem
745 1712 1013 1784 siquidem
1042 1729 1238 1769 novam
1264 1721 1316 1769 et
1339 1729 1438 1784 pro
1469 1713 1549 1768 sui
1579 1712 1844 1769 brevitate

1945 1179 2054 1235 ctio
2092 1179 2161 1234 de
2198 1179 2433 1234 adventu
2490 1179 2628 1234 beati
2687 1179 2866 1236 levitas
2919 1187 2973 1236 et
3027 1181 3280 1254 martyris
3349 1181 3550 1238 Christi

1943 1267 2213 1324 Vincentii
2243 1267 2422 1324 facere
2450 1267 2598 1340 cogit
2625 1269 2876 1339 geminos
2905 1285 3094 1325 rursus
3124 1269 3373 1326 libellos:
3411 1287 3552 1344 quos

1944 1357 2192 1430 singulos
2223 1357 2446 1412 tricenis
2475 1357 2640 1412 modo
2669 1358 2918 1413 versibus
2947 1358 3217 1425 claudam,
3248 1375 3349 1430 per
3375 1359 3550 1417 denos

1943 1447 2102 1500 etiam
2129 1446 2321 1516 positis
2349 1447 2405 1500 in
2432 1462 2760 1518 unoquoque
2791 1447 3059 1518 capitulis.
3106 1448 3261 1504 Unde
3319 1449 3548 1505 consul-

1942 1535 2045 1590 tius
2075 1535 2220 1608 eligo
2249 1535 2416 1591 veluti
2445 1552 2636 1590 recens
2691 1537 2926 1607 scriptor
2981 1537 3174 1604 videri,
3236 1553 3401 1610 quam
3457 1555 3548 1596 me

1945 1632 2127 1680 vestro
2157 1625 2350 1694 amori,
2385 1625 2518 1679 mihi
2547 1625 2710 1681 melle
2741 1625 2994 1693 dulciori,
3026 1626 3216 1700 quavis
3261 1627 3548 1684 occasione

1945 1713 2056 1768 ullo
2083 1713 2248 1769 modo
2302 1713 2588 1770 absentari.

1573 1865 1828 1938 Explicit
1885 1865 2156 1937 Epistola.

1382 2093 1698 2154 INCIPIT
1755 2095 2008 2155 LIBER
2061 2095 2406 2172 PRIMUS,

1531 2230 1778 2290 Habens
1845 2248 2064 2290 versus

244 2361 376 2418 CAP.
411 2363 451 2417 Ι.
487 2362 638 2431 Quod
653 2361 942 2417 Audaldus
971 2361 1300 2432 Hispaniam
1347 2360 1690 2432 aggrediens,
1734 2363 1833 2419 Va-

633 2434 870 2489 lentiam
899 2449 1070 2504 usque
1110 2434 1452 2504 pervenerit.

245 2539 334 2596 Bis
363 2539 794 2612 quadringentis,
821 2539 1006 2594 decies
1037 2538 1325 2610 quinisque
1371 2538 1584 2608 volutis,

249 2628 510 2698 Quattuor
536 2628 700 2699 inque
729 2644 892 2699 super
921 2627 1074 2684 ciclis
1104 2643 1136 2682 a
1165 2628 1403 2698 praesule
1450 2627 1666 2682 Christo

245 2717 506 2790 Virginea
538 2733 863 2789 semperque
894 2733 1052 2772 sacro
1082 2717 1150 2772 de
1197 2717 1446 2788 germine
1491 2724 1636 2786 nato,

247 2807 526 2863 Audaldus
554 2805 729 2862 fuerat
759 2806 850 2861 tali
878 2807 946 2861 de
977 2805 1196 2862 nomine
1230 2813 1390 2861 notus

247 2896 310 2951 In
338 2896 531 2952 Castro
560 2896 863 2952 monachus
891 2895 1166 2951 communi
1193 2895 1317 2968 lege
1349 2894 1610 2966 probatus
1640 2912 1654 2948 :

247 2986 422 3058 Atque
449 3001 604 3040 sacer
633 2985 806 3040 sancti
836 2993 1056 3058 gestans
1088 2983 1319 3039 Aaronis
1349 2984 1633 3040 honorem.

246 3075 348 3130 Hic
377 3089 484 3130 uno
513 3072 706 3131 comite
737 3083 1019 3146 assumpto
1046 3089 1342 3146 perpessus
1374 3089 1560 3128 amara

245 3162 436 3230 Plura;
471 3163 568 3219 sed
597 3163 654 3218 in
681 3163 870 3219 dulces
900 3172 1222 3219 convertens
1269 3169 1464 3218 cuncta
1521 3177 1770 3232 sapores,

247 3251 443 3308 [nstitit
471 3251 730 3308 audacter
759 3251 1084 3324 quandoque
1116 3251 1367 3308 Valentia
1387 3251 1564 3307 civem

248 3340 370 3412 Quo
399 3357 459 3398 se
488 3341 789 3414 susciperet
815 3341 1107 3413 peregrino
1137 3338 1352 3396 functus
1399 3355 1598 3412 agone.

249 3466 382 3524 CAP.
415 3467 483 3522 ΙΙ.
519 3466 669 3536 Quod
690 3467 977 3523 Zachariae
1007 3466 1197 3522 Mauro
1226 3483 1395 3522 suum
1417 3465 1642 3520 detemit
1673 3479 1851 3520 secre-

397 3542 560 3606 tum;
585 3542 642 3594 et
669 3539 934 3612 quomodo
963 3538 1160 3594 Sancti
1187 3539 1398 3608 reperit
1427 3537 1774 3607 sepulcrum.

253 3643 414 3714 Quod
438 3643 644 3701 faceret
669 3645 842 3700 Mauri
871 3643 1146 3700 Zacharim
1175 3643 1426 3700 culminis
1457 3643 1680 3714 hospes,

249 3734 503 3790 Denudat
533 3743 742 3790 secreta
770 3733 854 3788 sui
877 3733 990 3802 jam
1017 3733 1254 3805 pectoris
1283 3732 1378 3788 olli
1417 3749 1433 3788 :

251 3822 416 3879 Esset
443 3822 694 3895 quodque
723 3823 824 3878 Dei
853 3821 1032 3880 levita
1059 3823 1317 3894 martyris
1365 3829 1528 3894 atque

249 3911 516 3970 Vincentii
542 3912 832 3984 Hispanias
863 3911 981 3969 solo
1009 3913 1270 3984 delapsus
1307 3927 1496 3968 amore
1531 3929 1544 3966 :

2131 2247 2285 2290 XXX.

1937 2362 2075 2416 Hinc
2120 2361 2378 2432 precibus
2426 2360 2642 2416 blandis
2671 2360 2912 2417 animum
2961 2368 3310 2434 mentemque
3343 2361 3548 2419 relam-

1938 2451 2208 2505 Mercator
2237 2451 2481 2504 Maurum
2513 2450 2696 2521 cupidi
2727 2449 2962 2505 nummis
2991 2451 3224 2522 argenti.
3260 2450 3439 2524 [bens,

1939 2539 2188 2611 Denique
2219 2547 2510 2611 surgentes
2539 2539 2876 2594 monumenti
2905 2548 3056 2611 septa
3095 2539 3399 2612 requirunt,

1875 2615 1930 2675 Β
1952 2627 2086 2698 Quae
2114 2627 2397 2682 manifesta
2426 2627 2597 2683 nitent
2627 2628 2778 2683 titulo
2809 2629 2914 2685 hoc
2941 2647 2954 2682 :
2990 2627 3307 2685 Vincentius
3335 2628 3458 2686 istic

1945 2717 2191 2788 Martyrii
2221 2717 2382 2772 levita
2401 2717 2544 2787 jacet
2573 2717 2830 2774 fundatus
2858 2718 3088 2774 honore.

1945 2806 2182 2862 Nomina
2207 2823 2442 2879 namque
2472 2823 2649 2880 genus
2679 2807 2974 2882 signabant
3003 2808 3204 2880 scripta
3246 2816 3552 2881 parentum.

1949 2925 2083 2982 CAP.
2117 2927 2210 3002 III.
2247 2926 2522 3002 Quomodo
2543 2928 2644 2983 sub
2663 2931 2844 3002 nocte
2857 2928 2930 2983 ad
2948 2932 3386 3002 monumentum
3406 2929 3560 3002 pari-

2133 3001 2217 3052 ter
2245 2999 2504 3069 regressi,
2527 3003 2796 3055 sanctum
2827 3000 3139 3056 levaverint
3155 3015 3376 3072 corpus.

1949 3104 2046 3158 His
2078 3103 2246 3176 igitur
2275 3104 2454 3160 causis
2484 3104 2769 3178 signorum
2799 3114 2958 3162 nocte
2981 3105 3196 3175 revisis,

1951 3194 2168 3248 Viribus
2199 3193 2454 3248 admissis
2487 3193 2716 3264 fodiunt,
2751 3195 3103 3268 tumbamque
3133 3195 3442 3252 recludunt.

1947 3282 2308 3355 Educuntque
2339 3299 2554 3338 sacrum
2584 3299 2785 3356 corpus
2813 3284 3107 3342 famulante
3133 3285 3381 3354 lucerna,

1949 3371 2137 3427 Indice
2167 3371 2378 3428 caelesti
2405 3371 2536 3429 facti
2563 3373 2850 3429 dulcedine
2897 3374 3029 3431 veri.

1951 3459 2086 3530 Quae
2115 3477 2282 3532 super
2311 3477 2636 3518 excrescens
2665 3471 2911 3518 aromata
2939 3471 3132 3518 cuncta
3161 3463 3398 3520 subibat.

1952 3551 2196 3622 Cumque
2224 3549 2477 3621 ligaturis
2505 3551 2732 3622 expletis
2763 3551 2848 3606 his
2877 3567 3015 3623 Opus
3042 3560 3204 3622 esset,

1950 3639 2128 3696 Utitur
2153 3639 2436 3694 Audaldus
2467 3647 2590 3696 suta
2617 3641 2846 3697 sindone
2874 3641 3101 3697 cuculla.

1950 3729 2081 3784 Inde
2111 3728 2333 3784 domum
2361 3728 2470 3786 laeti
2499 3729 2732 3786 redeunt
2761 3729 3068 3786 lucentibus
3105 3729 3294 3799 astris,

1949 3818 2200 3876 Audaldo
2230 3825 2576 3890 exspectante
2605 3819 2751 3876 diem
2779 3819 3013 3892 patriam
3044 3819 3346 3892 repetendi,

1955 3906 2116 3977 Quod
2145 3907 2338 3964 hilaris
2369 3908 2497 3966 fecit
2527 3917 2718 3966 nactus
2746 3918 2870 3982 post
2899 3918 3115 3983 tempus
3157 3908 3413 3966 amicum.

1539 4061 1794 4134 Explicit
1851 4060 1990 4116 liber
2055 4061 2298 4132 primus.

1357 4269 1674 4332 INCIPIT
1701 4269 1955 4330 LIBER
2009 4267 2465 4346 SECUNDUS,

1459 4403 1738 4467 Totidem
1763 4403 2073 4466 continens
2099 4417 2338 4466 versus.

258 4572 393 4628 CAP.
425 4571 468 4628 Ι.
503 4568 656 4640 Quod
675 4571 942 4626 sanctum
988 4582 1191 4642 corpus
1223 4563 1294 4624 ad
1371 4567 1632 4624 Castrum
1658 4585 1788 4642 per-

527 4639 778 4705 veniens.
819 4639 1122 4709 honoriﬁce
1143 4641 1222 4696 sit
1258 4643 1604 4713 susceptum.

259 4751 446 4808 Cesar
471 4749 530 4804 in
556 4751 803 4823 Augusta
831 4747 1075 4804 Senioris
1101 4747 1290 4802 fraude
1335 4747 1545 4816 relicta,

259 4839 498 4896 Omissis
526 4855 741 4896 necnon
769 4837 907 4905 aliis,
940 4837 1012 4894 ob
1043 4836 1227 4892 dicere
1256 4837 1500 4910 longum,

260 4929 345 4984 Ad
374 4928 644 4994 Castrum,
677 4927 876 4983 bellam
905 4925 1079 4998 patris
1109 4925 1308 4981 cellam
1346 4925 1645 4993 Benedicti,

260 5017 547 5074 Perveniat
576 5015 776 5072 Christi
801 5023 1008 5086 martyr
1035 5014 1305 5086 levitaque
1335 5021 1574 5070 sanctus.

266 5106 434 5174 Cujus
463 5105 518 5160 in
547 5105 785 5161 adventu
814 5103 1011 5158 fuerint
1041 5119 1162 5176 quae
1189 5100 1410 5176 gaudia,
1441 5101 1624 5158 nullus

263 5193 375 5251 Ora
401 5210 603 5266 gerens
631 5201 849 5250 centum
876 5191 1070 5264 poterit
1099 5192 1424 5264 depromere
1476 5191 1682 5248 verbis.

263 5286 312 5340 A
339 5282 620 5340 monachis
649 5282 881 5354 pulchra
911 5281 1054 5337 serie
1085 5279 1361 5352 susceptio
1387 5279 1559 5352 qualis

262 5371 564 5438 Exstiterit,
597 5371 748 5428 solus
779 5371 870 5444 qui
900 5371 1050 5427 testis
1081 5369 1230 5426 novit
1259 5370 1409 5425 Iesus
1441 5386 1457 5424 :

265 5462 420 5534 Aptis
447 5461 690 5516 auriﬂuis
720 5460 997 5518 ornatibus
1027 5459 1268 5532 undique
1315 5457 1472 5528 fusis,

268 5550 647 5609 Gemmivomo
675 5551 746 5608 ad
773 5550 944 5608 omlos
973 5565 1149 5622 usque
1185 5547 1474 5606 irradiante
1520 5546 1720 5606 virore.

1887 4579 1937 4644 α
1959 4565 2090 4644 cap.
2122 4564 2186 4644 [Ι.
2212 4561 2364 4644 Ωιιοά
2381 4560 2704 4644 ‘mulierde
2758 4576 2820 4618 eo
2842 4561 3096 4644 primum
3137 4559 3403 4644 dubitans
3433 4575 3566 4644 con-

1997 4638 2186 4693 tracta
2212 4631 2412 4708 fuerit,
2446 4649 2512 4689 ac
2533 4632 2734 4689 deinde
2753 4631 2990 4688 credens
3005 4631 3206 4688 sanari
3229 4633 3524 4689 meruerit.

1959 4745 2112 4800 Tunc
2139 4741 2329 4798 risisse
2359 4740 2460 4796 fuit
2485 4739 2700 4808 mulier,
2733 4737 2821 4796 cui
2852 4737 2978 4794 talia
3009 4737 3202 4806 fastus,

1961 4835 2031 4889 Et
2059 4832 2262 4888 sanctis
2292 4847 2492 4902 corpus
2523 4830 2699 4885 levita:
2731 4828 2958 4885 credere
2987 4827 3185 4883 nolens
3219 4843 3232 4880 :

1962 4923 2102 4977 Esse
2131 4919 2307 4992 magis
2337 4921 2586 4974 Maurum
2614 4917 2948 4973 contendens
2978 4914 3112 4972 forte
3159 4921 3457 4986 putentem.

1964 5009 2218 5065 Protinus
2247 5009 2304 5062 in
2331 5017 2533 5064 terram
2563 5005 2825 5062 membris
2852 5012 3126 5077 prostrata
3168 5004 3394 5062 caducis

1966 5097 2330 5167 Contrahitur,
2364 5097 2488 5154 vitae
2517 5095 2729 5152 sublata
2757 5111 2854 5166 spe
2893 5093 3174 5168 fugientis.

1965 5187 2074 5242 Sed
2103 5194 2292 5242 sancto
2320 5186 2574 5253 deducta,
2607 5183 2714 5240 ﬁde
2742 5190 3019 5252 nascente,
3051 5182 3302 5239 medetur
3335 5201 3350 5239 :

1963 5277 2032 5332 Et
2059 5275 2308 5347 pedibus,
2341 5275 2586 5346 plaustro
2617 5273 2864 5343 veniens,
2896 5279 3083 5328 curata
3110 5273 3356 5328 recessit.

1964 5364 2222 5420 Primitus
2252 5365 2358 5420 hoc
2387 5363 2546 5436 signo
2575 5370 2722 5418 tanta
2749 5361 2944 5419 virtute
2979 5369 3214 5434 patrato,

1965 5455 2095 5509 Post
2123 5469 2341 5526 quoque
2371 5469 2492 5525 qua
2519 5467 2779 5508 numerus
2809 5451 3000 5521 nescit,
3037 5459 3162 5507 sunt
3189 5449 3346 5523 plura
3358 5455 3568 5520 secuta,

1969 5542 2222 5600 Prosaico
2250 5557 2466 5601 necnon
2492 5541 2693 5614 partim
2723 5556 2977 5598 sermone
3005 5549 3210 5598 notata.
