4086 6320
519 247 660 305 1027
1552 245 1896 304 summus
1935 244 2119 335 MONA

2225 243 2321 300 [US
2372 241 2828 300 SANGERMAN.
3690 246 3837 300 1028

514 392 647 448 CAP.
692 393 781 447 III.
839 393 933 451 Ubi
968 395 1235 448 sanctum
1279 407 1480 464 corpus
1516 395 1822 461 exceptum
1866 390 2119 464 positam

2225 368 2497 425 Masculus
2526 377 2688 441 atque
2717 368 2879 424 simul
2906 368 3132 425 veniens
3175 368 3321 441 quod
3367 368 3568 425 femina
3620 369 3828 441 adiret,

585 465 806 536 fuerit:
832 467 889 518 et
904 464 1153 536 qualiter
1173 457 1547 520 deinde-retro
1570 457 1755 518 altare
1799 457 1982 518 sancti
2024 463 2122 516 Be-
2223 460 2438 513 Interea
2464 457 2664 528 placuit
2693 457 2910 513 defluxu
2939 457 3197 529 temporis
3228 474 3366 513 urna

588 535 803 591 nedicti
826 535 1077 591 locatum
1097 536 1193 589 sit.

2225 547 2354 601 Inde
2384 546 2569 602 levare
2599 563 2815 603 sacrum
2847 562 3062 618 corpus,
3105 546 3380 620 digneque
3436 546 3607 604 locari

2223 637 2349 691 Post
2379 635 2553 690 altare
2580 636 2657 706 pii
2689 636 2857 691 Patris
2888 636 3057 691 sancti
3087 636 3365 693 Benedicti
3398 653 3412 691 :

2223 724 2345 794 Quo
2373 723 2553 779 meriti
2580 725 2744 796 pleno
2773 725 2917 780 cultu
2947 733 3236 782 veneratur
3263 725 3507 794 honoris,

2222 813 2473 870 Assiduis
2503 813 2677 887 signis
2706 815 2966 871 virtutum
2994 814 3097 871 rite
3135 829 3458 871 coruscans.

509 641 760 713 Namque
790 640 1107 696 monasterii
1135 650 1259 696 ante
1290 640 1437 697 fores
1467 639 1749 714 genitricis
1805 639 1861 693 in
1904 636 2044 705 aula,

516 730 627 784 Ista
656 729 755 784 sub
785 729 1053 785 immenso
1084 730 1418 801 gerebantur
1444 746 1673 785 munere
1731 727 1929 784 Christi
1961 744 1974 781 :

518 818 662 873 Dum
687 817 843 874 ﬁeret
868 826 1119 874 sanctum
1156 819 1416 890 templum
1460 818 1685 890 proprio
1724 818 1824 873 sub
1865 819 2115 885 honore;

520 906 643 975 Quo
671 906 918 978 placidus
947 908 1167 964 demum
1195 908 1457 982 migraret
1480 913 1606 976 jure
1652 907 1945 981 sepultum,

587 1030 884 1104 Praestante
911 1030 1064 1104 Rege
1097 1048 1310 1104 regum,
1351 1041 1403 1087 et
1442 1033 1674 1088 Domino
1723 1029 2116 1104 dominantium
2143 1028 2273 1084 Iesu
2303 1028 2544 1104 Christo,
2573 1029 2735 1104 bono
2750 1037 2804 1085 et
2831 1030 3109 1104 begnigno
3139 1029 3422 1087 Salvatore
3461 1029 3652 1086 mundi
3685 1048 3701 1084 :
3732 1029 3833 1103 qui

512 1116 639 1158 eum
666 1101 784 1157 Deo
815 1100 1076 1172 Patrefet
1105 1100 1306 1175 Spiritu
1334 1112 1524 1160 sancto
1553 1104 1686 1161 vivit
1725 1112 1779 1160 et
1808 1109 2005 1176 regnat
2028 1102 2177 1156 Deus
2206 1115 2306 1171 per
2332 1100 2544 1156 infinita
2572 1101 2776 1158 saecula
2805 1100 3148 1158 saeculorum.
3193 1106 3387 1158 Amen.

1525 1259 1563 1272 Qu.

515 1357 621 1418 DE
650 1344 1289 1422 TRANSLATIONE
1319 1361 1431 1422 SS.
1466 1360 1956 1422 MARTYRUM
1984 1360 2362 1437 GEORGII,
2394 1360 2799 1438 MONACHI,
2831 1360 3174 1423 AURELII
3201 1362 3308 1424 ET
3364 1362 3842 1425 NATHALLE

1659 1495 1771 1553 Ea:
1796 1493 1955 1554 urbe
1987 1494 2296 1556 Corduba
2326 1496 2656 1571 Parisios,

1121 1624 1278 1687 Vide
1307 1624 1470 1687 inter
1497 1626 1701 1705 Opera
1726 1627 1794 1687 S.
1826 1627 2094 1705 Eulogii,
2126 1628 2497 1708 Patrologiae
2525 1633 2672 1691 tom.
2711 1630 2902 1708 CXV,
2938 1630 3052 1691 col.
3079 1629 3221 1691 939.

1109 1919 1267 2014 DE
1346 1916 2014 2015 MIRAGULIS
2093 1918 2541 2016 SANCTI
2691 1919 3255 2018 GERMANI

1901 2094 2162 2180 LIBRI
2204 2095 2444 2196 DUO,

1464 2261 1748 2322 Auctore
1775 2261 1993 2322 eodem
2049 2264 2328 2327 Amomo
2399 2267 2740 2328 monacho.

1876 2393 2058 2465 (Apud
2084 2361 2291 2453 IIIabill.
2323 2398 2483 2471 ibid.)

1510 2518 1765 2573 INCIPIT
1792 2518 2134 2577 EPISTOLA
2164 2522 2444 2580 AIMOINI
2486 2523 2829 2581 MONACHI.

586 2645 854 2704 Studiosis
882 2646 939 2701 in
968 2645 1180 2702 Christo
1211 2643 1425 2717 piisque
1448 2643 1746 2700 lectoribus
1768 2644 1917 2700 salus
1938 2654 1991 2703 et
2010 2663 2118 2718 pax
2144 2662 2198 2722 Β
2220 2656 2423 2706 nostrae
2451 2649 2894 2723 congregationis
2944 2649 3220 2719 fratribus,
3272 2650 3580 2707 maturitate
3628 2651 3827 2724 pariter

512 2737 773 2810 perennis
802 2737 871 2790 ab
890 2736 1020 2791 Iesu
1050 2735 1294 2791 omnium
1336 2734 1679 2790 dominatore
1701 2734 2116 2791 dominantium.
2221 2754 2285 2795 ac
2315 2739 2540 2795 scientia
2568 2738 2838 2810 provectis
2867 2758 2880 2795 :
2916 2739 3006 2812 qui
3050 2756 3149 2811 pro
3208 2738 3292 2795 sui
3349 2740 3579 2813 quisque
3637 2758 3826 2798 sensus

588 2824 859 2893 Quoniam
888 2840 998 2880 non
1029 2832 1300 2879 saturatur
1329 2823 1521 2880 oculus
1549 2823 1691 2891 visu,
1725 2840 1826 2879 nec
1855 2824 1998 2879 auris
2028 2842 2121 2880 au-
2221 2828 2469 2884 ubertate
2500 2843 2749 2883 seorsum
2778 2828 3405 2896 scribentes,ediderunt
3430 2829 3629 2885 exinde
3649 2830 3827 2904 singu-

516 2914 648 2981 ditu,
699 2914 966 2986 siquidem
1019 2912 1430 2985 pertransibunt
1456 2911 1695 2983 plurimi,
1743 2920 1796 2968 et
1838 2913 2122 2984 multiplex
2222 2915 2261 2970 li
2296 2916 2517 2989 singula
2545 2916 2991 2988 opuscula.Quod
3010 2926 3302 2991 utrumque
3323 2917 3599 2990 apraafato
3629 2919 3828 2975 domno

518 3004 618 3060 erit
665 3003 941 3071 scientia;
987 3003 1132 3059 hunc
1177 3002 1420 3057 libellum
1484 3001 1874 3057 miraculorum
1936 3003 2124 3058 domui

519 3092 695 3149 nostri
711 3091 991 3160 Germani,
1015 3091 1352 3148 elucentibus
1368 3091 1764 3163 promicantem
1792 3091 2119 3165 insignibus,

516 3197 617 3254 per
644 3181 954 3254 aliquorum
982 3197 1177 3237 manus
1206 3179 1429 3236 minime
1472 3180 1660 3236 dubito
1706 3180 2118 3237 revolvendum.

517 3272 647 3327 Haec
672 3270 978 3342 priscorum
1007 3270 1344 3342 temporibus
1376 3271 1675 3337 Danorum,
1711 3270 2005 3340 Ragenarii
2023 3271 2126 3327 sci-

517 3359 646 3417 licet
673 3360 895 3432 ejusque
908 3359 1211 3434 .sociorum,
1236 3358 1445 3414 meritis
1465 3358 1635 3430 ipsius
1657 3359 1831 3415 sancti
1850 3358 2123 3430 pontificis

514 3465 756 3521 superno
786 3449 972 3507 favore
1001 3450 1208 3505 mundo
1238 3464 1521 3515 concessa,
1554 3448 1623 3503 ad
1654 3464 1819 3503 aures
1835 3466 2008 3521 usque
2035 3466 2122 3505 se-

514 3538 788 3594 renissimi
815 3539 966 3613 regis
997 3538 1182 3595 Caroli
1210 3538 1378 3612 digna
1402 3537 1610 3609 passim
1626 3537 1890 3594 relatione
1910 3539 2128 3610 pervul-

515 3636 639 3701 gata
686 3627 979 3683 fluxerunt.
1031 3627 1241 3697 Quibus
1281 3628 1372 3682 ille
1418 3627 1663 3700 gavisus,
1714 3627 1881 3683 veluti
1935 3643 2123 3683 eorum

512 3716 846 3787 pretiositate
887 3733 947 3772 se
1004 3725 1272 3790 regnante
1330 3714 1734 3772 muniﬁcentior
1797 3716 2124 3773 redderetur

516 3805 689 3872 orbis,
724 3804 1002 3860 mandavit
1040 3821 1103 3859 ea
1149 3805 1334 3861 solerti
1377 3804 1659 3876 diligentia
1711 3806 1908 3876 notari,
1962 3814 2126 3878 atque

515 3893 889 3951 ecclesiastico
912 3893 1034 3963 jure
1065 3893 1346 3950 catholicis
1374 3893 1592 3965 paginis
1617 3894 1938 3967 aggregari.
1973 3895 2125 3951 Tunc

2224 3004 2461 3061 antistite
2527 3006 2769 3062 Ebroino
2836 3007 3064 3079 aliisque
3130 3007 3478 3063 recitantibus
3543 3007 3827 3080 approbati

2221 3093 2423 3165 placuit
2453 3094 2517 3166 [f.
2543 3111 2653 3150 non
2681 3096 2922 3170 placuit],
2958 3097 3056 3152 sed
3085 3096 3321 3152 alterum
3348 3096 3503 3152 alteri
3549 3105 3827 3170 utcunque

2222 3182 2484 3254 praferri.
2518 3184 2732 3241 Idcirco
2760 3186 2961 3241 mansit
3010 3186 3294 3241 amborum
3338 3185 3626 3241 inusitatus
3676 3186 3825 3242 labor

2222 3273 2498 3345 usquead
2529 3281 2742 3345 tempus
2771 3275 2955 3331 domui
2986 3275 3199 3331 Gozlini
3225 3277 3251 3314 δ
3282 3274 3524 3345 ejusdem
3556 3275 3664 3331 loci
3683 3292 3822 3347 prae-

2224 3361 2369 3433 cipui
2396 3362 2588 3418 Patris.
2624 3361 2783 3431 Quod
2812 3379 2935 3420 cum
2966 3364 3071 3419 sibi
3092 3365 3205 3435 jam
3248 3364 3559 3437 aliquorum
3611 3365 3827 3437 quidem

2224 3460 2347 3523 post
2376 3460 2589 3524 tempus
2619 3469 2883 3509 annorum
2912 3454 2988 3509 ita
3034 3461 3375 3525 compertum
3420 3453 3634 3520 fuisset,
3682 3471 3826 3526 prae-

2225 3540 2356 3611 cipit
2384 3540 2515 3596 mihi
2544 3557 2655 3597 non
2686 3550 2742 3597 ut
2771 3542 3108 3614 sapientiori,
3142 3544 3239 3599 sed
3269 3551 3327 3598 ut
3366 3543 3605 3598 manuali
3644 3543 3822 3614 potius

2224 3628 2397 3697 fratri,
2418 3639 2683 3702 quatenus
2711 3648 2881 3687 unum
2897 3640 2948 3688 et
2968 3632 3182 3688 duobus
3202 3632 3575 3689 coadunarem
3589 3647 3820 3704 corpus-

2225 3719 2424 3776 culum.
2457 3722 2686 3776 Tantum
2722 3729 2781 3777 ut
2810 3721 2857 3776 si
2901 3737 3009 3794 qua
3043 3737 3240 3793 prosus
3272 3720 3574 3778 invenirem
3635 3738 3828 3793 super-

2225 3809 2349 3878 ﬂua,
2384 3810 2685 3866 reciderem
2721 3829 2734 3865 :
2768 3828 2957 3883 quaeve
2986 3811 3167 3866 minus
3213 3818 3446 3882 compta,
3498 3809 3829 3868 ﬂorentioris

2228 3897 2350 3969 styli
2380 3907 2684 3967 venustate,
2720 3900 2853 3955 nihil
2880 3908 3030 3955 extra
3082 3899 3366 3957 veritatem
3420 3899 3648 3966 faciens,
3689 3899 3829 3972 poli-

517 3999 752 4056 namque
780 3982 1069 4039 memorati
1099 3983 1271 4039 sancti
1301 3982 1556 4039 Praesulis
1584 3983 1847 4039 Cmnobio
1892 3991 2124 4055 praeerat
2156 4029 2205 4094 C
2226 4002 2364 4042 rem.
2398 3986 2557 4056 Quod
2586 4005 2693 4061 ego
2723 3988 2895 4045 fateor
2922 4005 3032 4045 non
3061 3988 3282 4056 viribus,
3314 3988 3421 4043 nisi
3467 3989 3684 4045 coalitus
3733 3990 3830 4045 da-

523 4072 746 4094 .I-__-_.-_-
787 4080 830 4094 ,ι
868 4072 1034 4094 ,1.1.--
1066 4072 1149 4094 --Βμ
1181 4072 1506 4094 _-__-_-LEIS_
1542 4071 1812 4094 nL__f_____
1853 4080 1872 4094 ι
1948 4072 2088 4094 “1-ι-
2226 4075 2260 4094 ι·
2362 4092 2375 4094 -
2429 4084 2440 4094 ι
2478 4076 2517 4094 ’ν
2645 4078 2656 4089 ο
2728 4086 2737 4094 .
3062 4078 3073 4090 ο
3156 4079 3167 4089 ·
3328 4078 3344 4094 1
3435 4093 3443 4094 κ
3503 4078 3514 4088 ι
3601 4078 3615 4094 1
3689 4078 3725 4094 ν

517 4072 750 4130 domnus
780 4080 832 4129 et
865 4072 1037 4128 abbas
1066 4072 1150 4129 vir
1180 4072 1508 4129 venerabilis
1540 4071 1815 4128 Ebroiuus
1851 4080 1893 4140 ³,
1948 4072 2124 4128 Picta—
2156 4071 2205 4094 υ
2225 4075 2313 4143 tis,
2355 4084 2447 4131 aut
2475 4076 2695 4149 ingenio
2725 4086 2938 4135 tumens
2968 4078 3171 4150 arripui
3201 4098 3214 4145 ;
3250 4078 3348 4134 sed
3368 4078 3547 4152 magis
3562 4078 3825 4135 obedien-

516 4162 701 4220 vensis
732 4163 980 4220 ecclesiae
1010 4162 1157 4218 sedis
1188 4163 1495 4234 episcopus.
1529 4163 1629 4218 Hic
1669 4161 1844 4235 regali
1892 4177 2125 4219 censura
2222 4165 2296 4222 tia
2326 4173 2475 4222 tanto
2503 4167 2716 4238 primati
2745 4167 2929 4223 debita
2959 4167 3134 4223 ﬁdens
3165 4167 3382 4239 suscepi
3416 4183 3429 4223 :
3470 4167 3829 4239 merebarque

516 4252 818 4323 injunctum
848 4251 951 4307 sibi
969 4251 1265 4325 negotium
1313 4251 1588 4324 quomodo
1631 4249 1986 4323 perficeretur
2032 4252 2122 4306 in-
2223 4250 2356 4305 mihi
2386 4267 2584 4307 noxam
2614 4252 2873 4323 criminis,
2906 4253 2953 4308 si
2989 4253 3230 4323 jubentis
3277 4251 3483 4310 domini
3510 4252 3665 4322 jussa
3711 4266 3828 4323 pro-
3898 4305 3903 4308 .

513 4342 795 4411 cumbens,
830 4341 1045 4398 duobus
1074 4343 1180 4398 hoc
1225 4340 1503 4413 delegavit
1550 4341 1829 4414 agendum
1874 4340 2123 4410 ejusdem
2224 4340 2380 4412 sequi
2408 4340 2773 4414 negligerem.

1483 4547 1741 4602 INCIPIT
1770 4546 2146 4605 PROLOGUS
2175 4544 2457 4603 AIMOINI
2512 4545 2858 4603 MONACHI.

590 4677 740 4735 Sicut
767 4674 927 4733 laude
972 4670 1172 4748 dignos
1221 4671 1496 4730 credimus
1545 4687 1662 4740 eos,
1706 4671 1797 4744 qui
1843 4680 2001 4746 gesta
2037 4676 2124 4730 vel
2223 4671 2506 4728 miracula.
2542 4671 2775 4728 Proinde
2796 4671 3169 4744 unusquisque
3188 4670 3375 4727 talenti
3390 4671 3595 4728 donum
3616 4672 3824 4729 habens

515 4766 779 4824 miracula
808 4772 1143 4830 sanctorum,
1178 4778 1300 4834 quae
1330 4761 1516 4818 divina
1543 4760 1713 4817 virtus
1743 4778 1843 4833 per
1868 4778 1964 4818 eos
1993 4777 2124 4833 ope-
2223 4762 2427 4831 timeat,
2461 4778 2530 4818 ne
2558 4761 2698 4818 forte
2728 4762 2914 4817 audiat
2944 4762 3090 4835 quod
3116 4761 3209 4817 ille
3254 4762 3428 4817 malus
3479 4778 3690 4829 servus,
3736 4761 3825 4834 qui

518 4855 629 4909 rari
656 4856 926 4929 dignatur,
958 4854 1027 4908 ad
1054 4850 1469 4909 mdificationem
1498 4850 1739 4906 fidelium
1758 4851 1999 4907 scribere
2026 4867 2121 4906 sa-
2221 4859 2501 4923 acceptam
2530 4851 2820 4924 pecuniam
2849 4867 2912 4907 ac
2942 4851 3081 4907 male
3110 4851 3274 4907 humo
3306 4850 3599 4917 defossam,
3631 4851 3701 4906 ad
3720 4852 3826 4906 Do-

520 4950 713 5015 tegunt
744 4962 757 4998 :
790 4944 862 4999 ita
889 4943 1097 5015 absque
1126 4941 1291 4996 dubio
1334 4940 1534 4996 scimus
1583 4939 1790 5011 culpari
1837 4940 1979 5007 illos,
2032 4941 2123 5012 qui
2158 4970 2213 5031 D
2241 4941 2450 4996 minum
2480 4941 2597 4998 sine
2625 4958 2807 4997 usurae
2834 4940 3000 4997 lucris
3030 4949 3310 5012 reportare
3338 4956 3448 4997 non
3493 4940 3817 4996 formidavit.

523 5047 640 5103 prae
677 5032 888 5087 desidia
922 5048 986 5088 ac
1025 5038 1245 5102 torpore
1276 5030 1473 5085 mentis
1503 5045 1571 5085 ea
1596 5029 1787 5084 litteris
1818 5030 2036 5086 tradere
2061 5030 2132 5085 ad
2163 5029 2197 5031 ﬁ
2231 5031 2347 5087 Hoc
2375 5047 2485 5086 non
2517 5032 2693 5087 solum
2723 5038 2916 5103 sponte
2959 5030 3255 5104 agendum,
3315 5046 3504 5087 verum
3562 5029 3722 5085 etiam
3777 5038 3827 5084 et

521 5118 826 5192 profectum
855 5120 1139 5192 negligunt
1169 5119 1488 5175 futurorum.
1520 5121 1641 5174 Jam
1671 5118 1837 5174 veluti
1865 5134 1898 5174 a
1918 5135 2128 5174 summo
2231 5135 2354 5176 cum
2383 5119 2700 5194 injungitur,
2736 5136 3085 5192 summopere
3114 5119 3444 5194 injungentis
3484 5126 3568 5174 est
3603 5117 3823 5190 imperio

529 5207 769 5281 quotidie
800 5209 869 5264 ad
897 5224 1138 5265 amorem
1185 5209 1285 5265 Dei
1338 5209 1685 5281 studiumque
1724 5209 1864 5264 bene
1912 5208 2130 5265 vivendi
2227 5209 2548 5280 parendum.
2584 5211 2742 5266 Plura
2773 5210 2995 5284 quidem
3024 5224 3090 5266 ac
3122 5209 3386 5280 stupenda
3401 5208 3676 5281 dignaque
3693 5206 3824 5262 rela-

522 5297 821 5354 excitantur
846 5297 1085 5370 plurimi,
1118 5299 1367 5373 legentes
1396 5299 1451 5354 in
1475 5299 1630 5353 libris
1661 5296 1804 5354 facta
1825 5306 2138 5354 sanctorum
2239 5306 2297 5353 tu
2326 5299 2669 5371 omnipotens
2697 5301 2846 5355 Deus
2875 5315 2977 5372 per
3002 5299 3257 5355 eumdem
3285 5298 3505 5354 beatum
3524 5297 3823 5353 Autistitem

531 5388 772 5457 Patrum,
804 5404 1101 5461 eorumque
1129 5406 1193 5446 ac
1223 5390 1269 5444 si
1309 5389 1597 5462 praesentia
1650 5403 1805 5443 sacra
1850 5395 2138 5445 cernentes
2236 5388 2528 5458 praeteritis
2566 5389 2880 5462 nostrisque
2924 5388 3179 5463 dignatus
3218 5395 3302 5444 est
3344 5395 3555 5460 patrare
3602 5383 3861 5458 tempori'

597 5528 624 5557 ι
646 5516 767 5567 Erat
787 5516 833 5567 is
878 5528 1097 5568 summus
1132 5516 1409 5581 capellanus
1450 5515 1610 5568 Caroli
1656 5515 1900 5581 regis,rut
1949 5513 2139 5565 notavit

527 5583 814 5635 Simondus
832 5584 893 5636 ad
917 5583 1181 5647 capitulare
1227 5584 1427 5634 tertium
1496 5583 1655 5635 Caroli
1699 5580 1836 5635 Calvi
1881 5582 1934 5635 in
1978 5581 2139 5634 Verno

526 5650 710 5718 palatio
732 5651 951 5704 habitum
974 5652 1263 5717 praesidente
1301 5650 1534 5703 Ebroino.

2303 5533 2330 5570 b
2355 5516 2417 5566 Et
2440 5516 2483 5566 is
2505 5517 2665 5568 Caroli
2713 5517 2845 5568 Calvi
2891 5516 3214 5568 cancellarius
3260 5515 3352 5566 fuit
3390 5515 3501 5578 post
3540 5513 3823 5566 Ludovicum

2237 5581 2625 5703 qglgﬁgipﬁfdsin
2648 5590 2839 5636 mortuo
2859 5583 3036 5637 Carolo
3060 5584 3315 5648 episcopus
3340 5581 3642 5646 Parisiensis,
3665 5580 3723 5633 de
3736 5589 3828 5644 quo

2513 5663 2539 5702 r
2575 5686 2589 5702 .
