4086 6298
227 257 366 312 1029

1185 248 1282 305 DE
1331 245 1708 304 MIRACULIS
1741 244 1800 300 S.
1835 243 2181 301 GERMANI.
2215 273 2285 285 —
2313 245 2442 301 LIB.
2475 247 2518 301 Ι.

3400 247 3539 304 1030

233 380 356 449 bus,
389 395 512 452 qum
537 377 606 434 ob
627 375 874 433 inertiam
895 373 1108 431 silentio
1137 380 1262 429 sunt
1291 387 1506 445 pressa,
1546 379 1706 443 atque
1727 386 1828 442 per
1856 371 1912 431 A
1933 369 2062 425 licet
2087 368 2364 440 incompte
2393 377 2556 442 atque
2583 369 2872 439 inerudito,
2896 370 3083 428 veraci
3097 379 3280 428 tamen
3299 385 3364 428 ac
3392 369 3536 427 fide-

232 468 499 525 incuriam
532 468 858 539 scriptorum
887 464 1110 521 omissa.
1143 465 1292 519 Tunc
1322 479 1455 518 vero
1485 477 1552 516 ea
1581 477 1702 533 quae
1731 475 1836 514 no-

233 558 376 612 viter
417 565 732 614 cunctarum
795 572 974 611 rerum
1033 553 1313 609 Conditori
1358 551 1538 624 gratia
1595 549 1838 618 ejusdem

236 645 566 702 sanctissimi
616 646 716 701 viri
754 644 956 716 placuit
985 642 1222 715 operari,
1281 641 1568 696 auxiliante
1603 638 1838 694 Domino

238 743 292 792 et
321 735 492 807 ipsius
523 734 694 790 sancti
725 733 1041 804 juvantibus
1084 731 1314 801 meritis,
1369 730 1595 799 jubente
1638 729 1840 784 domno

239 840 377 898 rege
420 825 662 880 Ebroino
705 823 929 880 antistiti
974 823 1199 895 ejusque
1240 818 1557 877 monasterii
1616 815 1838 886 rectori,

1937 457 1976 512 li
2005 474 2260 514 sermone
2290 459 2400 514 laeti
2441 475 2702 514 conamur
2743 461 3131 534 perstringere,
3166 469 3219 516 et
3247 468 3305 516 ut
3325 460 3540 517 veraci-

1939 555 2022 602 ter
2051 555 2178 602 sunt
2207 555 2382 620 gesta,
2406 555 2567 620 atque
2595 549 2832 604 etiamin
2852 550 3054 621 populo
3075 550 3538 606 Nortmannorum

1931 637 2046 706 jam
2077 636 2296 710 vulgata
2345 645 2454 692 tam
2509 638 2868 709 praesentibus
2899 655 3058 710 quam
3085 637 3279 695 futuris
3308 638 3547 712 legenda

1940 725 2275 798 relinquere.

1320 1119 1666 1196 INCIPIT
1761 1117 2041 1189 LIBER
2129 1118 2510 1191 PRIMUS.

770 1345 995 1402 CAPUT
1025 1345 1317 1400 PRIMUM.

313 1493 472 1546 Anno
517 1488 902 1546 incarnationis
960 1487 1176 1544 Domini
1230 1489 1361 1543 Jesu
1413 1485 1612 1541 Christi
1667 1483 1845 1540 octin-

241 1579 554 1654 gentesimo
579 1578 1002 1652 quadragesimo
1019 1585 1191 1644 sexto,
1227 1576 1377 1650 regis
1398 1583 1580 1631 autem
1615 1573 1849 1646 praecel-

241 1667 534 1724 lentissimi
577 1667 757 1723 Caroli
803 1675 975 1734 sexto,
1041 1683 1166 1722 cum
1213 1682 1446 1738 regnum
1519 1665 1851 1720 Francorum

243 1765 374 1830 post
402 1758 608 1814 obitum
655 1757 839 1813 domni
895 1756 1153 1812 Ludovici
1182 1755 1530 1827 imperatoris
1557 1753 1741 1810 varias
1770 1753 1852 1807 di-

1945 1291 2192 1348 fensione
2211 1301 2409 1349 sanctae
2428 1293 2529 1348 Dei
2543 1293 2804 1350 Ecclesiae
2819 1293 3169 1351 laudabiliter
3201 1295 3360 1352 mori.
3387 1295 3554 1367 Cujus

1946 1381 2244 1438 adversarii
2274 1390 2670 1455 cognoscentes
2718 1383 3028 1450 adventum,
3089 1384 3441 1441 deverterunt
3483 1384 3556 1442 ad

1948 1470 2171 1526 alteram
2188 1471 2432 1542 praedicti
2463 1471 2700 1526 ﬂuminis
2730 1471 2923 1543 ripam,
2959 1471 3053 1526 ubi
3097 1473 3346 1545 quaedam
3383 1489 3556 1546 parva

1951 1567 2160 1614 tantum
2189 1576 2320 1631 pars
2350 1561 2537 1632 populi
2566 1568 2686 1616 erat
2716 1578 2730 1615 :
2763 1560 2958 1633 quibus
2974 1561 3262 1618 confestim
3281 1562 3336 1617 in
3366 1561 3552 1634 fugam

1954 1649 2152 1716 versis,
2187 1649 2241 1703 in
2273 1649 2454 1704 insula
2481 1649 2714 1721 quadam
2757 1650 3002 1719 ejusdem
3055 1650 3204 1706 ﬂuvii
3249 1650 3320 1706 ad
3348 1667 3555 1723 oppro-

1956 1736 2138 1791 brium
2168 1737 2598 1794 Chri’stianorum
2632 1739 2755 1811 plus
2800 1739 2980 1794 minus
3030 1739 3268 1796 indecim
3309 1739 3556 1812 captivos

243 1812 427 1902 visum
455 1854 599 1902 esset
627 1846 685 1900 in
712 1854 918 1918 partes,
951 1854 1003 1901 et
1030 1812 1472 1918 peccata‘pOpuli
1518 1849 1847 1914 crescerent,
1879 1812 1934 1873 B
1956 1826 2222 1918 sumimus
2261 1827 2680 1918 SUSPPndel‘um,
2709 1828 3193 1918 ηλιιῙιοδίΙυεῖθιῘίοε
3222 1845 3325 1918 De?
3363 1828 3559 1885 domos

247 1935 586 2007 sanguisque
625 1935 948 2008 sanguinem
1005 1942 1282 2008 tangeret;
1325 1935 1442 1990 Deo
1486 1933 1850 2005 permittente,

245 2024 470 2098 ﬂagitiis
519 2024 739 2096 quidem
796 2023 1140 2097 exigentibus
1184 2032 1365 2080 actum
1405 2030 1488 2078 est
1547 2021 1766 2087 nostris,
1796 2027 1856 2075 ut

249 2121 456 2170 exterae
501 2113 750 2170 nationes
788 2131 818 2169 e
873 2113 1108 2185 propriis
1165 2113 1562 2186 egrederentur
1609 2111 1850 2177 sedibus,

246 2202 503 2260 videlicet
527 2219 664 2276 gens
693 2204 989 2271 Danorum,
1025 2203 1112 2275 qui
1145 2203 1308 2274 vulgo
1329 2199 1671 2270 Nortmanni,
1703 2199 1757 2254 id
1775 2206 1857 2254 est

249 2292 718 2365 Septentrionales
756 2291 1005 2348 homines
1059 2291 1456 2363 appellantur:
1507 2297 1561 2346 et
1619 2288 1856 2360 superbo

248 2381 592 2454 tumentique
649 2382 816 2438 corde
875 2397 998 2438 cum
1060 2381 1243 2437 valido
1305 2381 1528 2436 navium
1591 2386 1859 2450 apparatu

249 2471 687 2526 Christianorum
719 2470 857 2526 ﬁnes
903 2471 1192 2538 intrarunt,
1225 2470 1319 2542 qui
1347 2471 1454 2526 huc
1487 2469 1723 2541 illucque
1768 2466 1859 2522 fu-

250 2567 460 2627 rentes,
491 2569 654 2632 atque
684 2576 806 2617 cum
829 2576 1029 2634 magna
1061 2560 1318 2632 superbia
1341 2567 1538 2616 cuncta
1579 2565 1857 2631 gyrantes,

251 2657 541 2722 coeperunt
568 2650 832 2706 vastando
852 2666 952 2721 per
1000 2649 1248 2706 diversas
1284 2649 1490 2704 insulas
1518 2647 1705 2714 maris,
1756 2647 1860 2702 do-

251 2755 362 2796 nec
413 2739 632 2795 nemine
689 2739 793 2794 sibi
825 2739 1114 2795 resistente
1170 2738 1394 2795 ﬂuvium
1449 2739 1716 2809 Sequanae.
1772 2737 1862 2790 in-

253 2829 458 2902 gressi,
475 2831 768 2886 Rotomaco
781 2828 1012 2902 [Ronan]
1027 2837 1170 2883 sorte
1183 2827 1489 2883 incredibili
1503 2827 1859 2899 applicarent.

257 2919 502 2990 Cumque
529 2919 587 2974 in
641 2919 835 2974 eadem
881 2918 1092 2975 civitate
1137 2917 1528 2990 aliquantisper
1571 2917 1863 2973 demoran-

257 3016 362 3080 tes,
387 3007 628 3082 regionis
655 3008 933 3080 principes
964 3009 1134 3081 (quod
1179 3007 1388 3080 absque
1413 3007 1622 3079 ingenti
1657 3005 1864 3063 contri-

256 3098 404 3154 tione
433 3097 614 3154 cordis
645 3096 798 3154 eﬁ‘ari
827 3097 1194 3170 nequivimus)
1231 3098 1299 3152 ad
1327 3097 1642 3152 bellandum
1678 3095 1866 3168 pigros

1953 1923 2006 1970 et
2021 1915 2249 1971 arbores
2265 1915 2625 1984 conﬁxerunt,
2647 1924 2809 1989 atque
2821 1917 3112 1973 nonnullos
3123 1934 3224 1989 per
3238 1917 3398 1974 villas
3409 1933 3562 1975 cam-

1952 2021 2163 2077 posque
2201 2005 2502 2060 miserabili
2549 2005 2887 2062 insecutione
2932 2005 3264 2063 trucidantes
3306 2022 3558 2079 pereme-

1955 2101 2112 2149 runt:
2136 2093 2368 2167 ipsoque
2415 2095 2784 2152 sacratissimo
2815 2095 3062 2152 Paschali
3090 2094 3396 2152 festivitatis
3425 2095 3559 2151 sab-

1956 2182 2084 2238 bato
2115 2183 2339 2238 Parisiis
2366 2184 2768 2256 pervenientes,
2829 2200 3063 2241 vacuam
3117 2185 3334 2256 penitus
3388 2185 3564 2257 ipsam

1957 2272 2155 2328 urbem
2186 2274 2466 2346 quondam
2508 2273 2852 2346 populosam,
2901 2281 2955 2330 et
3003 2273 3188 2330 omnia
3239 2273 3295 2329 in
3333 2273 3564 2332 circuitu

1955 2361 2102 2416 illius
2129 2363 2462 2419 monasteria
2501 2380 2531 2418 a
2561 2363 2674 2418 suis
2702 2362 3098 2419 habitatoribus
3145 2363 3370 2419 deserta
3398 2379 3562 2434 repe-

1959 2458 2162 2506 rerunt.
2197 2451 2382 2507 Timor
2418 2452 2690 2523 siquidem
2719 2459 2771 2507 et
2801 2459 2978 2507 metus
3019 2451 3303 2507 universos
3343 2451 3562 2508 invase-

1960 2546 2062 2607 rat,
2096 2548 2155 2594 ut
2183 2549 2312 2612 puta
2342 2540 2534 2596 merito
2563 2540 2863 2613 iniquitatis
2892 2540 3076 2597 divino
3106 2540 3373 2596 enudatos
3403 2539 3565 2596 auxi-

1960 2629 2034 2684 lio
2065 2637 2228 2700 atque
2244 2629 2368 2686 ideo
2388 2630 2680 2686 mundanae
2699 2629 3032 2686 defensionis
3047 2629 3334 2686 destitutos
3345 2629 3563 2686 solatio.

1962 2717 2116 2786 Quis,
2152 2734 2308 2792 rogo,
2339 2735 2449 2774 non
2479 2719 2706 2788 doleret,
2732 2727 3027 2792 antequam
3056 2719 3254 2774 bellam
3272 2717 3572 2775 committe-

1963 2815 2133 2874 retur,
2205 2807 2452 2880 fugatum
2531 2808 2872 2874 exercitum;
2933 2817 3222 2880 antequam
3291 2808 3570 2878 jaceretur

1963 2896 2183 2969 sagitta,
2217 2896 2570 2964 confossum;
2603 2905 2728 2952 ante
2773 2895 2912 2954 scuti
2946 2897 3305 2965 collisionem,
3335 2896 3572 2970 ignomi-

1964 2985 2118 3041 niose
2149 2987 2435 3042 subactum
2463 2987 2492 3040 ?
2521 2987 2908 3043 Universorum
2927 3003 3163 3058 namque
3193 2987 3326 3042 ordo
3352 2986 3570 3058 penitus

1965 3075 2022 3128 in
2051 3075 2298 3132 Ecclesia
2328 3075 2588 3131 confusus
2617 3084 2776 3148 atque
2799 3093 2830 3130 a
2861 3075 3118 3132 bonitatis
3141 3075 3320 3132 studio
3348 3091 3571 3147 permu-

258 3186 586 3259 timidosque
615 3163 998 3254 adverterent;
1031 3163 1312 3254 exeuntes,
1345 3202 1379 3242 a
1407 3187 1659 3251 navibus,
1678 3163 1867 3257 _lo'nge
1898 3171 2131 3259 (183195,
2191 3163 2446 3259 ho‘iipsa
2483 3165 2789 3259 Ρΐξνθιίίφῐξθ
2846 3165 2990 3220 δοΠο
3036 3179 3210 3236 usque
3267 3165 3339 3220 ad
3363 3255 3372 3259 _
3394 3164 3572 3259 θκίξῑίί

259 3276 478 3348 lateque
498 3275 698 3344 diffusi,
733 3285 1016 3348 coeperunt
1051 3277 1327 3348 utriusque
1363 3291 1533 3332 sexus
1562 3274 1866 3330 multitudi-

260 3380 387 3422 nem
417 3365 710 3439 trucidare,
739 3367 1032 3439 captivare,
1071 3367 1249 3436 villas,
1285 3365 1640 3432 monasteria,
1683 3365 1861 3420 eccle—

263 3455 482 3528 siasque
514 3455 900 3528 depopulando
929 3471 1200 3522 cremare,
1233 3463 1511 3526 totamque
1541 3471 1655 3510 suae
1683 3453 1867 3508 libidi-

260 3543 350 3600 nis
373 3545 796 3602 immensitatem
831 3563 954 3601 cum
984 3545 1132 3601 omni
1153 3544 1470 3601 crudelitate
1509 3544 1566 3598 in
1607 3543 1868 3614 populum

262 3632 734 3692 Deidebachando
767 3651 1026 3691 exercere
1059 3653 1072 3690 :
1109 3650 1393 3707 quousque
1432 3633 1503 3688 ad
1539 3633 1744 3699 locum,
1777 3631 1870 3704 qui

263 3731 487 3780 vocatur
513 3724 689 3780 Caroli
715 3741 892 3780 venna
917 3733 962 3791 ³,
994 3724 1172 3781 ventis
1191 3723 1435 3795 velisque
1465 3739 1580 3778 suae
1608 3721 1869 3794 maligni-

264 3812 365 3869 tati
415 3813 562 3883 justo
620 3815 721 3870 Dei
753 3813 959 3884 judicio
1007 3813 1454 3880 secundantibus,
1523 3811 1660 3867 ultra
1717 3827 1872 3882 spem

264 3902 444 3959 securi
471 3903 782 3976 navigando
815 3903 1086 3960 venirent.
1121 3905 1272 3958 Tunc
1312 3901 1584 3975 gloriosus
1617 3901 1873 3973 princeps

265 4007 365 4049 rex
385 3992 630 4064 Carolus,
667 3993 792 4066 quia
821 4001 1045 4065 pr0pter
1072 3993 1417 4048 subitaneum
1447 4007 1636 4047 eorum
1679 4006 1876 4046 ascen-

269 4107 392 4146 sum
407 4107 474 4147 ex
501 4099 612 4147 toto
640 4108 751 4148 non
787 4099 1019 4164 poterat,
1051 4097 1349 4147 convocata
1381 4089 1562 4161 aliqua
1603 4089 1686 4144 sui
1708 4104 1872 4144 exer-

268 4189 411 4247 citus
463 4197 632 4262 parte,
681 4189 829 4246 venit
875 4188 1113 4262 primum
1139 4212 1166 4249 ι,
1197 4188 1264 4243 ad
1313 4187 1704 4244 monasterium
1761 4188 1876 4242 Ma-

269 4286 440 4344 charii
492 4287 756 4361 Dionysii,
789 4296 848 4344 ut
881 4289 998 4360 ejus
1054 4287 1390 4344 orationibus
1420 4283 1603 4352 fultus,
1629 4282 1875 4339 securius

269 4393 461 4444 contra
503 4389 604 4444 Dei
647 4403 885 4460 suosque
931 4395 1190 4460 pergeret
1244 4385 1515 4442 inimicos.
1575 4383 1786 4440 Deinde
1818 4389 1877 4438 ut

271 4493 410 4552 erat,
443 4487 521 4542 uti
565 4485 910 4555 adolescens,
943 4487 1126 4542 animo
1183 4485 1456 4557 armisque
1503 4492 1774 4552 strenuus,
1807 4481 1878 4536 ad

272 4600 446 4656 supra
475 4585 678 4641 dictum
718 4585 900 4642 locum
949 4592 1286 4658 pugnaturus
1336 4583 1610 4650 accessit;
1655 4588 1878 4654 paratus

275 4698 391 4740 non
418 4682 594 4747 solum
613 4683 894 4751 dimicare,
939 4683 1040 4739 sed
1071 4682 1231 4738 etiam
1252 4697 1355 4755 pro
1383 4681 1511 4751 fide,
1544 4695 1755 4754 proque
1794 4679 1885 4735 de-

347 4809 742 4871 aCaroli-venna,
792 4809 842 4860 id
881 4811 956 4859 est
998 4809 1158 4860 Caroli
1212 4809 1484 4870 piscatum.
1533 4806 1737 4858 Carolus
1779 4806 1889 4856 Cal-

277 4889 370 4928 vus
394 4876 444 4927 in
469 4877 730 4940 diplomate
754 4889 843 4938 pro
870 4877 1168 4926 monasterio
1187 4877 1240 4926 S.
1276 4874 1489 4937 Dionysii
1514 4875 1642 4937 apud
1667 4873 1886 4925 Sirmon-

277 4943 398 4994 dum
423 4943 472 4994 in
495 4944 630 4994 Notis
655 4944 717 4994 ad
741 4944 963 5007 Capitula
995 4962 1006 4992 :
1033 4945 1099 4992 Et
1116 4943 1316 4993 solitum
1359 4955 1555 4992 censum
1599 4940 1664 4990 de
1705 4954 1882 5002 venna,

277 5023 390 5074 qua
413 5017 490 5062 est
521 5023 673 5073 super
711 5012 921 5072 ﬂuvium
961 5012 1085 5060 Lach
1112 5009 1163 5058 in
1180 5023 1306 5071 pago
1336 5009 1530 5068 Tellau,
1559 5013 1654 5058 etc.
1703 5007 1886 5057 Caroli-

278 5090 444 5128 venna
465 5077 602 5128 locus
630 5081 737 5128 erat
760 5090 910 5140 prope
938 5078 1170 5138 Rioilum,
1214 5089 1241 5126 a
1289 5075 1464 5127 Carolo
1513 5074 1735 5126 Martello
1789 5075 1889 5136 pis-

283 5149 452 5196 catura
477 5146 758 5206 instructus,
786 5150 840 5196 ut
863 5149 1055 5195 constat
1081 5157 1139 5194 ex
1175 5143 1352 5194 litteris
1387 5141 1618 5192 Ludovici
1661 5141 1883 5205 Augusti,

283 5224 405 5274 quas
433 5215 595 5273 postea
619 5213 733 5262 huic
775 5212 881 5262 loco
921 5211 1207 5262 illustrando
1245 5211 1556 5270 referemus;
1607 5221 1698 5258 nec
1742 5209 1884 5271 longe

283 5278 456 5330 aberat
478 5279 610 5329 Cella
635 5280 687 5328 S.
713 5279 966 5339 Germani,
991 5292 1050 5328 ex
1075 5278 1298 5340 sequenti
1319 5277 1478 5340 capite
1502 5276 1554 5324 6.
1581 5276 1704 5325 Hinc
1748 5275 1888 5326 colli-

283 5345 445 5408 gimus
469 5345 615 5396 fuisse
631 5346 791 5396 locum
835 5345 990 5409 illum,
1016 5347 1098 5408 qui
1123 5346 1362 5395 hactenus
1406 5355 1583 5393 nomen
1609 5341 1754 5393 haesit
1778 5355 1888 5392 ver-

285 5412 460 5463 nacula
487 5412 814 5463 Chalevanne
836 5413 896 5464 ad
922 5415 1219 5476 Sequanam,
1237 5411 1429 5476 paulum,
1465 5421 1607 5470 supra
1658 5409 1886 5472 oppidum

286 5481 340 5530 S.
358 5480 589 5530 Germani
605 5480 655 5530 in
679 5479 800 5530 silva
825 5481 973 5531 Ledia
990 5475 1168 5542 {aquo
1192 5479 1297 5529 loco
1309 5491 1404 5528 non
1423 5475 1564 5540 longe
1575 5476 1726 5526 distat
1752 5477 1887 5526 vicus

284 5546 552 5607 Botoialus,
571 5560 657 5597 seu
672 5547 876 5610 Rioilus,
893 5547 1034 5610 vulgo
1056 5547 1228 5607 Rueil;
1244 5551 1292 5596 et
1311 5545 1442 5597 Cella
1456 5544 1612 5594 sancti
1631 5543 1884 5604 Germani,

288 5614 339 5666 la
363 5613 515 5665 Colle.
545 5614 597 5664 ln
621 5614 826 5677 quodam
842 5609 1140 5664 chartulario
1182 5620 1348 5664 nostro
1377 5609 1701 5663 Germanensi
1727 5613 1888 5662 exstat

287 5681 562 5733 Arbitrium
583 5680 783 5734 Roborti
804 5680 1011 5734 Abbati:
1032 5681 1086 5733 S.
1139 5679 1344 5733 Victoris
1367 5680 1534 5732 datum
1579 5688 1707 5731 anno
1759 5677 1886 5729 1255

1969 3253 2214 3308 fomitem
2254 3253 2420 3326 digna
2469 3253 2602 3309 satis
2650 3253 2856 3310 ultione
2880 3260 3282 3325 promeruerat.
3343 3255 3413 3308 At
3449 3253 3575 3326 pius

1969 3343 2129 3397 Pater
2169 3342 2369 3412 justus,
2415 3342 2807 3415 deliquentium
2849 3359 3071 3414 semper
3121 3350 3418 3415 corrector,
3451 3358 3576 3400 cor-

1969 3439 2354 3504 rectorumque
2389 3432 2631 3488 clemens
2663 3439 2964 3504 susceptor,
2997 3448 3107 3488 non
3153 3432 3257 3488 hoc
3311 3431 3490 3488 intulit
3517 3439 3576 3488 ut

1970 3537 2071 3576 nos
2100 3521 2171 3576 ob
2201 3521 2484 3577 innumera
2515 3521 2838 3577 delictorum
2858 3530 3169 3576 nostrorum
3187 3521 3438 3594 pondera
3457 3537 3577 3578 cru-

1971 3609 2108 3665 delis
2137 3610 2443 3678 damnaret,
2477 3611 2576 3665 sed
2603 3618 2660 3665 ut
2686 3627 2788 3682 per
2807 3610 3130 3666 immensam
3167 3627 3279 3666 suae
3307 3609 3576 3682 largitatis

1971 3699 2358 3771 benignitatem
2387 3697 2615 3754 afﬂictos
2658 3699 2992 3755 emendaret.
3011 3700 3181 3766 Tunc,
3212 3699 3353 3771 proh
3377 3697 3571 3755 dolorl

1973 3788 2388 3845 sacritissimum
2419 3789 2564 3844 beati
2586 3789 2850 3845 Germani
2879 3805 3077 3860 corpus
3107 3789 3175 3845 de
3193 3805 3294 3844 suo
3314 3787 3574 3845 eifossum

1974 3877 2246 3950 sepulcro.
2279 3877 2335 3932 in
2363 3877 2773 3950 possessionem
2803 3879 3080 3952 quandam
3110 3878 3352 3948 ejusdem
3382 3877 3580 3934 Eccle-

1975 3967 2090 4036 sise,
2132 3985 2254 4040 quae
2292 3968 2515 4023 Cumbis
2545 3976 2568 4001 °
2598 3968 2816 4035 dicitur,
2869 3968 3110 4023 delatum
3169 3976 3270 4022 est.
3321 3968 3430 4023 Sed
3461 3984 3583 4040 qua!

1974 4056 2229 4112 facundia
2263 4057 2420 4128 quive
2452 4073 2631 4112 sermo
2661 4073 2936 4127 exponere
2977 4063 3175 4127 potest,
3227 4055 3404 4128 qualis
3451 4056 3580 4111 dum

1975 4147 2093 4202 haec
2121 4152 2433 4218 agerentur,
2467 4152 2811 4217 quantusque
2829 4145 2884 4200 in
2906 4145 3099 4200 eadem
3115 4145 3362 4202 Ecclesia
3379 4144 3581 4201 exstitit

1975 4234 2156 4290 luctus
2177 4234 2204 4288 Ξ)
2236 4236 2407 4290 Senes
2436 4234 2621 4306 itaque
2650 4251 2712 4290 ac
2735 4235 2985 4304 juvenes,
3011 4234 3169 4306 pueri
3197 4234 3399 4290 flebant
3426 4241 3478 4290 et
3499 4235 3583 4290 in-

1978 4323 2173 4393 fantes,
2195 4332 2382 4396 utpote
2399 4340 2560 4380 nemo
2579 4341 2701 4380 sese
2714 4341 2744 4378 a
2764 4324 3017 4396 lacrymis
3039 4333 3344 4396 temperare
3365 4324 3575 4382 valens.

1979 4413 2234 4470 Similiter
2280 4421 2333 4469 et
2389 4414 2622 4469 aliorum
2653 4429 2886 4486 corpora
2932 4422 3249 4471 sanctorum
3297 4413 3353 4468 in
3387 4414 3583 4471 eodem

1983 4520 2123 4577 pago
2161 4503 2478 4576 degentium
2499 4503 2858 4572 extumulata,
2887 4512 3050 4576 atque
3081 4521 3180 4576 per
3209 4503 3425 4561 diversa
3456 4510 3584 4560 sunt

1984 4594 2104 4650 loca
2123 4593 2420 4666 deportata,
2456 4594 2696 4666 exceptis
2725 4593 2986 4650 duntaxat
3013 4593 3274 4650 membris
3321 4591 3584 4650 Macharii

1983 4683 2231 4757 Dionysii
2261 4687 2640 4757 sociorumque
2696 4684 2810 4754 eius
2850 4691 3154 4756 martyrum
3186 4701 3199 4739 :
3231 4699 3354 4756 quae
3380 4682 3508 4740 licet
3553 4695 3590 4738 a

1987 4794 2034 4844 in
2061 4795 2267 4856 gratiam
2288 4793 2696 4845 Germanensium
2717 4797 2884 4844 contra
2903 4791 3304 4856 Dionysiauosﬁe
3319 4789 3594 4846 molendino

1985 4862 2342 4912 Caroli-venum
2369 4865 2482 4911 ante
2507 4873 2660 4911 annos
2685 4862 2805 4912 duos
2829 4861 2890 4912 ab
2916 4861 3012 4912 illis
3029 4867 3211 4922 erecto,
3238 4862 3288 4910 et
3322 4859 3372 4910 in
3413 4860 3590 4924 Diony-

1985 4929 2122 4978 siano
2148 4929 2259 4978 item
2288 4929 2588 4978 chartulario
2621 4929 2834 4991 diploma
2879 4929 3090 4992 Philippi
3123 4927 3254 4978 tertii
3276 4925 3584 4980 Francorum

1984 4993 2134 5056 regis,
2159 5007 2256 5056 quo
2275 4993 2517 5055 justitiam
2541 4995 2691 5044 altam
2716 5000 2767 5044 et
2785 4995 2974 5046 bassam
3014 4997 3146 5058 apud
3179 4994 3590 5048 Caroli-acnuam

1987 5061 2257 5113 monachiis
2281 5062 2593 5124 Dionysianis
2618 5062 2764 5112 cedit.

2053 5164 2079 5201 b
2105 5146 2248 5196 Vides
2290 5146 2394 5208 jam
2431 5149 2535 5196 tum
2559 5146 2610 5196 in
2655 5159 2791 5197 more
2816 5147 3028 5209 positum
3054 5147 3220 5209 fuisse,
3245 5150 3302 5199 ut
3322 5160 3413 5199 rex
3436 5148 3593 5198 Frano

1988 5227 2152 5265 corum
2174 5213 2350 5264 bellum
2385 5213 2666 5276 przeliumve
2693 5217 3010 5277 suscepturus
3051 5217 3103 5266 S.
3145 5215 3375 5278 Dionysio
3422 5225 3588 5266 coram

1985 5294 2038 5330 se
2060 5293 2297 5342 suumque
2309 5281 2581 5330 exercitum
2608 5281 3137 5345 commendaret,quod
3165 5283 3344 5346 posteri
3372 5281 3595 5343 religiose

1987 5348 2323 5398 observarunt.
2353 5349 2481 5408 Lege
2505 5352 2658 5410 caput
2681 5349 2746 5399 20
2770 5348 2882 5400 libri
2897 5362 2931 5398 ιι
2952 5348 3014 5400 de
3053 5350 3306 5402 miraculis
3331 5351 3384 5401 S.
3413 5348 3596 5411 Diony-

1987 5414 2046 5465 sii
2070 5415 2200 5464 intra
2225 5415 2286 5466 ad
2311 5427 2494 5465 annum
2521 5416 2637 5466 784.

2054 5518 2071 5539 ο
2093 5499 2293 5550 Cumba:
2339 5499 2471 5559 villa,
2551 5500 2750 5550 Combes
2775 5502 2823 5551 la
2854 5501 2990 5563 villo,
3015 5501 3154 5552 vicus
3201 5501 3250 5551 in
3293 5511 3417 5564 pago
3459 5499 3596 5550 Bria-

1987 5565 2083 5629 gio,
2121 5569 2260 5617 sexto
2286 5567 2482 5618 milliari
2507 5580 2536 5633 a
2556 5567 2756 5619 Lutecia
2796 5569 3114 5633 Parisiorum,
3134 5568 3250 5620 olim
3273 5567 3335 5619 de
3355 5565 3468 5630 jure
3492 5579 3598 5620 mo-

1987 5633 2191 5686 nasterii
2213 5635 2268 5686 S.
2294 5632 2529 5687 Germani
2556 5635 2608 5687 in
2633 5634 2803 5688 codice
2828 5632 3322 5688 lrminonis'ahbatis.
