4086 6300
561 245 658 302 031

1481 239 1828 301 AIMOINUS
1880 235 2266 298 MONACHUS
2324 239 2778 300 SANGERMAN.

3687 253 3712 305 1
3723 251 3831 308 032

523 371 638 427 suis
667 369 867 427 fuerint
894 369 1166 426 abstracta
1181 367 1470 442 sepulcris,
1493 377 1720 441 propter
1764 376 1946 424 tamen
1973 367 2124 440 regis
2153 361 2210 424 A
2231 373 2332 436 est,
2357 367 2580 425 minime
2611 378 2828 441 oportet
2864 371 3030 426 silere
3055 387 3066 426 :
3099 371 3254 442 cujus
3283 373 3527 445 exempla
3557 383 3834 448 actusque

519 461 879 536 praesentiam,
939 475 1049 516 non
1108 466 1234 514 sunt
1288 466 1418 516 tunc
1447 459 1518 515 ad
1562 459 1668 514 alia
1698 459 1863 519 loca.
1890 459 2124 514 transire

523 553 820 625 compulsa.
847 551 1117 608 Statuerat
1155 549 1355 621 quippe
1383 565 1482 604 rex
1500 549 1701 621 populo
1731 549 1983 605 videlicet
2011 564 2045 604 a
2065 564 2125 604 se

522 643 762 710 labente,
809 650 868 696 ut
910 640 998 698 vel
1031 639 1146 709 jam
1177 637 1308 694 dicti
1364 639 1532 695 sancti
1559 638 1818 710 martyris
1850 647 2126 694 monaste-

521 733 662 789 rium
700 731 1038 797 defenderet,
1085 746 1151 786 eo
1207 729 1354 802 quod
1413 727 1552 784 diva:
1580 728 1861 784 memoriae
1907 728 2125 800 genitor

520 821 666 878 illius
695 839 839 892 eum,
871 837 997 878 cum
1043 826 1189 876 esset
1217 818 1498 890 parvulus,
1531 818 1709 874 eidem
1760 825 1951 874 sancto
1991 832 2123 889 spe-

521 911 646 969 ciali
667 911 961 967 traditione
989 909 1443 966 commendasset.
2071 902 2098 922 '

1165 1033 1392 1090 CAPUT
1420 1033 1488 1088 II.

596 1125 714 1182 Hoc
743 1124 950 1180 interea
991 1123 1144 1194 juxta
1172 1123 1502 1179 narrationis
1545 1121 1791 1178 ordinem
1829 1121 2120 1191 inseratur,

523 1218 668 1292 quod
715 1217 840 1272 dum
886 1222 1131 1270 sanctum
1162 1213 1279 1283 ejus
1307 1220 1621 1269 moveretur
1663 1229 1884 1282 corpus,
1917 1211 2124 1268 cuncti-

521 1316 717 1380 potens
746 1305 1007 1362 Dominus
1035 1303 1294 1376 dignatus
1338 1311 1418 1358 est
1466 1303 1774 1358 ostendere.
1809 1303 1950 1356 Nam
1995 1301 2122 1356 dum

519 1395 575 1450 in
607 1392 897 1450 eﬁ‘ossione
926 1391 1116 1462 ipsius,
1149 1397 1201 1444 et
1249 1388 1522 1460 quomodo
1575 1387 1776 1458 portari
1832 1387 2124 1442 deberetur

519 1483 802 1540 unanimes
856 1479 1050 1536 intenti
1105 1494 1370 1545 essemus,
1435 1477 1611 1533 cereis
1666 1492 1767 1547 pro
1815 1475 2124 1531 reverentia

517 1573 786 1639 accensis,
819 1586 950 1626 casu
979 1567 1177 1624 accidit
1226 1575 1280 1622 ut
1309 1583 1469 1633 unus,
1502 1582 1662 1638 quem
1727 1581 1866 1636 puer
1906 1564 2122 1620 incaute

517 1659 753 1724 tenebat,
786 1655 1085 1712 emanibus
1123 1653 1294 1724 ipsius
1311 1652 1502 1707 labens
1529 1660 1725 1719 rueret,
1759 1658 1981 1722 totoque
2002 1649 2120 1720 pri-

513 1752 674 1802 vatus
695 1743 1135 1814 exstingueretur
1162 1737 1364 1793 lumine
1399 1753 1410 1792 :
1445 1753 1607 1809 quem
1637 1752 1761 1793 cum
1790 1751 1822 1790 a
1843 1735 1960 1790 solo
1974 1735 2117 1788 idem

515 1851 656 1908 puer
684 1849 807 1891 cum
836 1830 985 1888 omni
1003 1827 1292 1886 velocitate
1337 1827 1594 1896 levasset,
1627 1825 1812 1881 lumen
1859 1824 2121 1880 amissum

515 1925 584 1980 ab
641 1923 812 1980 altero
869 1928 1112 1976 mutuare
1167 1917 1414 1988 cupiens,
1475 1915 1681 1971 meritis
1737 1915 1869 1970 tanti
1907 1913 2120 1986 patroni

518 2021 696 2071 actum
733 2019 832 2081 est,
867 2018 926 2065 ut
954 2008 1136 2064 statim
1165 2008 1222 2062 in
1251 2006 1502 2062 manibus
1531 2005 1648 2075 ejus
1679 2020 1874 2060 cereus
1921 2002 2119 2058 illumi-

517 2109 742 2159 naretur
771 2099 1087 2156 exstinctus.
1123 2096 1284 2164 Quod
1313 2095 1530 2168 quidem
1570 2093 1789 2160 mirum,
1823 2109 1924 2148 nec
1957 2093 2026 2147 ab
2057 2109 2118 2148 re

517 2200 699 2248 tamen
727 2189 996 2254 ducimus,
1029 2187 1075 2241 si
1108 2185 1311 2240 ibidem
1345 2184 1488 2256 ignis
1517 2183 1732 2239 divinus
1760 2181 2114 2254 resplenduit,

516 2281 626 2350 ubi,
660 2278 909 2354 quamvis
939 2275 1194 2350 lugubre,
1229 2272 1370 2328 ﬁlius
1391 2273 1760 2330 venerabatur
1777 2271 1933 2328 lucis.
1961 2271 2116 2327 Unde

515 2369 606 2444 qui
635 2370 862 2426 aderant
891 2365 1133 2422 universi
1162 2363 1372 2438 gratias
1419 2364 1534 2418 Deo
1592 2361 1896 2418 referentes
1951 2368 2116 2432 atque

512 2458 776 2533 praeclara
817 2454 1090 2528 pontiﬁcis
1159 2453 1351 2508 merita
1409 2452 1798 2518 collaudantes,
1834 2459 2117 2522 occperunt

511 2549 690 2622 magis
723 2545 1006 2619 magisque
1037 2543 1091 2598 in
1121 2541 1440 2614 psalmodiis
1469 2542 1680 2613 Deique
1709 2541 1960 2596 laudibus
1991 2555 2114 2595 esse

511 2637 712 2706 devoti,
746 2651 1026 2710 quousque
1056 2649 1212 2704 opus,
1247 2631 1372 2688 licet
1419 2631 1588 2698 triste,
1641 2637 2116 2687 consummaretur

510 2729 761 2784 honeste.

1133 2829 1356 2886 CAPUT
1385 2829 1477 2884 Ill.

577 2942 722 3000 Num
745 2939 882 3000 visio
911 2939 1002 2995 illa
1032 2955 1152 3011 quae
1172 2937 1446 3008 aliquibus
1475 2934 1646 3006 ipsius
1661 2933 1976 2990 monasterii
1997 2931 2111 2987 fra-

510 3033 688 3088 tribus
716 3031 911 3087 eadem
939 3036 1119 3095 nocte,
1162 3041 1270 3098 qua
1323 3024 1696 3080 beatissimum
1749 3024 1866 3093 ejus
1907 3038 2110 3093 corpus

511 3121 772 3179 eﬂ‘ossum
810 3128 911 3187 est,
958 3125 1252 3189 antequam
1297 3130 1494 3170 aurora
1523 3113 1904 3184 subsequentis
1932 3127 2106 3184 appa-
2131 3092 2181 3157 (αἶ

508 3220 656 3268 reret
682 3210 810 3278 diei,
843 3217 1066 3265 ostensa
1111 3214 1214 3274 est,
1245 3213 1304 3260 ut
1355 3220 1466 3259 non
1521 3203 1734 3259 dicatur
1789 3201 1963 3258 omitti
2005 3201 2107 3256 de—

508 3301 642 3358 bet?
672 3301 809 3356 Cum
839 3313 975 3370 ergo
1005 3297 1076 3352 ad
1103 3294 1331 3351 ﬂuvium
1362 3293 1628 3366 Sequanae
1657 3308 1754 3346 sua
1781 3307 2007 3363 quaeque
2037 3289 2108 3345 ad

507 3405 674 3446 naves
703 3388 960 3456 ferentes,
1002 3385 1177 3457 prima
1232 3381 1404 3454 ipsius
1450 3381 1626 3438 noctis
1672 3379 1856 3452 vigilia
1887 3379 2108 3451 quidam

506 3479 878 3553 perrexissent
907 3475 1101 3530 fratres
1121 3517 1134 3542 ,
1195 3473 1429 3544 indeque
1468 3471 1537 3526 ad
1580 3469 1972 3526 monasterium
1994 3469 2109 3538 jam

503 3575 830 3634 remearent,
861 3564 1108 3637 apparuit
1151 3562 1231 3618 eis
1260 3576 1557 3632 secumque
1586 3559 1748 3614 etiam
1805 3557 2110 3614 comitanti-

504 3658 608 3714 bus
627 3656 843 3712 famulis
885 3663 993 3710 tam
1021 3653 1322 3708 immensus
1349 3649 1608 3706 claritatis
1656 3647 1918 3719 splendor
1946 3662 2109 3717 super

504 3763 627 3803 eam
668 3743 918 3802 ecclesiae
964 3749 1196 3814 partem,
1231 3755 1336 3812 qua
1377 3739 1625 3809 ejusdem
1647 3736 1974 3794 sanctissimi
2004 3734 2108 3790 viri

507 3850 708 3906 corpus
762 3831 1004 3906 positum
1045 3837 1180 3896 erat,
1230 3835 1289 3882 ut
1335 3826 1570 3884 claritati
1623 3833 1930 3898 aequaretur
1977 3824 2105 3890 diei,

504 3923 806 3996 eademque
835 3917 1073 3978 ecclesia
1123 3916 1288 3976 veluti
1319 3916 1445 3988 igne
1503 3913 1784 3987 supposito
1831 3913 2110 3970 videretur

505 4012 758 4070 cremari.
817 4010 923 4081 Qui
953 4026 1078 4067 cum
1127 4007 1267 4063 intra
1308 4022 1368 4062 se
1397 4005 1624 4061 nimium
1669 4003 2022 4073 mirarentur,
2057 4009 2109 4058 et

502 4119 690 4160 eorum
721 4101 884 4159 corda
913 4096 1286 4170 hujuscemodi
1315 4094 1780 4152 considerationes
1801 4091 2109 4164 stupefacta

503 4193 790 4260 haererent,
821 4189 960 4246 visio
1007 4187 1268 4260 paulatim
1323 4184 1584 4242 deﬁciens
1644 4182 1933 4255 disparuit.
1973 4181 2108 4237 Per-

503 4281 896 4352 venientesque
944 4277 1013 4334 ad
1042 4274 1438 4333 monasterium
1470 4273 1727 4330 sciscitati
1757 4279 1901 4339 sunt,
1936 4269 1982 4325 si
2009 4269 2108 4326 ali-

502 4370 625 4443 quis
655 4369 903 4424 Fratrum
920 4382 988 4422 ea
1013 4367 1146 4421 hora
1189 4381 1315 4421 cum
1342 4361 1546 4417 lumine
1577 4377 1744 4434 super
1772 4361 1948 4432 ipsam
1983 4357 2110 4414 fuis-

501 4467 584 4516 set
615 4456 927 4514 ecclesiam.
960 4453 1192 4510 Nemine
1221 4461 1406 4508 tamen
1437 4451 1528 4523 qui
1555 4450 1714 4508 fuerit
1747 4457 1980 4522 reperto,
2012 4463 2106 4505 co-
2128 4458 2185 4522 Β

497 4553 807 4622 gnoverunt
827 4545 1095 4602 visionem
1117 4540 1421 4616 angelicam
1449 4539 1633 4595 divina
1661 4539 1856 4597 virtute
1885 4537 2095 4594 meritis

501 4635 672 4694 sancti
709 4641 999 4708 patratam,
1045 4631 1138 4706 qui
1181 4647 1277 4686 sua
1332 4628 1633 4700 migratura
1687 4643 1815 4684 ossa
1867 4628 2098 4700 piosque

497 4725 714 4783 cineres
758 4723 886 4780 talis
923 4721 1029 4778 sibi
1059 4719 1316 4778 claritatis
1345 4733 1609 4776 concessa
1638 4717 1818 4790 gratia
1863 4715 2098 4772 invisere

498 4813 820 4870 curavisset.

1132 4925 1359 4982 CAPUT
1385 4924 1478 4982 IV.

574 5035 712 5091 Illud
733 5051 947 5108 quoque
977 5033 1194 5107 insigne
1221 5032 1562 5103 miraculum,
1612 5030 1760 5104 quod
1788 5037 1912 5086 ante
1946 5029 2100 5086 bien-

501 5126 652 5184 nium
683 5140 792 5196 quo
819 5125 940 5180 haec
959 5123 1294 5190 acciderunt,
1350 5121 1564 5179 cuidam
1619 5121 1888 5177 monacho
1928 5119 2100 5192 ipsius

504 5211 822 5274 monasterii
865 5221 1025 5270 aetate
1073 5212 1426 5285 moribusque
1483 5211 1780 5286 grandaeva
1819 5217 2100 5266 ostensum

563 5343 739 5406 .Lege
781 5343 948 5392 tamen
987 5339 1361 5393 translationem
1406 5339 1736 5404 Reliquiarnm
1782 5335 2099 5406 S.7Dionysii

497 5410 709 5531 2181mm
745 5421 802 5460 ιιι
839 5409 901 5461 de
948 5408 1192 5462 Miraculis
1238 5410 1291 5460 S.
1359 5407 1574 5472 Dionysii
1632 5406 1761 5458 infra
1807 5405 1870 5457 ad
1916 5417 2100 5458 annum

563 5582 593 5620 ιι
635 5563 773 5616 Cella
816 5561 1058 5628 Equilina
1099 5560 1277 5615 dicitur
1318 5559 1370 5612 in
1415 5558 1582 5613 codice
1623 5557 1926 5624 lrminlonis,
1972 5557 2101 5624 quod

2223 455 2406 511 eximii
2453 458 2498 512 si
2550 467 2866 532 sequantur,
2920 460 3212 532 plurimum
3241 462 3506 533 prodesse
3563 472 3833 536 poterunt

2224 546 2294 601 ad
2339 547 2587 604 salutem.
2640 549 2786 604 Vidit
2837 549 3012 606 isdem
3071 551 3310 623 quadam
3340 560 3499 610 nocte
3529 553 3747 624 positus
3775 555 3832 608 in

2223 651 2439 707 sopore,
2470 637 2688 693 beatum
2745 638 3078 696 Germanum
3124 641 3281 713 quasi
3321 657 3420 697 suo
3448 642 3832 716 egredientem

2223 724 2292 780 de
2343 726 2613 796 sepulcro,
2659 727 2972 799 expeditum
3042 737 3206 801 atque
3271 731 3340 786 ad
3389 731 3488 786 iter
3544 731 3832 804 agendum

2221 824 2604 886 praeparatum.
2637 815 2742 886 Qui
2787 818 2952 874 veluti
2980 819 3157 874 sciens
3187 819 3438 876 eumdem
3467 837 3589 877 esse
3620 821 3832 877 beatis-

2222 903 2420 959 simum
2447 904 2548 960 Dei
2591 905 2873 976 famulum,
2919 907 3274 982 interrogavit
3301 910 3491 964 humili
3518 925 3680 981 voce,
3717 926 3829 983 quo

2225 992 2316 1048 tali
2356 1009 2622 1065 processu
2669 995 2820 1051 abire
2853 995 3202 1068 diSposuerit.
3235 1001 3303 1053 At
3338 997 3431 1054 ille
3461 998 3832 1071 migraturum

2224 1098 2284 1138 se
2337 1099 2403 1138 ex
2455 1084 2648 1139 eodem
2680 1085 2803 1141 loco
2833 1085 3128 1156 respondit.
3174 1085 3350 1156 Quem
3403 1104 3588 1143 rursus
3633 1088 3828 1145 animo

2223 1171 2445 1244 quidem
2473 1172 2680 1228 timenti
2709 1173 3051 1248 interrogans
3079 1175 3152 1230 ait
3187 1193 3198 1228 :
3245 1175 3497 1244 Domine,
3531 1184 3584 1232 et
3612 1177 3665 1232 si
3697 1185 3830 1234 tunc

2222 1259 2444 1328 abieris,
2477 1277 2580 1316 nos
2635 1262 2826 1317 tantilli
2872 1263 2948 1318 tui
3002 1263 3203 1320 servuli
3255 1264 3384 1336 quid
3412 1273 3602 1336 postea
3645 1263 3828 1322 facie-

2221 1365 2344 1404 mus
2363 1349 2391 1403 ?
2417 1349 2517 1404 Cui
2549 1351 2703 1422 quasi
2734 1351 2876 1406 tristi
2903 1351 3049 1408 vultu
3093 1360 3146 1408 et
3176 1369 3302 1409 cum
3337 1369 3535 1426 magno
3554 1371 3822 1423 mmrore,

2221 1445 2278 1492 ut
2309 1437 2486 1494 eidem
2515 1438 2663 1494 fratri
2692 1440 2996 1507 videbatur,
3047 1441 3118 1497 ait
3151 1459 3163 1496 :
3192 1444 3260 1498 Et
3289 1458 3386 1499 vos
3445 1459 3509 1500 ex
3565 1443 3672 1500 isto
3720 1443 3826 1499 mi-

2221 1527 2452 1599 grabitis
2485 1528 2626 1596 loco,
2659 1537 2897 1586 attamen
2944 1547 3075 1587 vere
3104 1532 3450 1605 cognoscetis
3480 1533 3744 1605 quoniam
3772 1541 3828 1590 et

2223 1631 2328 1688 ego
2357 1625 2614 1685 revertar,
2642 1635 2849 1691 vosque
2886 1619 3236 1676 miseratione
3267 1621 3450 1678 divina
3490 1621 3652 1678 simul
3697 1638 3827 1680 cum

2137 1726 2190 1786 Β
2221 1711 2464 1776 tempore
2493 1707 2756 1778 disposito
2787 1709 3118 1764 remeabitis.
3153 1707 3325 1779 Quam
3354 1710 3620 1768 visionem
3635 1712 3822 1768 veris-

2221 1794 2414 1850 simam
2443 1793 2630 1866 fuisse,
2665 1813 2727 1852 ea
2766 1814 2887 1870 qua:
2933 1799 3290 1871 consequenti
3317 1797 3426 1856 ﬁne
3473 1808 3601 1856 sunt
3655 1817 3820 1859 com-

2219 1883 2369 1954 pleta
2396 1883 2764 1941 declararunt.

2850 1976 3074 2034 CAPUT
3119 1978 3181 2033 V.

2289 2075 2403 2131 Nec
2423 2075 2555 2132 illud
2575 2077 2720 2149 quod
2736 2076 2951 2134 cuidam
2977 2079 3034 2134 in
3062 2079 3255 2136 eadem
3283 2080 3514 2137 ecclesia
3533 2081 3816 2140 revelante

2217 2162 2430 2220 Christo
2459 2165 2787 2237 patefactum
2821 2176 2938 2238 est,
2981 2175 3034 2224 et
3077 2168 3294 2225 silentio
3325 2171 3610 2242 praeterire
3638 2172 3815 2228 debe-

2216 2269 2383 2308 mus:
2423 2255 2679 2326 quoniam
2737 2257 2868 2312 dum
2913 2257 3272 2328 praedicamus
3318 2260 3466 2326 talia,
3514 2259 3816 2318 excitantur

2216 2343 2548 2398 audientium
2569 2345 2739 2401 corda
2766 2346 2834 2400 ad
2851 2346 3107 2402 melliﬂua
3127 2356 3437 2404 sanctorum
3463 2349 3814 2422 deposcenda

2218 2431 2500 2506 suffragia.
2526 2433 2760 2504 Quidam
2779 2451 2910 2491 vero
2932 2435 3219 2508 religiosus
3231 2437 3473 2508 ejusdem
3489 2440 3810 2495 monasterii

2215 2520 2398 2588 frater,
2431 2539 2552 2578 cum
2581 2523 2674 2578 alii
2714 2524 3070 2596 completorio
3117 2535 3338 2596 peracto
3392 2527 3716 2584 festinarent
3741 2529 3810 2584 ad

2214 2611 2476 2682 requiem,
2509 2628 2616 2684 quo
2645 2611 2789 2668 fessa
2817 2622 2938 2686 post
2959 2614 3066 2670 diei
3091 2614 3336 2672 laborem
3363 2632 3597 2689 corpora
3635 2617 3808 2675 lectu-

2211 2699 2280 2754 lis
2301 2700 2646 2767 reclinarent,
2681 2719 2831 2758 sesse
2858 2703 2949 2758 ille
2977 2711 3102 2759 ante
3129 2705 3438 2776 sepulcrum
3493 2706 3638 2762 beati
3669 2707 3807 2764 Ger-

2213 2789 2363 2844 mani
2391 2791 2684 2861 peculiaris
2705 2791 2964 2848 orationis
2985 2808 3148 2849 causa
3177 2794 3422 2864 projecit.
3457 2795 3704 2868 Cumque
3719 2796 3808 2852 diu

2215 2878 2472 2934 caelorum
2501 2895 2565 2936 ac
2595 2879 2758 2936 totius
2774 2881 2962 2936 mundi
2991 2882 3282 2937 Dominum
3311 2899 3412 2954 pro
3442 2884 3557 2939 suis
3572 2901 3806 2942 exorans

2214 2965 2444 3035 delictis,
2483 2984 2643 3040 opem
2664 2969 2806 3026 beati
2837 2969 3095 3026 Germani
3116 2979 3553 3046 coeterorumque
3583 2981 3806 3031 sancto-

2214 3072 2335 3110 rum
2363 3056 2570 3114 intento
2608 3059 2775 3115 corde
2801 3057 3050 3116 ﬁdelibus
3089 3061 3296 3117 cunctis
3322 3062 3652 3134 deposceret
3676 3065 3804 3136 (jam

2211 3145 2356 3201 enim
2385 3146 2644 3219 frequens
2672 3165 3009 3220 paganorum
3038 3166 3225 3206 rumor
3251 3151 3319 3206 ad
3353 3160 3575 3208 nostras
3605 3154 3803 3210 certis-

2210 3235 2345 3290 sime
2400 3237 2791 3307 percrebuerat
2821 3240 3024 3306 aures),
3058 3247 3184 3295 ante
3216 3240 3527 3312 quindecim
3555 3241 3674 3299 fere
3689 3243 3804 3299 dies

2207 3324 2472 3382 adventus
2501 3325 2719 3382 illorum
2749 3327 2867 3385 haec
2886 3327 3148 3384 mirabilis
3167 3329 3272 3384 sibi
3290 3339 3512 3386 ostensa
3531 3340 3616 3388 est
3645 3331 3800 3390 visio.

2206 3412 2349 3468 Nam
2377 3414 2448 3470 ab
2486 3415 2731 3472 oratione
2762 3417 2854 3489 qui
2875 3417 3121 3486 jacuerat
3151 3435 3405 3491 surgens,
3439 3421 3646 3492 apertis
3675 3421 3804 3478 vidit

2207 3502 2398 3572 oculis,
2435 3511 2492 3559 ut
2521 3503 2650 3560 olim
2671 3513 2841 3561 totum
2871 3508 3134 3563 mundum
3150 3509 3314 3564 Pater
3331 3509 3681 3582 Benedictus,
3713 3528 3803 3568 se-

2205 3591 2457 3662 pulcrum
2512 3593 2811 3650 beatissimi
2841 3597 3098 3652 Germani
3149 3596 3312 3653 veluti
3340 3598 3690 3669 patefactum,
3716 3601 3801 3673 ip-

2209 3697 2438 3754 sumque
2483 3683 2884 3740 sanctissimum
2933 3701 3134 3757 corpus
3177 3685 3498 3760 indisruptis
3553 3691 3799 3746 vestibus

2206 3769 2474 3840 indutum,
2531 3780 2695 3844 atque
2733 3773 3031 3830 ministerio
3065 3784 3121 3831 ut
3169 3775 3344 3831 fuerat
3391 3776 3577 3834 divino
3597 3778 3654 3834 in
3683 3779 3802 3852 ipso

2207 3862 2548 3935 sarcophago
2596 3863 2844 3920 ordinate
2899 3865 3279 3937 compositum,
3340 3867 3802 3938 quemadmodum

2206 3947 2325 4020 ipse
2352 3958 2475 4021 post
2503 3951 2783 4022 paululum
2825 3969 3125 4026 omnesque
3167 3954 3258 4028 qui
3305 3955 3466 4012 simul
3505 3957 3798 4028 adfuimus,

2206 4038 2501 4095 dolendum
2529 4041 2887 4113 inspeximus.
2907 4043 2996 4100 Sic
3015 4043 3297 4112 Dominus,
3323 4061 3424 4102 suo
3455 4047 3656 4104 dilecto
3677 4065 3804 4106 san-

2207 4136 2434 4202 ctusque
2476 4129 2787 4188 Germanus
2825 4133 3117 4189 ostendere
3145 4133 3333 4204 voluit,
3385 4136 3530 4208 quod
3563 4137 3620 4192 in
3650 4137 3803 4194 brevi

2205 4219 2446 4289 peccatis
2488 4219 2814 4276 facientibus
2887 4223 3086 4278 nostris
3135 4231 3250 4279 erat
3291 4223 3651 4296 implendum.
3684 4228 3801 4285 Nec

2205 4307 2344 4364 visio
2371 4308 2526 4380 prius
2553 4326 2715 4383 quam
2750 4310 2976 4368 visionis
3023 4311 3304 4386 sequentia
3351 4314 3605 4372 omnibus
3657 4333 3799 4390 pan-

2208 4397 2374 4454 ditur.
3369 4399 3377 4405 ’

2825 4489 3052 4548 CAPUT
3088 4491 3180 4548 VI.

2263 4595 2326 4650 In
2349 4604 2650 4652 memorato
2667 4596 2903 4670 denique
2922 4598 3330 4657 Caroli-venata
3344 4600 3466 4658 loco
3491 4601 3599 4674 ipsi
3627 4601 3792 4661 Nort-

2194 4699 2520 4742 mannorum
2545 4686 2732 4758 pepuli
2760 4703 2820 4742 se
2847 4687 3086 4744 victores
3119 4704 3285 4762 seque
3317 4690 3636 4762 superiores
3670 4709 3794 4750 esse

2196 4774 2615 4846 conspicientes,
2661 4775 2791 4830 dum
2832 4776 3012 4834 adhuc
3053 4787 3422 4848 morarentur,
3461 4789 3725 4838 exeuntes
3760 4797 3795 4838 a

2196 4863 2428 4920 navibus
2464 4863 2672 4920 Cellam
2701 4872 2964 4933 nostram,
2988 4884 3108 4939 quae
3119 4876 3310 4924 contra
3337 4869 3424 4924 vel
3453 4885 3614 4927 secus
3642 4886 3790 4926 eum-

2199 4953 2327 5008 dem
2381 4953 2565 5010 locum
2627 4954 2807 5027 posita
2831 4962 2932 5023 est,
2995 4971 3158 5012 cursu
3211 4973 3448 5030 propero
3475 4955 3788 5016 festinantes

2197 5041 2557 5100 intraverunt.
2595 5044 2750 5102 Unde
2778 5043 3100 5102 miraculum
3129 5047 3272 5119 quod
3297 5047 3408 5104 illic
3436 5055 3567 5106 tunc
3594 5047 3786 5105 factum

2198 5133 2580 5203 comperimus,
2613 5133 2872 5206 optimum
2891 5134 2937 5189 si
2967 5143 3220 5192 narretur
3235 5144 3510 5209 putamus.
3541 5137 3785 5210 Namque

2198 5220 2255 5276 in
2312 5222 2508 5279 eadem
2552 5223 2706 5280 Cella
2732 5235 2760 5272 b
2790 5223 3038 5281 ecclesiis
3084 5226 3315 5298 apostoli
3368 5227 3514 5283 Petri
3558 5226 3784 5300 almique

2199 5360 2295 5420 non
2317 5351 2460 5417 longe
2485 5353 2595 5404 sita
2617 5353 2739 5405 silva
2762 5353 3009 5416 Equilina.
3036 5353 3152 5405 Haec
3178 5355 3256 5405 est
3286 5353 3440 5420 Cella,
3468 5366 3611 5419 quam
3635 5354 3783 5406 Wan-

2197 5419 2454 5472 dremarus
2520 5421 2684 5472 Abbas
2743 5423 2798 5472 S.
2861 5422 3111 5473 Germano
3190 5420 3382 5473 dedisse
3426 5419 3780 5486 'memoratur,

2198 5486 2438 5541 hactenus
2459 5488 2522 5541 de
2546 5501 2632 5542 ure
2653 5487 2870 5541 Cmnobii
2893 5489 3047 5541 nostri
3070 5489 3212 5554 vulgo
3235 5489 3283 5540 Ia
3310 5488 3461 5540 Cella.
