4086 6296
203 192 341 245 1033

1172 199 1267 255 DE
1305 199 1676 255 MIRACULIS
1731 199 1784 253 S.
1841 197 2180 255 GERMANI.
2231 231 2300 241 —
2329 201 2454 256 LIB.
2490 203 2530 256 Ι.

3355 215 3492 276 1036

205 313 468 374 Germani
494 319 676 390 ignem
693 327 880 393 terque
901 330 1198 394 quaterque
1220 339 1529 394 supponere
1551 324 1784 378 nitentes
1814 323 1870 381 A
1899 322 2178 376 orantibus
2208 323 2278 377 ad
2306 325 2584 380 dexteram
2615 327 2715 380 sita
2749 337 2885 397 erat,
2925 333 3192 390 tredecies
3224 336 3496 409 totiusque

203 420 328 460 cum
379 407 728 476 defecissent,
776 427 869 465 eas
917 412 1211 466 incendere
1255 413 1540 467 amborum
1588 412 1797 467 meritis

199 511 313 550 non
343 497 604 564 valentes,
639 499 878 554 claustra
910 500 1151 568 ejusdem
1182 501 1348 557 Cella;
1368 501 1585 556 tandem
1609 518 1797 574 egres-

203 584 290 645 si.
324 585 582 641 horreum
614 588 756 659 quod
789 588 862 642 ibi
891 597 1008 644 erat
1032 590 1185 657 juxta
1230 591 1464 660 positum
1510 606 1796 646 cremave-

200 682 365 728 runt:
399 691 464 729 ex
503 691 610 746 quo
656 684 834 731 tantus
883 677 1218 732 ﬂammarum
1265 679 1464 749 globus
1511 680 1648 733 aeris
1689 680 1798 733 alta

199 771 395 833 petens
426 764 668 819 ascendit
696 807 708 830 ,
743 765 836 836 qui
866 766 1134 836 quasdam
1184 767 1408 822 arbores
1452 767 1592 821 ultra
1637 767 1796 821 etiam

191 851 308 920 jam
339 851 535 907 dictam
575 853 779 908 Cellam
823 853 1062 909 virentes
1105 856 1438 916 incenderet.
1490 855 1637 926 ipsas
1669 872 1797 911 vero

202 941 466 996 ecclesias
493 942 726 997 intactas
758 943 999 1013 integras
1030 952 1086 997 ut
1108 952 1264 998 erant
1285 943 1638 1016 relinqueret.
1664 945 1796 998 Cum

203 1029 430 1101 insuper
451 1039 644 1085 ventus
672 1031 924 1086 australis
953 1032 1287 1088 validissime
1309 1034 1460 1087 ﬂaret
1485 1076 1497 1099 ,
1524 1041 1798 1104 totumque

203 1116 320 1173 fere
349 1118 658 1174 incendium
704 1120 953 1175 eamdem
991 1121 1044 1175 in
1077 1129 1278 1191 partem
1309 1121 1594 1192 projiceret
1617 1165 1630 1188 ,
1654 1121 1798 1176 illico

204 1208 647 1277 septentrionalis
675 1225 706 1263 e
736 1209 962 1279 regione
994 1209 1208 1280 spirans
1240 1210 1522 1264 intumuit:
1555 1217 1714 1281 atque
1744 1210 1797 1264 in

201 1294 422 1351 alterius
451 1296 619 1368 partis
647 1295 788 1352 latus
827 1297 1120 1352 australem
1149 1298 1282 1352 mira
1323 1299 1678 1354 conversione
1709 1314 1798 1352 re-

203 1382 428 1439 ﬂectens
453 1429 466 1450 ,
498 1401 716 1440 omnem
746 1385 855 1440 vim
885 1386 1091 1456 pariter
1135 1387 1371 1441 retorsit.
1406 1388 1485 1440 Ita
1533 1386 1798 1440 mirabilis

203 1472 351 1528 Deus
378 1516 390 1539 ,
423 1473 513 1545 qui
543 1473 774 1529 famulos
817 1490 945 1529 suos
994 1489 1180 1529 secum
1229 1474 1501 1546 fulgentes
1544 1475 1594 1528 in
1645 1474 1800 1530 coalis

201 1576 423 1684 semper
467 1563 601 1616 mira
631 1561 904 1618 communi
950 1562 1165 1634 pietatis
1215 1563 1388 1636 gratia
1437 1571 1698 1634 operatur
1744 1563 1800 1618 in

225 1646 385 1684 ems.

225 1646 385 1686 ems.

831 1767 1054 1822 CAPUT
1095 1767 1206 1821 VII.

275 1886 410 1940 Cum
438 1885 606 1958 igitur
621 1886 846 1940 sabbato
871 1885 1115 1956 paschali
1137 1885 1336 1940 diffusa
1363 1885 1581 1942 navium
1604 1887 1796 1942 classis

205 1973 478 2035 Parisius.
540 1982 597 2028 ut
644 1989 810 2044 supra
873 1974 1102 2028 relatum
1152 1982 1268 2039 est,
1321 1975 1695 2044 pervenisset,
1742 1975 1797 2028 in

205 2062 499 2118 crastinum
532 2079 654 2118 cum
699 2077 828 2116 suos
855 2063 970 2130 jam
1003 2061 1084 2116 sol
1129 2062 1381 2117 lucitluos
1410 2063 1678 2118 emitteret
1702 2079 1795 2117 ra-

201 2149 326 2205 dios
357 2151 576 2221 prOpria
605 2159 776 2204 totum
809 2151 1086 2204 illustrans
1127 2151 1380 2221 lampade
1433 2151 1695 2206 mundum
1715 2196 1730 2217 ,
1767 2168 1796 2207 e

203 2239 433 2294 navibus
482 2247 937 2310 prorumpentes,
997 2239 1175 2309 ipsam
1203 2239 1497 2306 civitatem,
1547 2248 1603 2294 ut
1661 2256 1796 2309 prm-

203 2327 450 2382 misimus
477 2370 490 2393 ,
532 2328 818 2398 vicinaque
859 2327 1167 2380 suburbana
1215 2329 1423 2398 absque
1470 2328 1795 2382 habitatori-

204 2415 311 2470 bus
359 2425 711 2486 repererunt:
762 2415 1110 2488 ingressique
1156 2416 1544 2471 monasterium
1601 2417 1798 2471 beatis-

201 2501 326 2554 simi
357 2501 654 2566 Germani,
702 2501 800 2556 Dei
849 2500 1034 2555 fanum
1081 2502 1464 2572 residuumque
1507 2500 1792 2566 ecclesiae,

201 2586 350 2656 quod
413 2585 718 2640 securitatis
795 2585 994 2641 damno
1058 2595 1393 2641 remanserat
1454 2594 1792 2655 apparatum,

201 2670 611 2739 contaminare,
674 2670 999 2741 pollutisque
1063 2671 1314 2725 manibus
1366 2679 1645 2740 cciperunt
1693 2671 1795 2725 de-

201 2762 434 2808 struere.
468 2754 577 2809 Sed
607 2755 730 2824 quia
762 2755 993 2809 Domino
1022 2755 1315 2809 miserante
1360 2771 1462 2809 nec
1506 2755 1579 2807 ibi
1625 2755 1796 2808 virtus

200 2838 371 2893 defuit
414 2838 654 2907 ejusdem
705 2839 1034 2894 sanctissimi
1071 2840 1280 2906 Patris,
1328 2839 1550 2892 minime
1599 2839 1797 2893 debent

198 2927 452 2997 reticeri,
505 2944 627 2998 qua;
675 2935 801 2982 tunc
851 2927 960 2983 illic
1010 2929 1172 2982 totius
1221 2927 1410 2980 mundi
1461 2929 1684 2981 Creator
1726 2927 1796 2980 ad

1827 1678 1880 1737 B

1897 411 2145 480 corporis
2176 413 2366 466 adnisu
2415 415 2576 468 veluti
2621 418 2878 486 capulans
2927 423 3139 477 hostem
3168 434 3492 494 percuteret.

1899 499 1995 552 Cui
2052 501 2305 555 continuo
2352 502 2426 555 ita
2481 519 2672 558 manus
2717 507 2973 574 dexterae,
3027 527 3134 581 qua
3188 513 3495 568 columnam

1898 587 2070 657 ipsam
2102 589 2381 654 inciderat,
2416 591 2644 646 virilitas
2677 597 2910 661 evanuit,
2933 606 2988 651 ut
3021 609 3143 669 post
3172 601 3319 655 illum
3351 585 3496 657 diem

1899 675 2382 747 (quemadmodum
2413 679 2557 733 idem
2589 681 2779 736 Kobbo
2823 684 2970 748 vidit,
3021 689 3110 757 qui
3149 698 3200 743 et
3231 707 3325 745 eas
3355 691 3496 746 inci—

1899 765 2080 819 siones
2122 765 2277 820 nobis
2322 767 2699 838 ignorantibus
2745 787 2988 840 praesens
3033 778 3286 848 ostendit)
3325 796 3498 851 usque

1899 853 1968 906 ad
2000 853 2266 907 infelicem
2301 856 2416 922 ejus
2447 873 2512 909 ex
2543 858 2646 912 hac
2675 859 2783 913 vita
2813 861 3120 916 discessum
3150 881 3365 935 semper
3393 867 3501 920 im-

1897 941 2116 995 mobilis
2162 943 2424 1013 aridaque
2477 953 2526 999 et
2566 955 2623 999 ut
2656 945 2831 1001 fuerat
2861 959 3087 1004 extensa
3115 961 3452 1022 permaneret
3485 969 3498 1008 :

1900 1029 2244 1084 manubrium
2291 1047 2422 1086 vero
2465 1033 2596 1086 ferri
2635 1034 2706 1088 ita
2752 1051 2916 1090 manu
2947 1041 3384 1112 compaginatum
3413 1041 3502 1094 in-

1899 1117 2151 1183 haeserat,
2184 1127 2241 1173 ut
2289 1136 2564 1191 nunquam
2608 1122 2677 1176 ab
2709 1139 2770 1177 ea
2801 1125 2983 1196 aliquo
3015 1127 3234 1199 ingenio
3266 1129 3351 1183 vel
3383 1137 3500 1185 arte

1899 1205 2004 1259 nisi
2033 1223 2150 1260 cum
2198 1207 2337 1262 cutis
2381 1217 2536 1278 parte
2567 1211 2726 1265 avelli
2757 1214 3010 1281 potuerit.
3045 1214 3150 1284 Qui
3178 1217 3385 1271 tamdiu
3414 1217 3503 1272 ni-

1898 1294 2010 1348 mia
2057 1295 2337 1350 vexatione
2381 1298 2758 1368 compatientis
2807 1303 3054 1373 corporis
3100 1305 3369 1360 cruciatus
3399 1313 3500 1372 est,

1900 1383 2075 1438 donec
2102 1384 2465 1439 miserrimam
2494 1385 2669 1442 ﬁniret
2717 1389 2900 1455 vitam,
2944 1390 3138 1460 plenus
3169 1393 3504 1464 indignatio-

1900 1471 1985 1524 nis
2016 1479 2068 1526 et
2090 1472 2209 1541 ira},
2241 1473 2494 1528 manibus
2545 1476 2935 1532 daemoniorum
2979 1478 3236 1536 devectus
3280 1482 3349 1536 ad
3387 1490 3503 1537 tar-

1901 1567 2081 1614 tareas
2113 1561 2274 1615 sedes
2303 1563 2477 1633 cocyti
2509 1562 2864 1637 fmtidumque
2893 1567 3072 1623 lacum
3105 1569 3318 1624 averni.

2529 1688 2754 1743 CAPUT
2783 1690 2882 1744 IX.

1973 1771 2171 1842 Operae
2201 1773 2446 1842 praetium
2480 1773 2596 1830 fore
2625 1777 2916 1844 credimus,
2938 1779 2984 1834 si
3002 1788 3055 1835 et
3083 1780 3216 1836 illud
3248 1798 3505 1854 magnum

1898 1869 2150 1915 narretur
2198 1861 2544 1917 miraculum.
2591 1865 2762 1934 Igitur
2809 1867 2936 1920 dum
2993 1868 3172 1938 ipsum
3221 1873 3504 1927 sanctissi-

1899 1965 2048 2002 mum
2120 1950 2415 2004 oratorium
2479 1968 2511 2004 a
2574 1954 2934 2022 crudelissimi
2991 1956 3155 2027 impie
3211 1959 3508 2014 violaretur

1904 2037 2083 2102 turba,
2118 2045 2264 2091 tanta
2305 2039 2482 2093 subito
2529 2041 2742 2095 nebulae
2789 2050 2872 2096 est
2912 2045 3174 2100 densitate
3217 2047 3501 2116 repletum,

1899 2125 2256 2196 ejusdemque
2288 2127 2512 2182 obsceni
2541 2128 2835 2184 violatores
2883 2131 2956 2186 ita
2987 2133 3154 2188 divini
3178 2134 3367 2202 judicii
3394 2151 3507 2191 cae-

1899 2213 2060 2267 citate
2109 2215 2366 2283 perculsi,
2416 2225 2683 2286 quatenus
2727 2217 2858 2272 illud
2885 2229 3031 2274 metu
3061 2237 3125 2276 ac
3155 2230 3387 2277 tremore
3416 2223 3506 2276 ni-

1897 2301 2007 2355 mio
2028 2302 2300 2371 pavefacti
2330 2304 2579 2374 linquere
2610 2306 2911 2375 cupientes,
2943 2308 3031 2362 vix
3071 2310 3206 2364 ostia
3235 2311 3324 2365 vel
3357 2311 3505 2366 fores

1897 2405 1998 2459 per
2039 2407 2175 2460 quas
2223 2391 2560 2446 intraverant
2607 2392 2851 2449 invenire
2893 2395 3154 2452 valerent.
3215 2397 3412 2470 Sicque
3450 2400 3506 2453 in

1897 2478 2202 2532 oberrando
2232 2479 2431 2534 diutius
2461 2480 2684 2551 fatigati,
2719 2483 2935 2536 tandem
2958 2494 3303 2555 erumpentes
3334 2504 3504 2558 quan-

1897 2565 2068 2620 tocius
2112 2566 2438 2639 eftugerunt,
2492 2569 2581 2622 tali
2624 2571 2694 2624 ab
2736 2571 2829 2626 illo
2871 2571 2959 2626 die
2991 2581 3246 2646 tantoque
3302 2591 3500 2645 pervas

1897 2661 2126 2723 terrore,
2186 2673 2294 2726 quo
2342 2673 2449 2710 non
2493 2658 2611 2711 ausi
2659 2659 2884 2713 ulterius
2940 2669 3124 2715 essent
3178 2679 3500 2735 quacunque

1897 2742 2141 2798 foeditate
2199 2744 2369 2814 ipsam
2417 2747 2786 2802 contaminare
2830 2749 3140 2804 ecclesiam.
3191 2751 3419 2822 Insuper
3448 2760 3502 2807 et

1900 2831 1976 2886 ita
2006 2832 2317 2902 dysentiriae
2364 2834 2552 2888 morbo
2583 2835 2778 2889 exinde
2809 2837 2889 2906 (ut
2936 2846 3018 2891 est
3049 2838 3348 2910 vulgatum)
3379 2849 3503 2895 sunt

1898 2919 2096 2986 aﬂlicti,
2130 2929 2186 2974 ut
2209 2921 2337 2974 dum
2371 2923 2612 2992 quotidie
2644 2932 3002 2994 morerentur,
3037 2927 3218 2980 nullus
3261 2943 3327 2982 ex
3355 2935 3495 2982 tanta

201 3015 413 3071 laudem
455 3016 536 3070 sui
579 3016 811 3071 nominis
863 3017 1044 3087 gratia
1084 3017 1256 3086 ipsius
1288 3015 1560 3086 pontiﬁcis
1607 3024 1797 3070 osten-
1833 3030 1881 3092 ς]
1903 3008 2244 3063 multitudine
2277 3027 2336 3063 se
2363 3019 2579 3078 putaret
2609 3013 2863 3067 evadere.

199 3105 332 3160 dere
363 3105 616 3177 dignatus
646 3113 728 3159 est
759 3105 1048 3160 miracula.
1119 3105 1252 3174 Quae
1313 3105 1441 3176 quia
1499 3121 1659 3159 nemo
1690 3122 1794 3160 no-

196 3202 370 3248 strum
391 3193 646 3254 interfuit.
681 3193 895 3263 penitus
927 3194 1354 3265 ignorabamus:
1381 3202 1573 3262 postea
1609 3201 1790 3248 tamen

199 3297 232 3336 ιι
277 3281 525 3336 ﬁdelibus
580 3282 786 3336 missis-
822 3283 1078 3337 Ludovici
1139 3282 1543 3350 Bejuvariorum
1603 3282 1789 3353 regis,

200 3370 463 3426 Kobbone
495 3371 742 3426 videlicet
771 3370 999 3442 aliisque
1031 3387 1167 3441 quos
1199 3372 1267 3425 ad
1285 3371 1587 3441 principem
1622 3372 1791 3424 Nort-

197 3475 522 3514 mannorum
555 3460 758 3515 Horich
789 3461 1007 3514 nomine
1042 3460 1330 3530 legationis
1373 3476 1535 3514 causa
1580 3460 1792 3515 direxe-

199 3552 310 3610 rat,
344 3559 409 3598 ea
438 3544 826 3616 cognovimus:
861 3545 952 3615 qui
998 3545 1154 3597 nobis
1180 3545 1271 3597 illa
1321 3543 1554 3598 fideliter
1604 3559 1792 3597 narra-

197 3641 429 3699 verunt,
463 3633 920 3704 quemadmodum
951 3633 1052 3702 ipsi
1086 3634 1165 3700 (ut
1196 3633 1374 3686 testati
1424 3635 1570 3700 sunt)
1610 3647 1792 3687 coram

199 3720 398 3776 Horich
428 3730 724 3792 praesentes
755 3738 818 3776 ex
850 3729 1000 3790 parte
1027 3721 1279 3774 viderunt
1305 3765 1316 3785 ,
1351 3730 1512 3791 atque
1536 3738 1600 3774 ex
1633 3729 1788 3790 parte

203 3811 270 3864 ab
298 3810 432 3880 ipsis
460 3810 550 3881 qui
581 3819 709 3865 tunc
740 3810 794 3863 in
812 3810 930 3880 ipsa
961 3809 1195 3864 ecclesia
1219 3853 1232 3874 ,
1259 3811 1477 3881 quando
1501 3811 1615 3864 haec
1636 3816 1789 3880 gesta

198 3906 322 3954 sunt
345 3941 358 3965 ,
392 3899 553 3953 simul
581 3898 803 3953 aderant
831 3899 1150 3952 Christianis
1171 3899 1475 3953 audierunt.
1509 3900 1647 3952 Nam
1667 3915 1790 3954 cum

197 3989 382 4042 trabes
405 3987 649 4044 ecclesias
677 3987 1020 4042 miserrimus
1051 3988 1140 4042 ille
1170 3989 1422 4056 populus,
1465 3988 1593 4058 quia
1638 3996 1790 4041 erant

195 4077 446 4147 abiegnae
467 4121 478 4140 ,
513 4085 564 4130 et
593 4076 795 4131 idcirco
854 4076 1060 4129 habiles
1117 4076 1334 4146 navigio
1358 4119 1369 4140 ,
1404 4076 1644 4130 incidere
1676 4086 1789 4128 ten-

195 4162 488 4226 tavissent;
522 4170 632 4215 tres
663 4179 728 4215 ex
759 4161 996 4233 maligno
1046 4175 1236 4214 eorum
1284 4176 1509 4213 numero
1553 4169 1675 4213 ante
1705 4160 1788 4212 al-

193 4250 326 4304 taris
387 4250 722 4320 crepidinem
778 4250 921 4304 beati
994 4247 1282 4318 Stephani,
1346 4248 1570 4301 invalidi
1625 4248 1788 4301 totius

194 4339 410 4393 virtutis
450 4341 648 4394 robore
693 4347 912 4394 mentes
953 4338 1297 4400 ceciderunt,
1331 4346 1494 4407 atque
1525 4336 1784 4391 confracti

195 4427 505 4482 incredulas
536 4429 758 4498 Deoque
782 4427 1012 4481 odibiles
1033 4426 1241 4489 animas
1271 4425 1392 4478 aliis
1448 4427 1639 4479 timore
1660 4442 1784 4495 per-

196 4516 366 4571 culsis
412 4517 726 4570 exhalantes
747 4561 759 4581 ,
793 4523 1083 4586 perpetuas
1129 4515 1532 4568 descenderunt
1560 4515 1627 4568 ad
1658 4531 1785 4568 um-

197 4605 326 4658 bras
350 4648 362 4669 ,
395 4605 485 4658 ubi
515 4605 653 4658 edax
684 4604 886 4659 vermis
917 4619 1104 4658 eorum
1137 4617 1248 4657 non
1295 4602 1587 4668 morietur,
1624 4610 1676 4657 et
1705 4603 1788 4657 ni-

193 4693 338 4748 mius
368 4709 553 4748 eorum
582 4693 726 4764 ignis
755 4708 862 4748 non
884 4693 1280 4765 exstinguetur.

788 4876 1012 4931 CAPUT
1050 4875 1190 4930 VIII.

269 5001 512 5073 Cumque
542 4999 674 5056 illud
705 5000 806 5056 Dei
864 5001 1120 5072 templum
1151 4997 1444 5052 atrabibus
1495 4998 1568 5053 ita
1615 5014 1788 5053 cessa-

196 5101 311 5146 tum
334 5100 611 5163 totumque
651 5091 808 5145 simul
868 5089 1331 5160 depopularentur
1377 5089 1782 5155 monasterium,

196 5180 395 5238 accidit
423 5190 478 5234 ut
508 5197 648 5234 unus
679 5196 868 5235 eorum
902 5180 1062 5234 etiam
1111 5179 1252 5248 apud
1309 5195 1404 5232 eos
1462 5176 1785 5232 nefandissi-

194 5287 317 5326 mus
350 5268 419 5324 ad
450 5269 847 5325 confessionem
871 5267 1054 5324 domni
1092 5267 1352 5324 Germani
1375 5266 1653 5322 strinctum
1676 5267 1788 5336 gla-

195 5360 346 5413 dium
375 5359 584 5429 polluta
613 5367 836 5432 gestans
864 5376 1029 5414 manu
1071 5360 1230 5428 (mira
1265 5353 1483 5428 quidem
1516 5356 1784 5428 dicentur)

193 5448 508 5514 deveniret,
545 5449 962 5520 columnamque
999 5463 1390 5513 marmoream,
1438 5463 1557 5518 qua
1585 5447 1786 5503 ibidem

514 5568 754 5625 PATROL.
796 5568 1039 5626 CXXVI.

2507 3130 2731 3184 CAPUT
2751 3131 2822 3184 X.

1968 3217 2178 3270 Interea
2228 3216 2476 3270 simulato
2529 3217 2809 3287 languore,
2858 3218 3145 3291 legationis
3175 3237 3336 3278 causa
3369 3223 3507 3279 diri-

1897 3313 2032 3375 gunt
2080 3305 2146 3357 ad
2182 3305 2746 3374 praecellentissimum
2792 3324 2982 3378 regem
3023 3310 3292 3376 Carolum,
3326 3320 3385 3366 ut
3413 3329 3510 3368 eos

1897 3409 2018 3446 cum
2050 3409 2184 3462 pace
2214 3392 2401 3447 fideles
2432 3394 2754 3463 suscipiens,
2790 3397 2858 3450 ad
2888 3397 3160 3466 propriam
3193 3399 3319 3454 dato
3349 3401 3507 3472 regni

1895 3481 2097 3535 tributo
2137 3482 2318 3535 redire
2354 3483 2687 3551 permitteret
2717 3484 2972 3552 patriam.
3010 3485 3106 3539 IIis
3135 3486 3209 3540 ita
3266 3489 3499 3556 placitis,

1895 3585 2028 3640 rege
2061 3569 2280 3640 quidem
2329 3570 2565 3634 nolente,
2605 3571 2938 3640 principibus
2968 3581 3144 3628 tamen
3176 3575 3503 3644 quibusdam

1895 3658 1975 3727 (ut
2037 3657 2333 3719 fatebatur)
2390 3659 2709 3712 muneribus
2771 3660 2934 3725 lmsis,
3000 3661 3341 3733 Ragenarius
3397 3665 3506 3720 dux

1895 3762 2104 3812 eorum,
2153 3746 2442 3816 cunctique
2493 3746 2772 3816 principes
2816 3749 2885 3802 ad
2929 3765 3138 3822 regem,
3175 3751 3264 3821 qui
3294 3760 3421 3808 tunc
3450 3753 3505 3808 in

1895 3835 2225 3889 monasterio
2271 3835 2529 3889 Macharii
2576 3835 2821 3906 Dionysii
2870 3837 3159 3906 residebat,
3214 3840 3501 3897 adducun-

1893 3936 1982 3981 tur
2014 3941 2027 3976 :
2061 3940 2158 3993 per
2186 3924 2337 3990 deos,
2373 3940 2580 3994 perque
2614 3940 2678 3978 ea
2718 3925 2914 3995 quibus
2935 3926 3170 3981 maxime
3199 3945 3257 3982 se
3285 3931 3502 4002 protegi

1889 4029 1951 4066 ac
1981 4013 2177 4065 salvari
2212 4012 2475 4080 putabant
2507 4020 2767 4066 testantes
2800 4014 3041 4067 numima
3071 4015 3154 4068 vel
3177 4031 3348 4081 arma,
3371 4033 3495 4088 qua-

1893 4107 2051 4153 tenus
2099 4115 2443 4169 nequaquam
2487 4099 2712 4153 ulterius
2762 4100 2848 4154 vel
2893 4099 3030 4155 fines
3081 4102 3163 4154 sui
3205 4105 3360 4173 regni
3391 4105 3495 4159 nisi

1891 4187 2118 4242 fortasse
2147 4188 2494 4242 auxiliatores
2541 4187 2804 4242 intrarent
2833 4197 2925 4242 aut
2953 4188 3352 4262 contingerent.
3387 4192 3491 4261 Qui

1889 4276 1964 4330 ita
2010 4275 2220 4330 dimissi
2263 4285 2425 4347 atque
2484 4292 2583 4346 pro
2627 4276 2707 4329 sui
2757 4277 3013 4332 evasione
3066 4294 3228 4349 quam
3270 4281 3490 4337 minime

1815 4381 1866 4440 D
1895 4373 2250 4434 speraverant
2297 4364 2493 4436 gavisi,
2551 4365 2754 4434 pariter
2807 4382 2913 4436 quo
2959 4375 3222 4421 venerant
3265 4377 3492 4440 accepta

1885 4453 2000 4508 auri
2054 4453 2374 4526 argentique
2438 4454 2686 4523 imposita
2737 4470 2950 4509 summa
3009 4455 3115 4510 leti
3164 4457 3486 4513 redierunt:

1889 4543 1986 4597 sed
2043 4551 2396 4609 revertentes,
2447 4542 2638 4597 morbo
2684 4560 2791 4613 quo
2847 4545 2903 4596 in
2956 4543 3210 4614 praedicta
3253 4545 3488 4601 ecclesia

1885 4631 2126 4701 perculsi
2174 4629 2388 4685 fuerant
2450 4631 2688 4701 quotidie
2729 4629 3044 4686 deficientes
3086 4633 3482 4702 cruciabantur,

1887 4719 2218 4790 cruciatique
2259 4718 2619 4790 nequissimas
2658 4719 3038 4775 miserabiliter
3064 4721 3268 4776 animas
3301 4723 3487 4794 exspi-

1888 4808 2102 4874 rabant,
2136 4808 2350 4862 nemine
2383 4824 2520 4878 quos
2553 4823 2734 4862 secum
2757 4809 3026 4863 habebant
3057 4809 3484 4866 Christianorum

1888 4895 2198 4964 hujusmodi
2219 4895 2435 4967 plagam
2466 4897 2748 4949 sentiente.
2783 4898 2844 4949 In
2875 4896 3071 4966 quibus
3099 4898 3352 4953 omnibus
3388 4899 3492 4956 Dei

1888 4992 1970 5039 est
2019 4984 2418 5040 consideranda
2467 4983 2726 5054 potentia,
2785 4984 3011 5055 ejusque
3057 4985 3233 5056 pietas
3275 4989 3486 5060 ample—

1888 5073 2102 5136 ctenda,
2136 5072 2225 5144 qui
2255 5081 2361 5126 tam
2388 5072 2811 5127 misericorditer
2839 5073 3008 5127 salvat
3037 5074 3320 5144 innocuos,
3356 5085 3493 5132 tam-

1888 5177 1992 5230 que
2023 5161 2315 5215 terribliter
2344 5169 2562 5216 sanctos
2603 5177 2731 5216 suos
2772 5159 3111 5222 miriﬁcando
3160 5165 3313 5239 punit
3357 5183 3488 5240 pro-

1887 5249 2062 5304 fanos.

2503 5355 2725 5414 CAPUT
2754 5361 2851 5414 ΧΙ.

1961 5443 2104 5517 Quid
2151 5448 2206 5502 in
2249 5447 2442 5503 eadem
2490 5448 2739 5518 ecclesia,
2807 5457 3100 5522 postquam
3141 5453 3314 5521 major
3357 5468 3484 5523 pars

3027 5579 3092 5630 33
