4086 6302
587 204 728 303 1035i

1510 244 1854 302 AIMOINUS
1910 241 2295 301 MONACHUS
2344 243 2780 301 SANGERMAN
2790 285 2799 296 .

3749 238 3881 291 1036

578 370 805 426 fratrum
833 370 901 424 ab
932 369 1179 459 exsulatu
1208 384 1435 425 reversa
1471 369 1589 439 fuit,
1611 378 1827 443 gestum
1857 377 1940 425 est
1962 368 2176 424 silentio
2205 367 2259 427 A
2281 395 2475 459 gustus
2502 387 2557 440 in
2580 386 2697 455 eius
2727 400 2958 455 corpore
2987 382 3227 440 discerni
3253 381 3509 453 pomerii,
3543 379 3745 451 Sicque
3772 377 3878 433 dif.

577 475 825 530 premere
853 474 964 513 non
992 458 1277 513 debemus.
1311 459 1561 514 Necdum
1606 459 1752 513 enim
1808 457 2172 517 sacratissima

577 547 722 602 beati
750 547 852 603 viri
872 562 1001 602 ossa
1028 547 1098 601 ad
1127 547 1405 617 proprium
1423 547 1634 602 fuerant
1665 554 1943 616 reportata
1984 545 2172 616 sepul-

581 650 754 693 crum.
812 637 935 691 Una
989 650 1228 706 namque
1258 635 1515 702 noctium,
1563 635 1878 691 custodibus
1926 634 2173 702 ejusdem

584 723 834 780 ecclesiae
862 722 1278 793 dormientibus,
1311 723 1840 795 antequamrfratres
1896 724 1966 778 ad
2025 722 2173 777 refe-

584 812 784 866 rendas
812 812 928 866 Deo
957 811 1145 866 laudes
1172 828 1326 866 more
1364 812 1523 866 solito
1552 812 1907 877 exitarentur,
1956 810 2175 865 auditur

586 900 655 954 ab
686 899 894 955 eisdem
926 915 1114 955 coram
1156 900 1309 954 altari
1367 899 1539 955 sancti
1597 899 1859 970 Stephani
1916 899 2175 969 strepitus

586 987 983 1042 daemoniorum
1014 987 1227 1060 ingens,
1262 988 1427 1043 veluti
1455 988 1736 1043 hominum
1766 986 2051 1042 multitudo
2107 986 2177 1040 ad

585 1074 789 1147 aliquid
826 1083 1108 1147 putaretur
1158 1076 1493 1131 discurrens.
1518 1075 1621 1144 Qui
1643 1076 1928 1131 confestim
1944 1091 2178 1146 surgen-

589 1170 693 1230 tes,
727 1172 779 1218 et
810 1178 930 1218 cum
952 1164 1153 1220 lumine
1211 1172 1383 1219 totam
1441 1164 1727 1220 ecclesiam
1775 1164 2178 1219 circumeuntes

588 1267 711 1307 cum
759 1252 1029 1306 neminem
1086 1252 1440 1322 reperissent,
1498 1252 1880 1307 intellexerunt
1934 1252 2178 1307 fraudem

588 1338 966 1411 fallaciamque
1004 1340 1313 1395 daemonum
1345 1340 1545 1407 fuisse;
1582 1341 1673 1412 qui
1719 1340 1976 1395 nimirum
2023 1340 2179 1395 dole-

586 1428 717 1482 bant
746 1443 805 1482 se
826 1427 1021 1498 expelli
1051 1444 1084 1483 a
1113 1429 1317 1485 sanctis
1364 1429 1586 1485 sedibus
1646 1429 1853 1499 templi,
1901 1428 1955 1482 iu
2012 1428 2175 1500 quod,

590 1516 719 1572 dum
747 1532 777 1570 a
808 1515 1033 1587 perfidis
1058 1518 1389 1589 permissum
1419 1517 1592 1573 fuerat
1630 1517 1818 1588 pollui,
1870 1517 2017 1572 haud
2073 1517 2179 1571 du-

589 1603 737 1659 bium
769 1605 900 1675 quin
928 1606 1324 1678 aliquantulum
1349 1608 1501 1676 juxta
1530 1606 1700 1660 illud:
1734 1609 1805 1661 Et
1820 1608 2181 1678 pilosisalta-

588 1692 729 1749 bunt
758 1694 835 1748 ibi
864 1694 1009 1765 (Isa.
1042 1711 1165 1761 xru,
1198 1696 1311 1765 21),
1344 1694 1579 1749 intrandi
1620 1694 1826 1749 licitum
1856 1694 2171 1748 habuerint.

592 1782 881 1852 Postquam
918 1791 1099 1839 autem
1131 1785 1274 1839 sacri
1303 1784 1418 1852 ejus
1447 1784 1657 1838 cineres
1687 1781 1843 1837 relati
1869 1790 2029 1854 atque
2086 1797 2183 1837 suo

590 1869 713 1926 loco
771 1869 987 1926 Christo
1043 1871 1258 1927 favente
1316 1879 1438 1926 sunt
1468 1870 1717 1937 restituti,
1776 1870 1908 1924 nihil
1967 1870 2073 1925 tale
2128 1871 2183 1924 in

537 1987 547 1996 -
591 1962 787 2017 eadem
808 1957 1048 2017 basilica
1071 1960 1244 2032 ipsius
1284 1959 1572 2016 sanctitate
1620 1967 1968 2030 promerente
2024 1959 2182 2014 audi-

590 2059 700 2108 tum
730 2061 832 2110 est.

1215 2146 1441 2203 CAPUT
1469 2144 1594 2201 XII.

666 2236 947 2310 Siquidem
1003 2235 1350 2307 Ragenarius
1407 2235 1511 2290 dux
1543 2244 1838 2306 auctOrque
1867 2233 2029 2290 totius
2059 2249 2179 2289 me-

589 2327 783 2382 morati
812 2325 960 2394 mali,
995 2334 1121 2381 ante
1149 2323 1439 2395 profanum
1468 2324 1669 2381 Horicb
1723 2325 2183 2379 Nortmannorum

586 2414 890 2487 principem
918 2430 1044 2471 cum
1071 2412 1281 2486 ingenti
1336 2413 1591 2483 superbia
1644 2413 1886 2479 veniens,
1948 2411 2184 2467 ostendit

590 2503 641 2559 ei
672 2501 818 2575 quod
849 2519 1037 2559 secum
1065 2503 1191 2558 hinc
1220 2509 1589 2572 asportaverat
1621 2517 1813 2556 aurum
1871 2508 2185 2572 argentum-

586 2608 693 2663 que
730 2591 960 2647 multum
994 2607 1006 2646 :
1042 2590 1284 2661 dixitque
1313 2590 1460 2661 quod
1515 2589 1892 2660 opinatissima
1939 2587 2182 2643 Parisius

589 2679 863 2736 civitatem
893 2687 1104 2751 captam
1119 2678 1345 2733 haberet
1373 2696 1388 2743 ;
1421 2679 1671 2749 quodque
1687 2677 2025 2733 mansionem
2056 2676 2185 2732 Ger-

589 2767 738 2823 mani
769 2767 935 2834 senis,
977 2783 1098 2839 quae
1126 2767 1183 2820 in
1213 2765 1403 2821 eadem
1429 2773 1574 2821 terra
1603 2765 1987 2821 decentissima
2015 2765 2185 2820 habe-

587 2863 760 2922 retur,
783 2855 1040 2911 intrasset
1062 2873 1078 2921 ;
1101 2854 1324 2925 insuper
1343 2862 1395 2909 et
1412 2854 1558 2926 quod
1574 2869 1735 2909 omne
1753 2854 1931 2909 Caroli
1950 2870 2183 2927 regnum

590 2944 693 2999 sibi
724 2944 931 2999 ratione
960 2942 1145 2997 tributi
1173 2942 1521 3013 subjugatum
1544 2942 1789 2997 haberet.
1823 2942 2027 2998 Horich
2081 2959 2181 2997 au-

588 3038 699 3089 tem
728 3031 853 3088 dum
884 3030 1013 3087 talia
1032 3046 1143 3087 non
1166 3031 1434 3097 crederet,
1462 3030 1624 3100 jussit
1647 3030 1759 3100 jam
1788 3030 1964 3087 dictus
1994 3031 2181 3103 Rage-

590 3115 778 3173 uarius
806 3124 1017 3188 partem
1048 3114 1233 3170 incisae
1265 3114 1433 3169 trabis
1460 3113 1776 3195 monasterii
1822 3113 2008 3169 domui
2040 3115 2182 3170 Ger-

589 3199 756 3269 mani,
790 3214 1083 3270 seramque
1103 3205 1276 3269 portae
1310 3196 1596 3253 Parisiacae
1632 3197 1785 3252 urbis
1814 3205 1939 3253 ante
1974 3213 2100 3253 eum
2132 3197 2188 3252 in

588 3286 958 3345 testimonium
979 3285 1201 3342 adduci.
1232 3286 1508 3342 Przeterea
1524 3285 1705 3342 retulit
1735 3285 1786 3342 ei
1802 3302 1964 3358 quam
1985 3286 2188 3343 bonam

595 3391 867 3449 quamque
898 3374 1134 3430 fertilem
1162 3374 1241 3430 uti
1271 3374 1524 3429 omnibus
1554 3375 1816 3446 repletam
1847 3374 2020 3446 COpiis
2045 3375 2190 3431 inve-

593 3465 743 3520 nisse
782 3472 1025 3519 terram:
1056 3462 1320 3534 populum
1367 3477 1501 3519 vero
1548 3478 1670 3518 eam
1726 3463 2070 3530 incolentem,
2121 3464 2191 3519 ad

593 3552 962 3610 dimicandum
994 3550 1256 3623 pavidum
1302 3566 1367 3607 ac
1415 3558 1776 3607 trementem:
1808 3551 2191 3624 referebatque

597 3641 788 3698 dicens
816 3640 961 3712 quod
989 3639 1253 3708 majorem
1274 3638 1349 3693 ibi
1371 3640 1575 3695 mortui
1596 3656 1759 3711 quam
1813 3641 2056 3697 viventes
2085 3642 2191 3696 ha-

598 3729 793 3784 berent
821 3728 1099 3795 virtutem,
1131 3727 1449 3798 nullumque
1477 3728 1745 3784 invenerit
1791 3727 1895 3783 sibi
1928 3729 2191 3785 resisten-

599 3823 729 3883 tem,
759 3822 958 3887 praeter
988 3813 1326 3870 Germanum
1357 3830 1545 3871 senem
1586 3824 1881 3874 mortuum.
1914 3818 2042 3873 Haec
2070 3833 2194 3873 cum

602 3901 832 3970 diceret,
863 3911 1103 3959 tremens
1132 3902 1277 3959 illico
1301 3918 1367 3959 ac
1395 3919 1602 3975 pavens
1632 3905 1836 3961 corruit
1864 3905 1918 3959 in
1967 3914 2192 3974 terram,

603 4000 768 4065 atque
796 3992 1027 4048 terrica
1055 3992 1219 4064 ccepit
1245 4008 1379 4049 voce
1408 3993 1665 4060 clamare,
1716 3994 2043 4050 Germanum
2098 4011 2197 4052 co-

606 4093 731 4135 ram
758 4078 1035 4144 assistere,
1066 4093 1300 4150 eumque
1328 4094 1386 4134 se
1416 4078 1612 4135 baculo
1667 4096 1830 4151 quem
1884 4095 2050 4136 manu
2093 4098 2198 4155 ge

605 4167 787 4223 stabat
816 4166 1058 4239 graviter
1087 4166 1384 4239 agellare.
1419 4165 1576 4235 Quod
1597 4166 1844 4223 videntes
1862 4169 2066 4225 Horicb
2096 4169 2202 4226 sci-

607 4256 736 4311 licet
764 4254 1110 4326 universique
1169 4254 1274 4308 sibi
1331 4254 1672 4322 assistentes,
1731 4256 1958 4328 ipseque
2007 4258 2201 4315 Kobbo

612 4343 891 4399 Luduwici
920 4342 1068 4414 regis
1098 4342 1227 4398 illuc
1255 4342 1494 4397 directus
1536 4344 1771 4415 legatus,
1802 4362 1868 4401 ex
1899 4346 2004 4403 hoc
2058 4348 2203 4420 quod

2272 475 2410 530 fusis
2438 476 2506 529 ad
2535 483 2872 545 postremum
2914 472 3214 528 visceribus
3258 470 3471 525 medius
3510 468 3755 539 crepuit,
3799 467 3879 522 vi-

2273 577 2491 635 tamque
2520 564 2860 618 miserrimus
2889 577 3050 617 mane
3087 560 3277 615 nivit.
3325 559 3511 615 Statua
3556 572 3692 613 vero
3722 554 3887 611 sacris

2274 653 2640 709 oblationibus
2683 652 2927 724 indigna,
2962 667 2995 705 a
3037 649 3236 721 quibus
3274 647 3527 719 delegata
3574 645 3752 700 fuerat
3795 660 3882 699 re-

2273 750 2440 807 tenta,
2487 742 2649 796 veluti
2691 740 3118 795 immundissima
3164 754 3196 791 a
3240 736 3598 791 mundissimo
3645 733 3884 790 cordium

2273 833 2579 902 inspectore
2607 828 2841 885 refutata
2868 828 3143 884 remansit.

2848 971 3072 1026 CAPUT
3099 969 3249 1024 XIII.

2352 1061 2459 1116 Sed
2489 1060 2665 1116 adhuc
2695 1058 2922 1131 qualiter
2953 1058 3045 1131 qui
3076 1057 3278 1114 residui
3314 1056 3526 1112 fuerant
3556 1072 3622 1111 ex
3653 1056 3757 1110 hac
3785 1053 3880 1109 de-

2279 1147 2505 1203 fecerint
2553 1148 2682 1213 vita,
2730 1147 3113 1219 prosequendo
3159 1162 3465 1201 narremus.
3510 1144 3594 1198 Ad
3643 1158 3709 1198 eo
3761 1158 3887 1197 sane

2280 1237 2387 1301 die,
2426 1253 2531 1308 quo
2562 1236 2949 1291 monasterium
2980 1234 3373 1307 almipraesulis
3395 1232 3659 1290 Germani
3678 1231 3885 1305 ingres-

2281 1325 2327 1379 si
2359 1333 2517 1392 sunt,
2567 1326 2741 1381 donec
2783 1325 3071 1396 pccnaliter
3119 1323 3298 1379 cuncti
3344 1322 3642 1385 interirent,
3689 1321 3796 1387 ita,
3837 1328 3890 1374 ut

2279 1414 2533 1481 diximus,
2562 1413 2800 1485 turgenti
2829 1421 2953 1467 sunt
2980 1412 3266 1485 (Kobbone
3294 1411 3462 1481 teste)
3504 1410 3780 1466 viscerum
3811 1408 3893 1464 in-

2281 1502 2500 1558 atione
2531 1502 2804 1573 perculsi;
2839 1510 3104 1573 quatenus
3134 1500 3309 1556 omnis
3330 1516 3517 1555 eorum
3534 1507 3711 1554 ccetus
3733 1498 3889 1552 etiam

2281 1591 2336 1646 in
2367 1591 2545 1662 patria
2573 1590 2814 1662 quotidie
2844 1590 3085 1645 moriens
3114 1589 3335 1660 periret,
3379 1596 3577 1659 praster
3608 1603 3751 1658 quos
3778 1586 3889 1641 Ho-

2210 1717 2264 1776 B
2286 1681 2397 1735 rich
2428 1688 2614 1749 postea
2637 1680 2799 1748 jussit
2827 1679 3042 1734 occidit.
3077 1679 3297 1732 Timens
3347 1676 3687 1746 etenimipse
3736 1677 3889 1745 ejus-

2285 1784 2390 1839 que
2412 1769 2696 1839 optimates
2726 1776 2778 1822 et
2796 1768 3027 1838 p0pulus
3068 1766 3275 1837 pariter
3302 1765 3586 1820 universus
3632 1765 3893 1834 hujusce-

2284 1857 2433 1911 modi
2464 1864 2638 1912 morte
2666 1856 2905 1927 pessima
2946 1855 3215 1920 damnari,
3269 1853 3525 1925 praecepit
3571 1869 3767 1908 omnes
3797 1851 3888 1923 qui

2285 1944 2489 2000 residui
2519 1953 2693 2010 erant,
2728 1945 2969 2014 exceptis
2997 1943 3182 2014 paucis
3213 1942 3341 2016 fuga
3388 1942 3573 2013 lapsis,
3623 1957 3764 2014 quos
3790 1956 3890 1996 nec

2283 2034 2473 2089 mortis
2502 2033 2777 2089 credimus
2799 2032 3042 2088 evasisse
3063 2032 3309 2098 exitium,
3340 2031 3638 2088 decollari:
3660 2045 3887 2086 eorum-

2285 2138 2389 2194 que
2427 2122 2604 2193 capita
2632 2122 2795 2177 veluti
2824 2121 3166 2177 satisfaciens
3196 2120 3407 2189 morbo,
3455 2119 3771 2175 Christiano
3803 2118 3891 2190 qui

2286 2211 2530 2280 captivus
2560 2210 2670 2266 illic
2700 2218 2813 2266 erat
2856 2210 3059 2281 populo
3103 2209 3263 2264 tradi.
3310 2210 3447 2264 Nam
3485 2208 3562 2264 ita
3588 2207 3778 2264 clades
3807 2207 3893 2262 in-

2283 2306 2530 2369 grassata
2589 2300 2706 2354 Deo
2749 2298 3095 2370 permittente
3165 2297 3423 2354 saeviebat
3463 2297 3521 2351 in
3581 2296 3793 2368 plures,
3842 2302 3898 2351 ut

2282 2403 2423 2458 pene
2497 2388 2805 2459 quicunque
2880 2386 3193 2442 morbidum
3257 2393 3543 2458 tangeret,
3631 2384 3887 2456 exemplo

2284 2476 2478 2531 eodem
2532 2477 2777 2531 adtactus
2832 2476 3025 2531 morbo
3055 2484 3109 2531 et
3162 2476 3283 2545 ipse
3334 2473 3611 2530 deficeret.
3665 2475 3896 2545 Insuper

2275 2559 2437 2627 jussit
2465 2568 2692 2617 cunctos
2738 2559 2980 2631 captivos
3019 2559 3113 2631 qui
3168 2557 3583 2614 Christianitatis
3627 2557 3894 2613 vocabulo

2281 2657 2665 2715 censerentur,
2696 2649 2753 2704 in
2797 2665 2972 2721 regno
3000 2665 3098 2704 suo
3129 2647 3392 2720 perquiri,
3440 2662 3645 2718 eosque
3672 2661 3802 2703 cum
3828 2646 3896 2701 li-

2280 2738 2489 2793 bertate
2520 2745 2574 2793 et
2603 2738 2811 2794 honore
2855 2739 3063 2810 absque
3092 2736 3321 2806 alicujus
3377 2736 3816 2793 contradictione
3840 2735 3892 2791 in

2282 2842 2440 2882 suam
2468 2827 2703 2899 patriam
2733 2827 2958 2883 reverti.
3001 2825 3109 2894 Qui
3149 2826 3309 2881 etiam
3352 2827 3468 2881 haec
3493 2833 3549 2881 et
3591 2824 3702 2880 alia
3755 2825 3895 2880 ultra

2282 2932 2442 2987 quam
2474 2916 2581 2970 sint
2607 2915 2814 2971 inserta
2842 2915 3119 2971 dicebant.
3150 2916 3265 2970 Nos
3293 2923 3474 2971 tamen
3503 2930 3568 2969 ea
3595 2930 3723 2986 quae
3749 2930 3783 2969 a
3809 2913 3892 2969 vi-

2282 3003 2536 3059 dentibus
2564 3005 2931 3076 percepimus,
2967 3004 3311 3060 solummodo
3356 3018 3566 3075 ponere
3614 3002 3892 3075 disposui-

2212 3071 2260 3132 (
2284 3108 2443 3161 mus;
2475 3071 2746 3165 magnum
2763 3093 2895 3149 satis
2924 3094 3209 3159 habentes,
3238 3071 3384 3164 quod
3412 3071 3725 3149 victoriam_
3737 3107 3895 3164 quam

2284 3182 2471 3253 populi
2501 3182 2807 3250 multitudo,
2843 3182 3118 3239 communi
3149 3182 3401 3237 obstante
3427 3181 3681 3251 crimine,
3702 3197 3771 3237 ex
3796 3181 3895 3237 ini-

2284 3271 2442 3328 micis
2470 3272 2675 3327 habere
2696 3287 2806 3327 non
2833 3271 3027 3349 potuit,
3076 3272 3270 3327 beatus
3312 3272 3623 3327 Germanus
3662 3271 3894 3343 inclytus

2286 3360 2516 3427 meritis,
2548 3359 2822 3432 gloriosus
2851 3360 3153 3428 miraculis,
3186 3361 3331 3432 apud
3351 3361 3525 3417 Deum
3550 3359 3893 3417 talidonatus

2288 3450 2563 3521 triumpho
2592 3449 2840 3507 obtinere
2868 3449 3189 3522 promeruit.

2892 3599 3118 3659 CAPUT
3147 3599 3272 3658 XIV
3292 3642 3305 3656 .

2363 3695 2500 3766 Quia
2530 3714 2662 3755 vero
2682 3698 2821 3755 duce
2851 3699 3063 3755 Christo
3094 3700 3371 3772 hucusque
3405 3696 3693 3774 signorum
3723 3699 3889 3759 dulce-

2293 3786 2477 3841 dinem
2506 3795 2799 3857 sequentes
2846 3788 3250 3860 processimus,
3297 3804 3443 3845 nunc
3487 3790 3749 3847 ordinem
3794 3806 3893 3864 quo

2293 3875 2464 3946 ipsius
2491 3875 2792 3932 beatissimi
2818 3892 3014 3948 corpus
3043 3878 3271 3934 relatum
3300 3878 3370 3933 sit
3388 3878 3573 3935 dicere
3601 3879 3893 3954 aggredia-

2295 3980 2454 4034 mur,
2485 3964 2570 4019 his
2598 3965 2898 4035 prsamissis
2924 3983 3045 4039 qua:
3074 3967 3132 4022 in
3150 3967 3281 4025 villa
3326 3968 3550 4024 Cumbis
3592 3969 3897 4027 accedenti-

2297 4053 2399 4109 bus
2419 4052 2670 4122 infirmis,
2721 4055 2838 4124 ejus
2883 4054 3196 4127 patrociniis
3252 4056 3452 4113 donata
3503 4060 3890 4132 cognovimus:

2299 4158 2420 4214 qum
2448 4158 2554 4214 quo
2581 4143 2758 4216 magis
2785 4153 3093 4212 narrantur,
3143 4161 3210 4202 eo
3267 4146 3500 4217 amplius
3543 4147 3699 4217 juvat
3727 4165 3759 4203 a
3801 4147 3895 4220 pie

2300 4230 2623 4287 narrationis
2651 4232 2864 4289 tramite
2888 4249 2999 4290 non
3012 4233 3313 4291 discedere.
3337 4235 3507 4307 Igitur
3533 4252 3662 4292 cum
3681 4237 3895 4310 quidam

2300 4331 2439 4387 puer
2465 4316 2727 4389 Dagenus
2756 4318 2993 4389 nomine,
3026 4335 3094 4375 ex
3113 4318 3318 4376 familia
3343 4319 3590 4389 ejusdem
3619 4330 3894 4379 monaste-

613 4429 882 4488 acciderat
936 4403 1158 4500 stupore
1215 4429 1382 4484 nimio
1441 4403 1673 4501 permoti
1728 4433 1978 4489 admirati
2053 4403 2195 4492 sunt.
2227 4430 2280 4491 D
2646 4414 2705 4501 ei
2725 4416 2925 4501 mnis
2955 4407 3303 4501 omnlgmque
3334 4410 3709 4501 ggmbmmm
3729 4409 3897 4501 t

616 4519 798 4575 Isdem
827 4533 959 4573 vero
990 4517 1331 4587 Ragenarius
1363 4516 1443 4573 sic
1497 4519 1811 4576 humiliatus
1864 4538 1929 4579 ac
1982 4533 2208 4596 repente

615 4605 901 4672 contritus,
933 4606 1161 4660 aliorum
1196 4605 1449 4660 manibus
1495 4607 1602 4663 cito
1660 4609 1900 4666 sublatus
1956 4614 2204 4670 recessit.

619 4694 727 4765 Qui
754 4693 1006 4749 maximis
1060 4708 1160 4762 per
1211 4692 1453 4748 triduum
1508 4697 1791 4751 tormentis
1845 4698 2209 4772 ignominiose

619 4781 870 4849 afflictus,
899 4780 1159 4852 praecepit
1186 4781 1409 4836 tandem
1437 4798 1598 4837 unam
1630 4799 1855 4841 auream
1879 4804 1992 4843 suae
2014 4788 2207 4845 simili-

622 4869 824 4925 tudinis
853 4877 1087 4924 statuam
1114 4867 1253 4935 fieri,
1285 4876 1449 4941 atque
1478 4887 1578 4941 per
1605 4875 1856 4929 eumdem
1887 4875 2208 4935 Kobbonem

592 4958 894 5013 .Germano
924 4956 1042 5012 seni
1128 4956 1347 5027 deferri,
1405 4962 1643 5030 spondes
1700 4978 1778 5031 se,
1829 4963 1876 5018 si
1927 4967 2203 5039 evaderet,

586 5044 980 5101 .Christianum
1009 5045 1268 5116 deinceps
1315 5047 1572 5121 futurum,
1606 5051 1891 5124 Deumque
1946 5054 2209 5113 Christia-

590 5149 814 5190 .norum
843 5133 1204 5190 indubitanter
1232 5137 1604 5205 crediturum;
1638 5140 1737 5194 sed
1792 5142 1919 5212 quia
1947 5159 2057 5198 non
2087 5153 2206 5201 erat

615 5238 682 5278 ex
706 5219 900 5276 ovibus
931 5223 1147 5290 Christi,
1179 5223 1385 5280 idcirco
1417 5227 1562 5297 quod
1583 5228 1799 5297 petebat
1818 5230 2066 5289 obtinere
2094 5250 2203 5289 non

611 5310 829 5365 meruit.
866 5312 942 5365 Ita
969 5327 1193 5381 prorsus
1251 5313 1482 5380 inatus,
1529 5317 1988 5387 quemadmodum
2042 5323 2202 5376 nobis

608 5398 754 5455 idem
800 5399 992 5454 Kobbo
1022 5400 1365 5456 manifestum
1418 5402 1567 5470 fecit,
1628 5420 1692 5461 ac
1746 5413 1890 5461 totus
1949 5410 2201 5481 turgidus

604 5495 827 5564 exstitit,
862 5504 921 5551 ut
947 5512 1048 5552 nec
1078 5496 1326 5565 audibus,
1351 5514 1453 5555 nec
1473 5500 1643 5568 visus,
1676 5518 1777 5559 nec
1807 5504 2080 5575 odoratus,
2113 5507 2203 5563 vel

2305 4492 2610 4561 destitutus,
2641 4496 2711 4549 ad
2737 4495 3014 4566 praefatam
3042 4497 3224 4553 villam
3250 4498 3445 4554 auxilio
3486 4508 3781 4570 parentum
3808 4500 3897 4555 de-

2305 4590 2549 4652 portatus
2578 4582 2787 4651 fuisset,
2820 4585 2896 4640 ita
2923 4593 3006 4641 est
3034 4586 3214 4643 subito
3234 4587 3441 4643 meritis
3468 4587 3644 4659 ipsius
3673 4587 3893 4663 gloriosi

2304 4670 2575 4741 ponticis
2594 4672 2834 4742 pristinae
2857 4674 3102 4729 redditus
3131 4675 3368 4743 sanitati,
3388 4684 3445 4731 ut
3491 4684 3547 4732 et
3586 4676 3898 4750 loqueretur

2306 4758 2506 4829 pariter
2532 4768 2585 4814 et
2615 4761 2857 4817 audiret:
2906 4770 2960 4817 et
2988 4763 3081 4834 qui
3123 4764 3452 4836 paralyticus
3497 4766 3753 4822 manibus
3797 4766 3894 4822 de-

2306 4855 2499 4903 vectus
2527 4858 2751 4905 venerat
2779 4850 2988 4917 alienis,
3038 4867 3207 4907 ovans
3236 4868 3300 4910 ac
3337 4853 3685 4910 laetabundus
3730 4855 3891 4910 tribus

2305 4935 2360 4989 in
2387 4952 2447 4992 se
2478 4937 2628 4992 miris
2658 4940 2910 5007 ostensis,
2944 4941 3178 5011 propriis
3199 4942 3313 5012 jam
3334 4943 3497 5014 coepit
3515 4943 3597 4999 ire
3628 4944 3886 5018 vestigiis.

2304 5024 2551 5097 Namque
2580 5043 2612 5082 a
2640 5035 2779 5083 terra
2825 5037 2949 5099 post
2985 5030 3264 5101 paululum
3308 5031 3593 5087 incolumis
3640 5047 3885 5105 surgens,

2304 5129 2428 5168 eum
2456 5131 2660 5189 magna
2686 5117 2868 5173 cordis
2889 5117 3165 5174 alacritate
3193 5120 3301 5175 illis
3332 5120 3423 5192 qui
3437 5122 3665 5177 aderant
3684 5121 3850 5177 aiebat
3874 5138 3889 5175 :

2304 5202 2469 5271 Ecce,
2501 5220 2630 5260 ecce
2659 5206 2813 5260 adest
2842 5206 3030 5265 beatus
3049 5208 3377 5278 Germanus,
3401 5225 3500 5281 per
3528 5226 3689 5283 quem
3702 5226 3790 5265 me
3818 5218 3892 5264 to-

2302 5296 2414 5344 tum
2447 5292 2563 5347 Deo
2590 5293 2793 5366 gratias
2824 5308 3064 5366 agnosco
3094 5305 3360 5354 curatum.

2940 5432 3165 5489 CAPUT
3192 5433 3314 5488 XV.

2370 5515 2486 5572 Nec
2516 5515 2646 5572 illud
2673 5517 2846 5576 omitti
2866 5518 3045 5587 debet,
3068 5521 3215 5593 quod
3242 5521 3484 5580 Christus
3512 5521 3581 5579 ad
3601 5520 3805 5578 laudem
3829 5530 3888 5577 et
