4086 6294
181 257 206 308 1
216 255 319 309 03⁵7

1269 253 1364 308 DE
1393 251 1768 309 MIRACULIS
1811 251 1872 306 S.
1933 251 2274 310 GERMANI.
2307 286 2375 295 —
2403 256 2530 311 LIB.
2565 258 2607 312 Ι.

3337 260 3474 320 1038

181 377 409 448 gloriam
439 376 624 432 famuli
654 377 738 432 sui
767 376 954 450 largiri
1002 377 1258 450 dignatus
1289 387 1389 442 est,
1423 379 1569 449 quod
1614 377 1776 432 etiam
1805 378 1861 434 A
1877 378 2050 446 jubilo
2099 379 2450 444 exsultantes,
2501 380 2815 437 innumeras
2854 383 2969 438 Deo
3011 386 3216 456 gratias
3265 387 3475 445 refere-

184 466 524 522 audientibus
567 466 829 536 proficere
876 467 1171 522 credimus.
1225 468 1461 522 Fuerunt
1509 468 1686 538 itaque
1733 465 1786 519 in

184 555 375 610 eadem
404 555 529 611 villa
558 555 679 610 duae
706 555 921 626 puellae,
955 556 1120 626 longo
1151 564 1396 626 tempore
1431 556 1508 611 sic
1539 555 1784 610 febribus

184 644 342 699 valde
375 653 600 710 vexatae,
635 653 692 698 ut
718 645 805 699 vix
830 644 944 712 jam
972 645 1204 714 pedibus
1235 644 1491 700 incedere
1523 644 1784 712 valerent,

188 733 384 804 quibus
414 749 514 788 nec
544 733 654 788 ulla
684 733 967 788 medicina:
996 750 1084 787 ars
1115 742 1340 788 eatenus
1390 734 1624 803 potuerit
1657 733 1788 786 sub-

186 821 393 876 venire.
429 820 562 890 Quae
591 838 715 876 cum
755 820 954 877 fiducia
981 839 1180 894 magna
1210 823 1277 876 ad
1309 822 1558 876 eamdem
1609 821 1789 876 eccle-

188 910 326 964 siam
355 911 410 963 in
449 926 556 981 qua
587 910 930 966 sanctissima
980 913 1097 978 ejus
1127 911 1372 964 membra
1418 910 1593 980 posita
1637 917 1792 963 erant

189 1007 503 1069 pergentes,
561 999 829 1069 petierunt
871 1015 903 1053 a
952 999 1268 1054 custodibus
1328 1007 1383 1053 ut
1441 999 1634 1052 saltem
1693 998 1792 1051 sub

188 1088 318 1141 tanti
347 1086 617 1158 pontificis
647 1088 958 1142 venerabile
1007 1104 1208 1159 corpus
1241 1088 1322 1142 eis
1354 1087 1615 1141 transitus
1645 1103 1793 1156 prae-

189 1176 431 1231 beretur.
466 1180 533 1230 At
563 1176 640 1230 illi
667 1174 832 1232 fidem
857 1176 1074 1231 illarum
1106 1176 1323 1246 plenam
1354 1175 1794 1240 considerantes,

189 1265 549 1335 promiserunt
579 1281 672 1320 eas
703 1265 840 1320 sicut
861 1265 1048 1318 humili
1079 1265 1335 1334 petebant
1355 1281 1519 1334 prece
1544 1263 1793 1326 transire,

191 1353 304 1409 Nec
352 1351 487 1408 ﬁdes
531 1354 814 1424 praemium
863 1353 1089 1408 distulit.
1127 1355 1202 1407 Ita
1234 1369 1365 1408 sane
1405 1353 1576 1423 ipsius
1625 1351 1800 1407 sancti

189 1442 438 1512 corporis
462 1443 686 1497 transito
719 1442 918 1497 feretro
941 1443 1010 1497 ab
1042 1443 1291 1497 eamdem
1331 1440 1642 1496 infirmitate
1673 1457 1798 1495 mox

190 1539 392 1586 curatm
424 1539 566 1595 sunt,
603 1539 658 1585 ut
689 1531 889 1585 nullam
933 1531 1127 1585 exinde
1178 1531 1484 1585 molestiam
1515 1547 1614 1600 per
1659 1529 1803 1584 idem

191 1627 403 1689 tempus
433 1619 660 1674 ulterius
709 1627 1040 1689 paterentur.
1073 1621 1225 1692 Ergo
1275 1619 1538 1673 mirabilis
1569 1620 1716 1673 Deus
1749 1619 1804 1671 in

1885 467 2035 520 bant.
2059 467 2173 522 Nec
2204 467 2424 522 uberior
2442 469 2709 524 mmstitize
2729 471 2888 525 ﬂetus
2908 473 2964 525 in
2979 475 3473 548 transmigratione,

1887 571 2047 625 quam
2093 555 2272 610 lectitas
2303 556 2504 610 exstitit
2534 557 2586 610 in
2631 559 2960 614 reversione.
3009 562 3268 618 Praefatus
3298 565 3478 637 itaque

1887 644 2130 711 antistes,
2152 645 2350 716 aliique
2380 645 2569 701 adhoc
2599 647 2792 702 delecti
2816 650 3131 706 sacerdotes
3162 653 3482 725 nobilesque

1889 733 2011 798 viri,
2065 733 2494 788 sacratissimum
2539 735 2653 802 ejus
2703 752 2904 806 corpus
2952 740 3184 809 propriis
3240 743 3482 798 humeris

1891 821 2130 876 vicissim
2161 830 2460 892 gestantes,
2495 823 2720 893 reliquis
2742 825 2995 879 omnibus
3025 836 3146 882 ante
3165 837 3218 882 et
3247 839 3369 900 post
3397 830 3476 886 fe-

1893 918 2097 964 retrum
2126 926 2248 965 cum
2271 911 2516 964 laudibus
2549 920 2600 964 et
2626 913 2843 981 hymnis
2880 913 3294 984 tripudiantibus
3337 918 3488 987 baju-

1892 998 2224 1069 lantiumque
2277 1008 2458 1054 vestes
2507 1000 2776 1072 attingere
2822 1001 3220 1071 festinantibus,
3256 1006 3325 1060 ad
3356 1022 3488 1076 pro-

1894 1083 2071 1153 priam
2104 1083 2521 1152 deportaverunt
2551 1084 2862 1140 ecclesiam.
2889 1087 3133 1158 Cumque
3163 1090 3232 1143 ad
3262 1090 3491 1159 primam

1896 1171 2215 1226 monasterii
2245 1181 2456 1241 portam
2507 1173 2864 1242 pervenisset,
2917 1185 3202 1246 coeperunt
3231 1179 3492 1249 hymnum

1907 1262 1972 1315 Te
1996 1262 2168 1315 Deum
2202 1262 2518 1330 laudamus,
2556 1266 2608 1316 te
2629 1263 2931 1318 Dominum
2960 1267 3319 1336 conﬁtemur,
3354 1268 3493 1323 cmlo

1900 1357 2188 1402 resonante
2206 1357 2330 1404 ante
2351 1349 2527 1419 ipsum
2557 1351 2870 1418 decantare,
2894 1362 3157 1422 ponentes
3180 1371 3302 1408 eum
3323 1372 3493 1426 super

1901 1437 2068 1492 altare
2098 1438 2274 1492 sancti
2323 1438 2579 1508 Stephani
2609 1439 2661 1493 in
2688 1440 2876 1494 eadem
2908 1442 3137 1496 ecclesia
3184 1442 3491 1514 principali.

1903 1527 2005 1581 Ubi
2049 1527 2234 1582 tandiu
2290 1528 2504 1592 mansit,
2567 1528 2740 1583 donec
2786 1529 3149 1585 translationis
3177 1533 3293 1600 ejus
3325 1532 3496 1587 festus

1904 1615 2040 1682 dies,
2103 1632 2222 1684 quae
2280 1624 2469 1670 octavo
2527 1617 2802 1671 Kalendas
2875 1621 3117 1690 Augusta
3171 1620 3494 1690 celebratur,

193 1707 396 1763 sanctis
427 1708 558 1774 suis,
591 1709 682 1778 qui
711 1725 820 1763 non
868 1709 1042 1763 solum
1074 1725 1168 1763 eos
1198 1710 1253 1762 in
1283 1707 1540 1778 praesenti
1588 1707 1791 1778 gratia-
1829 1735 1880 1792 B
1906 1702 2207 1757 adveniret.
2241 1704 2392 1759 Tunc
2422 1706 2686 1759 accedens
2707 1716 3039 1761 memoratus
3071 1709 3242 1762 abbas
3265 1710 3498 1764 domnus

191 1813 310 1850 rum
360 1797 517 1850 donis
566 1795 835 1865 miriﬁcat,
886 1814 1073 1851 verum
1105 1805 1307 1867 etpost
1354 1805 1588 1851 mortem
1637 1795 1798 1849 tantis

197 1884 586 1940 beneficiorum
617 1887 934 1940 muneribus
964 1903 1151 1940 eorum
1205 1886 1414 1940 meritis
1443 1885 1801 1957 largientibus

199 1974 470 2045 praestitis
485 1974 872 2030 miraculorum
903 1973 1174 2047 glorificat
1206 1974 1397 2047 signis.

792 2091 1016 2145 CAPUT
1045 2091 1192 2143 XVI.

183 2225 186 2228 .
269 2177 397 2232 Post
462 2177 575 2233 haec
633 2193 756 2235 cum
828 2178 942 2246 ejus
1020 2178 1452 2232 sacratissimum
1527 2193 1727 2247 corpus
1776 2191 1807 2229 a

181 2267 512 2336 supradicta
544 2267 668 2321 villa
712 2267 934 2321 Cumbis
967 2267 1036 2320 ad
1067 2267 1460 2320 monasterium
1493 2274 1806 2336 reportare-

198 2363 323 2420 tur;
357 2356 503 2425 quod
534 2363 659 2410 tunc
690 2355 742 2408 in
775 2356 863 2410 via
910 2364 1088 2410 actum
1122 2364 1202 2410 est
1229 2355 1579 2409 manifestare
1629 2354 1809 2424 placet

196 2443 251 2496 in
281 2444 516 2514 pepulis.
548 2444 702 2498 Tanti
743 2444 980 2515 denique
1010 2444 1262 2514 praesulis
1293 2444 1605 2497 beatissima
1637 2459 1809 2496 mem-

198 2531 293 2584 bra
342 2533 620 2586 monachis
665 2549 788 2587 cum
819 2532 1064 2586 laudibus
1095 2540 1147 2586 et
1179 2533 1394 2602 hymnis
1424 2533 1491 2585 ad
1524 2532 1808 2602 proprium

200 2619 558 2674 referentibus
604 2621 805 2685 locum,
857 2621 1084 2691 contigit
1113 2630 1169 2674 ut
1200 2637 1393 2676 cereus
1425 2620 1515 2691 qui
1546 2620 1807 2690 praefere-

199 2709 358 2763 batur
388 2709 607 2774 ardens,
649 2710 986 2764 validissimo
1020 2711 1180 2763 flante
1232 2718 1408 2772 vento,
1445 2709 1608 2762 etiam
1638 2708 1692 2760 in
1724 2708 1808 2761 la-

201 2805 351 2852 terna
380 2797 436 2851 in
463 2813 569 2868 qua
600 2798 811 2868 positus
862 2806 997 2862 erat,
1048 2798 1507 2870 exstingueretur.
1562 2799 1808 2868 Dumque

199 2901 324 2942 cum
355 2902 494 2958 equo
531 2887 602 2941 ad
630 2887 810 2941 villam
843 2887 964 2958 quis
1012 2895 1235 2957 propter
1282 2887 1467 2958 ignem
1499 2886 1589 2957 qui
1622 2902 1811 2940 rursus

197 2975 478 3029 debuisset
523 2975 748 3030 accendi
779 2976 858 3030 ire
905 2976 1185 3040 voluisset,
1238 2975 1452 3030 conlitus
1501 2974 1720 3043 effulsit,
1754 2982 1812 3028 ut

197 3059 453 3114 omnibus
484 3059 577 3130 qui
603 3060 844 3125 aderant,
896 3067 1157 3130 tanquam
1206 3060 1506 3114 exstinctus
1537 3075 1644 3113 non
1676 3059 1812 3113 fuis-

199 3156 301 3212 set,
335 3148 390 3201 in
417 3147 608 3202 eadem
653 3148 862 3203 laterna
910 3149 1139 3202 rutilans
1189 3156 1496 3217 appareret.
1552 3149 1707 3202 Unde
1739 3147 1809 3201 ad

198 3237 357 3306 hujus
404 3237 486 3291 rei
534 3237 902 3292 testimonium
960 3237 1015 3290 in
1070 3237 1264 3291 eodem
1314 3237 1434 3291 loco
1479 3252 1511 3290 a
1559 3236 1809 3290 fidelibus

199 3341 330 3381 crux
356 3325 582 3396 lignean
628 3326 846 3396 ponitur
883 3343 895 3379 :
930 3333 985 3379 ut
1017 3325 1162 3396 quod
1204 3325 1278 3378 ibi
1307 3332 1430 3379 tunc
1459 3332 1673 3395 gestum
1705 3332 1805 3393 est,

199 3414 456 3485 quodque
503 3415 823 3486 priusquam
873 3415 941 3468 ad
990 3413 1382 3469 monasterium
1430 3413 1811 3483 perveniretur

197 3503 531 3574 geminatum
579 3503 919 3569 miraculum,
978 3519 1010 3558 a
1058 3503 1459 3558 transeuntibus
1507 3501 1809 3574 futurisque

198 3607 309 3646 non
336 3591 620 3664 ignoretur
649 3591 1112 3664 generationibus.

823 3698 1048 3753 CAPUT
1076 3698 1245 3752 XVII.

275 3805 507 3860 Ventum
562 3812 643 3859 est
698 3813 874 3860 autem
936 3820 1046 3859 non
1094 3803 1284 3875 paucis
1335 3802 1538 3857 sanatis
1580 3800 1808 3855 infirmis

199 3910 327 3952 cum
373 3893 776 3966 magniﬁcentia
806 3901 859 3948 et
886 3894 1111 3948 honoris
1145 3892 1409 3964 obsequio
1437 3891 1503 3945 ad
1553 3889 1806 3946 Theoda-

201 3984 347 4038 sium
378 3989 401 4026 δ
444 3983 687 4052 ejusdem
745 3984 916 4038 sancti
967 3983 1150 4037 villam
1185 4000 1198 4035 :
1231 3982 1374 4036 unde
1423 3980 1670 4050 sequenti
1720 3979 1808 4034 die

199 4072 580 4128 comitantibus
630 4088 847 4126 rursum
905 4070 1158 4126 virtutum
1213 4069 1478 4141 prodigiis
1533 4076 1809 4140 gratanter

202 4159 434 4233 egressi,
484 4168 748 4216 venerunt
796 4159 1092 4230 psallentes
1137 4166 1390 4228 rectoque
1433 4157 1623 4211 itinere
1671 4172 1804 4226 gra-

201 4251 418 4306 dientes
447 4266 619 4320 usque
651 4250 720 4304 ad
743 4248 965 4303 fluvium
1005 4248 1098 4318 qui
1138 4248 1302 4317 vulgo
1343 4245 1538 4302 dicitur
1577 4245 1740 4299 Biber
1761 4253 1801 4298 ο.

204 4337 329 4406 Quo
361 4338 684 4392 transmisso
734 4336 1061 4392 venerabilis
1109 4335 1309 4406 praesul
1339 4343 1390 4390 et
1421 4335 1590 4388 abbas
1635 4333 1806 4404 ipsius

1903 1791 2171 1846 Ebroinus
2202 1792 2508 1862 episcopus,
2544 1794 2662 1847 tulit
2714 1795 2883 1859 illum,
2919 1804 2970 1850 et
3003 1797 3285 1852 collocavit
3315 1798 3370 1851 in
3399 1813 3498 1854 suo

1905 1881 2246 1951 sarcophago
2293 1897 2417 1936 cum
2463 1891 2609 1937 metu
2641 1891 2692 1937 et
2737 1883 2900 1938 nimia
2947 1886 3229 1958 diligentia
3274 1887 3499 1941 benedi-

1906 1969 2152 2024 centibus
2237 1970 2502 2025 universis
2571 1972 2661 2042 qui
2730 1974 2952 2028 aderant
3022 1991 3085 2029 ac
3153 1975 3497 2031 laudantibus

1906 2058 2099 2112 Deum.

2468 2166 2691 2222 CAPUT
2720 2167 2918 2223 XVIII.

1978 2251 2226 2322 Denique
2277 2261 2557 2324 postquam
2591 2255 2705 2323 ejus
2752 2257 3173 2314 sacratissimum
3221 2276 3418 2332 corpus
3449 2260 3505 2317 in

1910 2355 2006 2394 suo
2039 2349 2120 2394 est
2151 2341 2473 2396 collocatum
2505 2343 2776 2412 sepulcro,
2823 2345 2965 2398 illam
2997 2347 3260 2402 visionem
3291 2350 3502 2406 silendo

1909 2428 2192 2496 praeterire
2224 2445 2331 2482 non
2361 2430 2645 2495 debemus,
2671 2447 2789 2501 quae
2819 2433 3034 2486 cuidam
3066 2435 3216 2489 fratri
3246 2446 3428 2493 nostro
3449 2440 3506 2493 in

1911 2517 2104 2570 eodem
2145 2517 2403 2572 coenobio
2452 2520 2686 2589 quadam
2732 2529 2890 2575 nocte
2923 2523 3159 2577 revelata
3190 2533 3288 2578 est.
3343 2506 3505 2582 Vide-

1912 2606 2109 2659 bantur
2167 2605 2310 2659 enim
2368 2607 2444 2660 illi
2483 2608 2535 2660 in
2584 2625 2777 2678 sopere
2837 2610 3014 2679 posito
3070 2628 3261 2667 omnes
3312 2614 3505 2670 fratres

1909 2693 2080 2763 ipsius
2129 2681 2442 2763 monasterii
2487 2704 2691 2751 stantes
2735 2697 2790 2750 in
2833 2699 3002 2754 choro
3053 2702 3290 2756 vestibus
3338 2703 3510 2758 induti

1913 2762 2266 2849 solemnibus,
2304 2783 2590 2854 loquentes
2639 2785 2707 2839 ad
2739 2785 2971 2842 invicem
2996 2789 3151 2858 quasi
3181 2790 3249 2844 de
3275 2791 3359 2844 his
3391 2807 3510 2862 qum

1913 2870 2226 2925 acciderant
2255 2873 2412 2926 malis
2447 2891 2459 2927 :
2495 2874 2941 2946 respicentesque
2973 2886 3162 2932 contra
3192 2879 3510 2934 orientalem

1915 2959 2160 3026 ejusdem
2218 2961 2465 3017 ecclesiae
2525 2970 2760 3032 partem,
2825 2964 3077 3018 viderunt
3139 2966 3511 3022 beatissimum

1845 3089 1893 3150 Ο
1917 3048 2444 3150 Get‘rmanumlveluti
2470 3051 2523 3103 in
2554 3050 2736 3104 habitu
2782 3051 3000 3150 militari
3029 3062 3150 3108 ante
3189 3055 3358 3110 altare
3384 3071 3511 3111 san—

1911 3136 1982 3190 cti
2013 3136 2269 3206 Stephani
2292 3137 2568 3209 galeatum
2600 3146 2760 3209 atque
2782 3138 3008 3196 mirifice
3035 3141 3325 3198 loricatum
3357 3153 3511 3200 stan-

1911 3233 2037 3289 tem,
2071 3233 2122 3279 et
2155 3225 2229 3278 uti
2261 3242 2324 3280 ex
2359 3241 2554 3296 campo
2597 3228 2907 3282 certaminis
2955 3231 3342 3302 armigeratum
3390 3233 3508 3289 fes-

1910 3329 2141 3384 sumque
2155 3314 2486 3370 venientem:
2508 3316 2885 3388 aspiciensque
2897 3328 3139 3385 cunctos,
3156 3321 3511 3395 interrogavit

1909 3403 2105 3456 usitato
2153 3402 2332 3472 gentis
2361 3405 2599 3468 nomine,
2651 3405 2740 3459 ubi
2773 3415 2956 3460 essent
2987 3408 3069 3462 vel
3102 3425 3208 3479 quo
3246 3411 3506 3467 abiissent

1908 3491 2230 3545 Nortmanni
2277 3491 2448 3562 ipsius
2489 3494 2675 3562 templi
2699 3494 3007 3560 violatores,
3055 3498 3245 3566 patriae
3275 3499 3508 3570 dissipa-

1908 3587 2076 3645 tores,
2111 3580 2198 3649 qui
2230 3596 2328 3633 sua
2359 3581 2696 3652 aliorumque
2727 3591 3038 3646 sanctorum
3066 3587 3315 3641 membra
3343 3586 3507 3644 effodi

1911 3668 2318 3737 compulissent.
2357 3669 2454 3723 Cui
2485 3670 2672 3724 humili
2702 3671 2831 3725 satis
2861 3672 2939 3743 (ut
2960 3673 3207 3746 decebat)
3239 3691 3505 3747 responso

1909 3754 2177 3822 dixerunt,
2215 3757 2342 3826 quia
2373 3757 2748 3812 recessissent.
2796 3760 2946 3815 Tunc
2975 3764 3298 3818 venerabilis
3327 3767 3502 3837 Pater,

1908 3844 2072 3909 Bene,
2124 3845 2315 3916 inquit,
2352 3854 2403 3900 et
2432 3848 2548 3902 Deo
2591 3847 2802 3920 gratias
2846 3852 3144 3920 respondit.
3198 3853 3406 3910 Deinde
3448 3856 3506 3910 in

1911 3933 2068 3987 sedili
2098 3935 2240 4006 quod
2271 3943 2392 3989 ante
2422 3945 2772 3990 memoratum
2803 3938 2974 3993 altare
3001 3949 3246 4009 paratum
3278 3951 3410 4010 erat,
3445 3951 3504 3998 ut

1908 4022 2086 4076 eidem
2117 4024 2325 4076 videtur
2353 4024 2522 4088 fratri,
2575 4025 2839 4090 residens,
2874 4014 3084 4082 vocavit
3115 4045 3209 4082 eos
3231 4030 3500 4103 jussitque

1907 4119 1964 4162 ut
1995 4126 2116 4163 sese
2148 4110 2216 4164 ad
2246 4111 2624 4181 deponendum
2656 4128 2720 4166 ea
2752 4130 2872 4184 qua:
2911 4116 3155 4184 portabat
3185 4133 3331 4170 arma
3359 4119 3502 4173 mili-

1907 4197 2042 4252 taria
2082 4199 2350 4266 juvarent.
2418 4201 2628 4254 Interea
2672 4201 2816 4272 quod
2860 4203 3224 4272 aspiciebatur
3276 4206 3493 4263 defecit.

1906 4287 2019 4340 Nos
2041 4303 2168 4341 vero
2189 4287 2274 4340 tali
2296 4287 2479 4341 habitu
2499 4288 2696 4359 talique
2720 4289 2927 4345 visione
2949 4291 3354 4363 praefiguratum
3375 4295 3497 4350 ani-

1905 4375 2312 4441 madvertimus,
2354 4376 2499 4446 quod
2525 4377 2638 4443 jam
2686 4378 2950 4433 veraciter
2993 4379 3189 4436 factum
3236 4399 3358 4438 esse
3407 4399 3498 4440 co-

201 4434 521 4535 ηξοξιαεῐεηι
548 4427 782 4535 άοῐηηιιξξ
809 4425 1321 4535 ΕδνρωυδιοδἫξω
1351 4431 1518 4535 ξξῃῖην
1544 4423 1804 4492 “namque
1833 4447 1884 4505 D
1909 4464 2242 4535 gnoscimus,
2277 4423 2542 4518 ultibneni
2571 4465 2844 4520 dumtaxat
2874 4483 2906 4522 a
2936 4478 3124 4524 sancto
3156 4471 3271 4526 viro
3302 4488 3366 4526 ex
3397 4423 3500 4527 iiii-

203 4516 488 4587 utriusque
519 4532 698 4584 sexus,
733 4514 937 4571 diversi
965 4514 1170 4586 gradus
1200 4522 1252 4568 et
1280 4513 1488 4568 ordinis
1519 4529 1639 4566 cum
1671 4527 1800 4566 cru-

203 4603 364 4660 cibus
413 4612 466 4658 et
520 4605 716 4670 cereis,
777 4604 1097 4675 reliquoque
1147 4601 1489 4657 sanctissimo
1536 4607 1802 4670 apparatu

203 4709 333 4748 cum
365 4709 430 4749 eo
455 4711 467 4746 :
498 4692 654 4763 plebs
685 4709 900 4764 quoque
932 4692 1161 4747 civitatis
1191 4691 1547 4761 villarumque
1571 4689 1806 4745 circum-

207 4797 424 4854 quaque
452 4798 562 4836 non
607 4781 840 4847 modica,
872 4797 996 4836 cum
1041 4779 1189 4834 omni
1236 4779 1508 4835 alacritate
1537 4795 1602 4834 ac
1631 4779 1804 4833 devo-

205 4871 357 4926 tione
387 4870 567 4926 cordis
596 4869 837 4925 universi
867 4877 1167 4924 currentes.
1223 4870 1365 4922 Nam
1395 4868 1582 4923 clerici
1608 4882 1808 4938 magna

205 4976 336 5016 cum
367 4975 501 5016 voce
531 4961 707 5014 Deum
753 4959 1052 5024 laudantes,
1087 4957 1323 5028 singultu
1352 4957 1624 5012 interdum
1669 4971 1809 5026 qua-

207 5049 382 5104 tiente
412 5049 716 5120 psallebant
748 5066 760 5102 :
794 5047 981 5119 populi
1010 5055 1188 5102 autem
1231 5063 1374 5102 nunc
1405 5063 1516 5116 prae
1544 5045 1811 5098 immenso

211 5137 416 5209 gaudio
461 5137 731 5209 lacrymas
780 5137 1091 5205 fundentes,
1133 5151 1275 5192 nunc
1305 5151 1438 5191 vero
1467 5151 1583 5205 prae
1631 5133 1812 5190 cordis

285 5331 310 5358 θ,
344 5303 471 5352 Crux
540 5301 631 5351 ista
700 5298 829 5350 inter
909 5299 1224 5361 Quinciacum
1295 5303 1345 5349 et
1424 5297 1815 5347 Villam-Novam

215 5371 272 5420 S.
301 5367 520 5432 Gregorii
547 5367 780 5418 collocata
804 5367 1000 5416 dicitur.

287 5477 312 5512 δ
356 5470 676 5532 Theodasius,
732 5469 920 5528 Thiais,
970 5468 1104 5518 vicus
1153 5469 1388 5516 hactenus
1436 5463 1656 5532 emnobio
1693 5463 1819 5532 iPraf

218 5538 352 5590 tensi
432 5530 696 5600 subjectus,
767 5536 920 5587 altero
986 5534 1180 5586 milliari
1240 5545 1386 5597 supra
1433 5531 1622 5593 urbem,
1691 5530 1820 5581 haud

1900 4551 2058 4605 micis
2089 4551 2298 4606 caelitus
2331 4560 2658 4620 reportatam
2689 4571 2702 4607 :
2737 4555 2892 4622 cujus
2922 4555 3277 4630 interrogatio
3307 4575 3495 4614 eorum

1900 4639 2222 4710 perditionis
2267 4640 2565 4696 declaratio
2596 4641 2712 4695 fuit.
2744 4644 2805 4696 In
2834 4659 3112 4699 armorum
3156 4663 3368 4718 quoque
3397 4649 3499 4704 de-

1903 4729 2277 4798 ponendorum
2335 4729 2678 4798 adjuvatione
2754 4731 3080 4804 colligimus,
3146 4737 3292 4806 quod
3348 4752 3492 4807 eum,

1904 4816 2071 4871 immo
2088 4818 2450 4888 nosmetipsos
2481 4819 2616 4873 bene
2632 4819 2869 4886 juvando
2892 4822 3149 4890 adjuvare
3171 4824 3491 4893 debeamus,

1906 4922 1974 4960 ne
2004 4906 2129 4959 talia
2158 4907 2316 4960 nobis
2347 4915 2438 4960 aut
2468 4907 2541 4960 illi
2573 4924 2670 4978 pro
2701 4908 2856 4962 nobis
2888 4910 3025 4963 ultra
3053 4913 3386 4982 proveniant.

2499 5030 2722 5086 CAPUT
2753 5033 2906 5089 XIX.

1983 5127 2139 5182 Nunc
2169 5126 2333 5200 igitur
2362 5127 2635 5199 paulisper
2663 5129 3008 5186 considerare
3025 5131 3174 5200 libet,
3200 5152 3364 5206 quam
3385 5156 3504 5195 me-

1915 5289 2083 5351 procul
2131 5303 2158 5338 a
2208 5291 2452 5352 Sequana.

1917 5373 2196 5423 lrminonis.

1989 5469 2009 5495 c
2043 5457 2190 5528 Biber
2232 5457 2430 5528 amnis,_
2459 5457 2604 5519 vulgo
2648 5460 2696 5508 ια
2741 5459 2928 5510 rivie’re
2973 5463 3034 5511 de
3093 5463 3286 5514 Biérre.
3335 5469 3530 5528 chuas

1921 5536 1998 5575 nte
2024 5524 2257 5574 miscetur
2279 5525 2338 5574 ad
2357 5525 2547 5574 urbem.

2544 5291 2875 5340 Thcodaatium
2957 5299 3160 5346 vocatur
3223 5299 3271 5347 in
3349 5301 3511 5351 codice
