4086 6314
603 259 742 314 1039

1605 253 1945 313 AIMOINUS
1987 251 2371 310 MONACIIUS
2428 252 2885 311 SANGERMAN.

3777 256 3911 310 1040

605 381 807 439 tuenda
857 380 964 437 sint
1009 368 1395 451 omnipotentis
1448 381 1549 436 Dei
1598 380 1805 450 judicia
1836 399 1850 447 ;
1884 388 2087 452 quanta
2134 380 2205 435 sit
2235 385 2292 444 A
2381 379 2479 434 Hic
2509 388 2591 435 est
2620 379 2944 448 Germanus,
2978 378 3146 434 voluit
3177 394 3340 451 quem
3370 386 3542 434 mater
3567 378 3624 433 in
3650 378 3782 436 alvo

601 469 989 542 longanimitas
1026 478 1190 541 atque
1213 470 1423 539 justitia
1453 470 1683 541 piissimi
1712 470 1988 525 Creatoris
2016 470 2208 539 nostri,

600 576 731 616 vere
759 558 1017 614 terribilis
1041 557 1099 613 in
1120 558 1365 614 consiliis
1396 559 1530 625 suis,
1555 559 1766 630 patiens
1784 566 1838 614 et
1864 558 2211 630 aequissimus

601 647 659 704 in
686 647 953 703 universis
983 648 1245 718 operibus
1290 648 1403 701 suis
1439 666 1451 700 :
1484 648 1575 720 qui
1617 650 1663 702 si
1692 647 1863 701 iratus
1893 648 2067 703 servis
2096 646 2209 701 suis

600 735 1008 809 negligentibus
1038 735 1221 802 fuerit,
1255 736 1360 791 cito
1408 736 1513 789 illis
1543 735 1930 805 pmnitentibus
1960 735 2208 806 placatus

604 823 1070 889 reconciliabitur,
1121 833 1285 896 atque
1328 824 1634 879 visibilibus
1683 824 1798 879 sive
1845 823 2206 879 invisibilibus

600 914 888 983 prostratis
918 913 1184 980 hostibus,
1204 928 1395 983 pacem
1425 913 1671 967 contritis
1692 913 1859 967 corde
1888 928 2011 967 cum
2040 912 2207 967 victo-

598 1000 685 1056 ria
715 1001 889 1056 dabit.
912 1001 1002 1057 Sic
1022 1001 1090 1056 de
1108 1001 1308 1071 p0pulo
1330 1001 1626 1057 Israelitico
1660 1017 1805 1072 saepe
1820 1001 2055 1071 legimus
2078 1015 2091 1069 ;
2124 1000 2203 1057 sic

601 1090 806 1145 nostris
835 1089 1170 1160 temporibus
1200 1088 1518 1160 frequenter
1546 1089 1891 1155 audivimus;
1924 1088 2113 1160 sicque
2146 1089 2201 1142 in

601 1177 762 1233 nobis
788 1177 921 1248 ipsis
967 1178 1081 1245 ejus
1110 1177 1327 1248 pietatis
1373 1178 1555 1250 gratia
1583 1177 1790 1248 experti
1818 1194 2025 1233 sumus.
2078 1178 2200 1248 Ipse

602 1274 687 1322 est
733 1265 878 1322 enim
927 1267 1075 1321 Deus
1126 1267 1400 1338 repellens
1431 1275 1484 1322 et
1511 1267 1819 1337 destruens,
1869 1266 2116 1323 irascens
2146 1274 2200 1321 et

598 1355 886 1421 miserans,
922 1362 1430 1427 commotorumque
1460 1355 1814 1411 contritiones
1849 1371 2072 1410 sanans.
2104 1358 2198 1409 At-

600 1443 935 1498 tendendum
978 1443 1141 1500 etiam
1185 1443 1535 1499 beatissimus
1583 1444 1892 1499 Germanus
1940 1450 2196 1514 quantum

597 1531 667 1586 sit
714 1531 1123 1603 gloriﬁcandus,
1177 1541 1545 1604 quantumque
1590 1533 1951 1599 venerandus,
1996 1532 2088 1604 qui
2117 1532 2197 1588 sic

594 1620 1020 1676 misericorditer
1041 1621 1194 1690 juvat
1222 1623 1292 1676 ad
1323 1638 1383 1677 se
1415 1635 1541 1677 cum
1568 1620 1762 1676 ﬁducia
1791 1621 2189 1691 confugientes,

594 1704 787 1776 sicque
815 1704 1121 1760 terribiliter
1141 1706 1322 1774 justis,
1372 1706 1519 1777 quod
1548 1714 1630 1760 est
1658 1705 1956 1771 fatendum,
1990 1706 2192 1760 meritis

2214 1753 2266 1814 Β

2459 468 2711 535 Perdere,
2741 466 3090 539 praesumptis
3117 467 3399 523 haustibus
3428 467 3682 523 atriferis.

2385 557 2493 612 Sed
2524 558 2651 629 quia
2680 556 2828 613 vitali
2857 555 3035 611 fuerat
3062 573 3350 627 respersus
3378 557 3540 625 olivo,

2451 647 2573 701 Non
2605 646 2776 717 potuit
2806 654 3056 701 sanctum
3084 646 3482 702 commaculare
3511 646 3741 701 malum.

2378 734 2521 789 Nam
2549 735 2648 789 fuit
2676 735 2897 808 egregia
2928 734 3145 806 genitus
3174 735 3242 789 de
3272 735 3441 806 stirpe
3470 743 3776 806 parentum,

2450 822 2556 891 Qui
2586 824 2858 895 quondam
2890 824 3070 889 terris,
3105 839 3251 879 nunc
3279 839 3445 895 super
3471 832 3616 878 astra
3644 824 3803 879 nitet.

2378 911 2543 982 Optat
2570 911 2712 966 enim
2744 911 2922 983 fragili
2954 912 3000 966 si
3030 912 3151 983 quis
3179 912 3306 967 dum
3338 928 3504 968 carne
3531 914 3791 969 manebat

2444 1001 2622 1055 Nosse
2653 999 2749 1054 fuit
2777 1001 2971 1072 qualis,
3004 1001 3093 1056 hic
3122 1017 3222 1056 sua
3251 1010 3405 1074 gesta
3431 1001 3600 1075 legat.

2375 1089 2444 1145 Et
2474 1089 2645 1145 caelos
2676 1098 2967 1160 postquam
2999 1090 3334 1156 conscendit,
3369 1099 3571 1163 quanta
3598 1108 3703 1163 per
3731 1092 3911 1165 ipsum

2443 1178 2685 1233 Gesserit
2715 1177 3091 1249 Omnipotens,
3122 1194 3379 1250 promere
3408 1180 3595 1253 lingua
3624 1183 3841 1254 nequit.

2369 1265 2652 1338 Linquitur
2678 1268 2784 1322 hoc
2811 1266 2888 1321 illi
2917 1267 3129 1321 bibulas
3160 1267 3251 1339 qui
3283 1267 3432 1323 solus
3461 1284 3678 1339 arenas,

2441 1357 2521 1411 Ac
2548 1355 2735 1427 pelagi
2762 1363 2944 1428 guttas
2973 1355 3322 1412 dinumerare
3351 1357 3516 1413 valet.

2366 1444 2568 1500 Hortor
2594 1445 2740 1499 enim
2771 1454 3016 1513 cunctos,
3050 1445 3287 1502 maculat
3314 1462 3450 1518 quos
3478 1447 3620 1504 actio
3650 1448 3795 1516 vitae,

2441 1534 2610 1603 Hujus
2639 1549 2801 1605 Opem
2828 1534 3081 1604 precibus
3109 1550 3342 1606 poscere
3371 1552 3517 1606 saepe
3545 1537 3673 1607 piis.

2366 1622 2573 1677 Debilis
2601 1623 2671 1677 ad
2701 1623 2855 1692 cujus
2884 1623 3032 1679 venit
3063 1623 3109 1677 si
3141 1624 3302 1678 turba
3333 1625 3668 1695 sepulcrum,

2438 1711 2571 1766 Inde
2597 1727 2789 1766 means
2819 1712 2977 1767 rediit
3010 1728 3142 1767 sana
3169 1711 3383 1768 favente
3413 1715 3551 1769 Deo.

597 1793 831 1886 Perculit
860 1795 1236 1886 δᾷνθιῖδθηῖθὲ·
1268 1795 1334 1848 Et
1363 1794 1487 1865 qnia
1521 1794 1747 1866 longum
1773 1793 2081 1886 3°_dim0ile
2111 1802 2194 1849 εει
2214 1793 2266 1814 υ
2297 1810 2395 1866 Cui
2420 1828 2565 1869 nunc
2594 1820 2644 1867 et
2674 1829 2892 1883 semper
2920 1813 3123 1884 gratias
3153 1830 3398 1884 agamus,
3433 1815 3523 1886 qui
3554 1830 3657 1871 nos
3686 1818 3901 1875 meritis

596 1896 699 1953 per
740 1881 954 1955 singula
984 1882 1099 1951 ejus
1146 1883 1368 1937 virtutes
1397 1891 1663 1949 retexere,
1714 1883 1949 1938 maxime
1989 1899 2113 1939 cum
2144 1891 2198 1938 et

598 1978 894 2041 antequam
939 1979 1258 2026 nasceretur
1284 1971 1360 2026 ita
1390 1970 1621 2026 dilectus
1674 1980 1972 2043 gratusque
1997 1972 2114 2027 Deo
2142 1980 2200 2026 ut

598 2057 839 2113 Joannes
865 2058 921 2111 in
949 2067 1097 2114 utero
1144 2059 1329 2113 matris
1372 2059 1651 2114 exsultans
1693 2060 1944 2114 inventus
1992 2059 2078 2129 sit,
2111 2059 2198 2115 cui

598 2146 773 2201 virtus
818 2146 1064 2202 miraculi
1109 2147 1411 2202 famulatrix
1459 2148 1742 2216 exstiterit,
1789 2148 1967 2219 placet
1995 2149 2050 2203 in
2080 2149 2198 2218 ejus

592 2232 758 2290 laude
813 2236 918 2291 hoc
962 2235 1017 2290 in
1065 2236 1186 2292 loco
1240 2236 1429 2308 paucis
1469 2236 1660 2293 ludere
1701 2237 1969 2305 versibus,
2021 2237 2197 2309 sitque

596 2322 800 2395 prioris
828 2322 999 2379 libelli
1026 2323 1170 2379 ﬁnis.
2108 2346 2117 2351 '

2296 1900 2456 1970 hujus
2496 1899 2797 1956 ﬁdelissimi
2824 1902 2905 1956 sui
2934 1902 3185 1973 praesulis
3213 1902 3282 1958 de
3313 1911 3389 1958 tot
3423 1904 3696 1976 tantisque
3743 1909 3909 1965 malis

2298 1990 2509 2060 eripuit,
2542 1990 2742 2062 quique
2774 1990 2933 2046 nobis
2954 1991 3195 2063 quotidie
3225 1991 3703 2048 innumerabilium
3725 1996 3909 2054 dono-

2298 2094 2416 2132 rum
2447 2078 2710 2134 beneficia
2736 2080 2852 2148 ejus
2878 2078 3156 2153 suffragiis
3187 2089 3426 2151 przestat,
3458 2079 3669 2138 faciens
3698 2101 3906 2158 magna

2298 2175 2351 2222 et
2378 2167 2648 2222 mirabilia
2674 2168 2792 2224 sine
2821 2185 3049 2225 numero
3081 2187 3094 2224 :
3127 2169 3215 2225 cui
3243 2170 3311 2224 sit
3347 2170 3522 2226 honor
3551 2179 3605 2227 et
3633 2181 3904 2247 potestas,

2295 2256 2465 2311 decus
2495 2264 2549 2312 et
2589 2256 2880 2329 imperium
2925 2274 3026 2329 per
3061 2257 3269 2313 infinita
3308 2259 3509 2315 saecula
3552 2263 3904 2336 saeculorum,

2295 2346 2490 2400 Amen.

1471 2581 1788 2645 INCIPIT
1848 2575 2296 2641 PRIEFATIO
2353 2582 2582 2642 LIBRI
2640 2584 3019 2647 SECUNDI.

665 2788 805 2865 Quia
831 2796 1029 2867 prioris
1056 2793 1227 2851 libelli
1264 2805 1457 2863 metas,
1489 2803 1732 2867 optatum
1764 2795 2194 2867 pr0pinquantes
2226 2803 2276 2867 α
2297 2795 2531 2851 dationis
2588 2810 2803 2850 necnon
2833 2801 2887 2850 et
2926 2794 3158 2851 fructum
3203 2793 3560 2851 correctionis
3605 2794 3905 2866 parvipen-

590 2893 826 2957 portum,
859 2886 1075 2940 Christo
1124 2885 1391 2941 sermonis
1422 2884 1545 2941 vela
1572 2892 1818 2956 regente,
1867 2884 2142 2957 attigimus
2174 2902 2188 2950 ;

589 2982 877 3045 acceptum
905 2973 1153 3029 ducimus
1183 2991 1244 3029 ea
1264 2974 1429 3029 modo
1458 2973 1846 3030 miraculorum
1868 2974 2191 3029 subnectere

587 3062 764 3135 signa,
815 3080 936 3134 quae
963 3070 1153 3134 postea
1202 3062 1464 3118 Dominus
1509 3079 1606 3133 per
1635 3062 1877 3132 ejusdem
1922 3060 2190 3133 pontiﬁcis

587 3151 782 3207 merita
829 3151 1070 3224 gloriosa
1117 3151 1373 3224 dignatus
1403 3159 1486 3206 est
1514 3151 1777 3222 pandere.
1829 3151 1927 3205 Illa
1971 3166 2188 3222 quoque

587 3257 706 3313 quae
739 3257 929 3295 rursus
957 3240 1015 3295 in
1032 3240 1204 3310 ipsius
1225 3241 1397 3295 sancti
1427 3248 1720 3311 nostraque
1746 3239 2185 3312 peregrinatione

587 3337 715 3385 sunt
744 3327 902 3400 facta,
936 3345 1045 3384 non
1065 3329 1362 3402 incongrue
1393 3328 1643 3383 addenda
1673 3336 2051 3393 censerentur,
2081 3328 2187 3383 nisi

574 3416 718 3473 forte
747 3417 972 3489 pudoris
1014 3432 1136 3473 esse
1162 3418 1490 3472 viderentur.
1550 3417 1765 3473 Scilicet
1801 3416 1893 3488 qui
1941 3417 2185 3489 castiga-

580 3504 745 3561 tionis
767 3506 963 3563 divinae
981 3506 1303 3578 posthabitis
1325 3506 1739 3572 eruditionibus,
1774 3514 1987 3577 tempus
2009 3522 2188 3561 emen-

2294 2884 2505 2951 dentes,
2537 2885 2604 2938 ad
2634 2885 2739 2939 hoc
2768 2884 2964 2938 iterum
2992 2883 3235 2954 prolapsi
3265 2899 3473 2947 sumus,
3504 2891 3564 2937 ut
3590 2882 3900 2955 longiorem

2292 2972 2513 3027 demum
2542 2972 2935 3028 exsulationem
2965 2972 3288 3043 dignissima
3317 2970 3644 3043 expulsione
3673 2980 3898 3043 patere-

2291 3078 2427 3115 mur.
2462 3062 2571 3117 Sed
2601 3061 2741 3116 absit
2762 3069 2820 3116 ut
2849 3061 2935 3117 vel
2959 3069 3148 3116 nostra
3178 3060 3406 3117 tacendo
3432 3061 3753 3116 inaccusata
3778 3061 3902 3132 pal-

2287 3149 2450 3205 lietur
2478 3150 2772 3222 iniquitas;
2807 3158 2899 3205 aut
2942 3150 3181 3207 caelestis
3214 3165 3323 3222 qua
3369 3164 3715 3217 sanaremur,
3742 3150 3902 3205 nobis

2286 3238 2581 3293 clementer
2623 3239 2862 3293 adhibita
2892 3255 3001 3310 quo
3030 3253 3139 3293 non
3186 3245 3546 3309 praeconetur,
3598 3238 3900 3294 reticeatur

2285 3327 2634 3400 benignitas;
2668 3328 2755 3384 vel
2786 3328 2948 3383 etiam
2986 3327 3118 3381 tanti
3145 3325 3415 3398 pontiﬁcis
3455 3327 3712 3383 humana:
3742 3327 3901 3382 saluti

2286 3415 2481 3487 largita
2512 3416 2770 3473 virtutum
2799 3416 2973 3488 gratia
3000 3416 3375 3472 immemorata
3403 3415 3759 3471 transiliatur.

1565 3698 1903 3792 INCIPIT
1962 3722 2228 3791 LIBER
2282 3722 2796 3794 SECUNDUS.

1099 3984 1323 4044 CAPUT
1354 3983 1645 4044 PRIMUM.

647 4093 829 4152 Sancti
862 4111 995 4152 vero
1042 4112 1243 4167 corpus
1272 4096 1403 4151 dum
1451 4102 1751 4160 revectum,
1797 4101 1961 4166 atque
1988 4093 2177 4150 ordine

575 4199 740 4255 supra
786 4184 1002 4257 digesto
1057 4201 1156 4240 suo
1199 4193 1281 4240 est
1309 4184 1364 4238 in
1407 4184 1528 4239 loco
1574 4183 1899 4251 restitutum,
1949 4182 2178 4238 accessit

570 4286 637 4326 ex
668 4287 814 4345 pago
845 4273 1125 4329 Oximensi
1171 4270 1498 4344 [d’llyesme]
1546 4272 1794 4343 quaedam
1842 4271 2177 4342 paupercula

570 4360 786 4426 mulier,
818 4361 1038 4416 nomine
1069 4360 1473 4415 Hirmintrudis.
1508 4361 1636 4415 Hanc
1658 4376 1756 4430 per
1783 4376 1977 4415 novem
2008 4376 2177 4415 anno-

569 4464 692 4504 rum
723 4449 990 4504 currieula
1019 4448 1409 4504 contractionis
1452 4448 1760 4504 calamitate
1788 4464 2073 4519 oppressa,
2105 4449 2175 4503 de

569 4535 694 4593 loco
725 4537 793 4592 ad
824 4537 1024 4605 locum,
1057 4536 1163 4590 nisi
1201 4536 1428 4591 aliorum
1457 4537 1705 4591 manibus
1731 4537 1927 4601 delata,
1963 4552 2173 4609 nequa-

567 4640 733 4698 quam
762 4624 1015 4682 incedere
1045 4624 1278 4679 valebat.
1326 4625 1570 4695 Cumque
1607 4641 1725 4680 eam
1767 4625 2032 4681 Dominus
2073 4641 2174 4697 per

568 4713 869 4788 gloriosum
925 4712 1216 4767 antistitem
1273 4712 1600 4768 Germanum
1650 4730 1839 4770 curare
1887 4714 2167 4782 voluisset,

567 4811 729 4858 nocte
760 4801 996 4873 quadam
1044 4801 1482 4871 superveniente,
1525 4802 1658 4857 vidit
1688 4803 1825 4857 duas
1868 4803 2170 4859 sanctimo-

565 4889 739 4945 niales
767 4889 1008 4963 virgines
1034 4889 1306 4959 praeclaris
1337 4890 1572 4945 vultibus
1594 4906 1783 4946 coram
1812 4907 1871 4945 se
1887 4890 2165 4960 assistere,

563 4976 874 5053 deferentes
905 4976 1010 5032 sibi
1039 4993 1237 5048 panem
1265 4986 1317 5033 et
1345 4978 1452 5044 lac,
1488 4978 1708 5052 signum
1736 4977 1931 5034 futurae
1964 4980 2168 5035 sanita-

558 5065 648 5129 tis,
699 5065 1083 5138 hortantesque
1132 5074 1189 5121 ut
1241 5068 1592 5123 comederet:
1638 5066 1890 5123 molestia
1934 5084 2167 5140 namque

557 5152 886 5210 infirmitatis
913 5155 1138 5227 fatigata
1159 5156 1544 5212 obdormierat.
1570 5158 1813 5228 Cumque
1836 5158 2167 5213 comedisset

558 5259 626 5299 ex
654 5241 739 5296 his
769 5260 889 5314 qum
935 5244 1237 5310 attulerant,
1283 5245 1531 5300 dixerunt
1574 5244 1651 5298 illi
1688 5263 1700 5299 :
1735 5245 1909 5318 Surge
1939 5256 1991 5300 et
2021 5263 2163 5318 quo-

553 5331 934 5403 modocunque
980 5341 1157 5402 potes,
1217 5333 1459 5388 Parisius
1512 5333 1581 5387 ad
1639 5334 1951 5404 sepulcrum
2010 5334 2155 5390 beati

2199 3993 2253 4054 D
2276 3987 2612 4059 aegritudinis
2632 3987 2849 4045 vinculo
2869 3987 2939 4044 de
2960 4003 3055 4043 sua
3076 3987 3369 4060 desperata
3389 3987 3583 4059 salute,
3608 3986 3891 4059 putavitse

2280 4093 2423 4133 vano
2454 4076 2631 4133 somni
2650 4078 3027 4149 phantasmate
3048 4077 3252 4134 deludi.
3275 4076 3519 4148 Idipsum
3538 4085 3595 4133 et
3609 4085 3888 4149 parentes,

2279 4166 2475 4239 quibus
2530 4167 2649 4223 haec
2704 4167 2984 4233 retulerat,
3045 4166 3315 4223 dicebant.
3375 4166 3484 4222 Sed
3539 4166 3649 4222 alia
3690 4166 3889 4221 iterum

2278 4263 2437 4311 nocte
2457 4255 2733 4326 praedicta
2761 4254 3005 4327 virgines
3023 4256 3200 4311 eidem
3230 4263 3581 4327 apparentes,
3601 4270 3727 4311 cum
3754 4271 3889 4327 queo

2277 4342 2405 4398 dam
2459 4343 2855 4416 indignatione,
2918 4345 3120 4400 blando
3177 4344 3397 4416 quidem
3453 4359 3709 4400 sermone
3761 4358 3887 4399 eam

2276 4432 2522 4489 allocutze
2570 4434 2819 4489 dixerunt
2854 4452 2867 4489 :
2902 4434 3121 4503 Gaude;
3144 4434 3201 4487 in
3227 4433 3474 4505 proximo
3503 4442 3587 4489 est
3634 4432 3780 4488 enim
3823 4438 3886 4486 ut

2276 4522 2504 4577 cureris.
2530 4523 2598 4577 Et
2619 4538 2792 4594 quare
2813 4538 2919 4594 quo
2954 4523 3051 4577 tibi
3069 4523 3432 4593 praecepimus
3452 4538 3563 4578 non
3582 4521 3710 4577 isti?
3724 4521 3884 4576 valde

2273 4610 2440 4683 igitur
2468 4611 2658 4667 saltem
2684 4627 2846 4681 nunc,
2879 4627 2980 4667 nec
3002 4627 3214 4666 moram
3243 4610 3463 4666 feceris.
3498 4612 3666 4667 Porro
3693 4625 3883 4682 exper-

2273 4698 2487 4773 gefacta
2516 4699 2731 4767 mulier,
2768 4700 2967 4756 auxilio
2997 4700 3213 4755 tandem
3237 4698 3417 4755 fratris
3446 4698 3616 4755 asello
3645 4699 3883 4763 levatur,

2272 4788 2458 4860 sicque
2486 4797 2610 4844 ante
2642 4789 2900 4844 tumulum
2946 4789 3077 4843 tanti
3124 4788 3337 4860 patroni
3366 4788 3546 4844 delata
3571 4787 3881 4860 exponitur.

2270 4878 2546 4933 Permissa
2593 4878 2771 4950 itaque
2801 4886 2884 4934 est
2919 4877 2975 4931 in
3006 4877 3146 4933 atrio
3195 4878 3438 4947 ejusdem
3486 4877 3737 4935 ecclesiae
3760 4877 3881 4948 ipsa

2267 4975 2425 5022 nocte
2455 4967 2824 5038 requiescere.
2849 4965 2956 5022 Sed
2983 4966 3300 5038 priusquam
3326 4966 3522 5022 media;
3539 4965 3717 5023 noctis
3748 4980 3876 5036 spao

2266 5055 2398 5110 tium
2428 5056 2897 5121 transmitteretur,
2953 5055 3237 5128 evigilans,
3271 5055 3423 5128 quasi
3466 5054 3709 5127 quodam
3751 5070 3875 5110 me-

2265 5142 2537 5200 dicamine
2559 5143 2818 5211 delibuta,
2843 5160 2941 5214 per
2959 5144 3197 5214 seipsarr.
3217 5143 3537 5217 aggreditur
3556 5143 3867 5210 ecclesiam,

2263 5230 2518 5288 fratribus
2541 5234 2654 5302 jam
2686 5250 2751 5289 ex
2782 5249 2937 5288 more
2957 5232 3263 5304 vigiliarum
3295 5232 3562 5288 solemnia
3591 5232 3869 5288 celebran-

2263 5321 2426 5377 tibus.
2460 5324 2673 5377 Interea
2716 5322 2965 5377 membra
2996 5322 3100 5376 sibi
3144 5322 3286 5377 male
3316 5320 3646 5377 cohaerentia
3683 5336 3873 5391 cmpe-

552 5419 817 5478 Germani
857 5420 934 5475 ire
981 5421 1223 5476 festina:
1269 5422 1422 5493 cujus
1464 5438 1691 5478 munere
1739 5438 1938 5479 noscas
1986 5431 2038 5478 te
2086 5440 2153 5478 ex
2254 5427 2379 5475 runt
2409 5419 2630 5486 resolvi,
2657 5420 2897 5492 atquein
2919 5418 3199 5492 antiquum
3220 5436 3346 5475 mox
3366 5417 3604 5475 ofﬁcium
3625 5417 3867 5476 reverti:

545 5509 771 5583 propria
825 5511 1071 5583 corporis
1115 5510 1394 5566 debilitate
1443 5512 1746 5569 curandum
1805 5510 1939 5580 Quae
1986 5511 2154 5584 longo
2255 5533 2375 5589 quae
2430 5532 2528 5588 pro
2583 5516 2852 5574 anxietate
2903 5514 3085 5574 cordis
3132 5516 3482 5590 corporisque
3535 5514 3862 5572 relaxatione
