4086 6296
241 273 362 330 {0H

239 505 352 544 mus
381 489 692 547 audivimus
723 507 737 544 :
770 490 1024 565 factoque
1053 508 1234 564 mane,
1286 494 1366 548 illi
1413 495 1648 550 Domino
1695 495 1844 554 beati

241 577 496 633 Germani
523 579 781 650 precibus
809 580 1104 638 miserante
1130 583 1372 654 propriis
1404 599 1730 640 concessum
1761 592 1844 640 est

239 666 516 724 ambulare
545 668 793 742 vestigiis
826 687 840 724 :
875 671 1064 743 sicque
1092 688 1191 743 per
1219 673 1322 728 iter
1351 689 1460 745 quo
1490 681 1720 728 venerat
1746 689 1840 731 re-

237 754 407 822 diens,
441 757 698 814 omnibus
730 757 932 814 bonum
964 759 1070 818 sibi
1101 760 1359 835 largitum
1392 761 1669 821 narrabat.

868 903 1096 960 CAPUT
1132 904 1200 959 ΙΙ.

302 997 414 1053 Nec
441 995 576 1052 illud
611 997 894 1069 praeterire
946 999 1212 1054 debemus
1261 1000 1410 1071 quod
1460 1001 1622 1056 simili
1673 1003 1839 1059 modo

231 1086 430 1143 factum
457 1085 684 1158 contigit
722 1086 1064 1144 miraculum.
1113 1089 1254 1144 Nam
1303 1089 1444 1144 inter
1489 1098 1721 1146 caeteros
1771 1107 1839 1146 ex

233 1174 443 1231 diverso
470 1183 852 1246 properantes,
893 1175 1042 1233 venit
1071 1177 1292 1248 quidam
1337 1177 1559 1246 juvenis
1593 1195 1660 1234 ex
1689 1195 1838 1252 pago

232 1263 546 1332 Baiocasino
575 1263 665 1336 [de
697 1264 945 1337 Bayeux]
977 1265 1247 1321 vocabulo
1292 1265 1651 1322 Hildemodus
1675 1311 1690 1334 ,
1743 1268 1838 1338 qui

230 1351 302 1407 ita
355 1351 582 1408 renibus
633 1360 941 1409 contractus
995 1353 1171 1409 tribus
1230 1355 1488 1412 continuo
1553 1355 1838 1412 exstiterat

232 1439 406 1509 annis,
438 1447 496 1495 ut
522 1456 588 1496 eo
634 1440 755 1511 ipso
798 1441 990 1498 dolore
1033 1458 1274 1513 genuum
1321 1459 1386 1499 ac
1431 1444 1686 1499 tibiarum
1737 1460 1835 1500 seu

229 1529 424 1601 pedum
453 1528 760 1600 privaretur
787 1529 963 1586 oﬁicio
995 1549 1009 1585 :
1045 1531 1200 1603 isque
1224 1531 1391 1587 multa
1435 1533 1833 1588 venerabilium

229 1625 540 1674 sanctorum
586 1618 916 1675 circumiens
959 1619 1083 1676 loca
1105 1661 1120 1689 ,
1155 1636 1263 1692 quo
1289 1620 1578 1692 pristinam
1609 1620 1829 1677 illorum

230 1705 498 1780 suﬁ'ragiis
525 1717 876 1778 recuperaret
923 1709 1240 1780 sospitatem
1264 1752 1278 1775 ,
1328 1726 1358 1764 a
1407 1709 1558 1765 nullo
1603 1726 1826 1781 prorsus

1235 277 1332 336 DE
1391 277 1718 338 MIRACLIS
1750 278 1808 336 S.
1858 275 2204 343 GERMANI.
2233 317 2304 331 —
2347 287 2473 347 LIB.
2506 291 2572 347 II.

129 433 139 442 -
241 415 463 472 magnas
489 397 678 457 institit
707 417 872 459 voces
901 401 1168 470 emittere,
1202 411 1263 460 ut
1289 421 1484 462 omnes
1515 407 1607 479 qui
1636 407 1838 463 adera-

3402 296 3539 355 10ιὶ

1863 403 1920 467 Α
1940 424 2198 496 lentibus,
2223 440 2506 503 coeperunt
2525 449 2649 490 mox
2670 435 2826 492 nervi
2846 443 3010 510 atque
3029 437 3161 494 nodi
3189 453 3220 494 a
3257 437 3538 496 nativitate

1942 518 2206 574 contracti
2235 521 2483 592 corporis
2514 523 2735 591 resolvi,
2767 541 2980 582 necnon
3002 535 3055 582 et
3081 527 3150 582 ad
3178 543 3335 582 usum
3357 527 3544 584 ambu-

1940 603 2089 660 landi
2117 607 2302 664 divina
2330 609 2682 667 miseratione
2729 629 2829 683 per
2877 613 3020 669 beati
3067 614 3167 670 viri
3213 613 3538 688 suffragium

1941 693 2115 764 aptari
2149 713 2162 748 :
2195 697 2286 769 qui
2314 713 2438 754 cum
2469 697 2576 754 fide
2607 700 2846 759 venienti
2873 701 3165 778 impetrare
3192 703 3364 779 potuit
3391 703 3538 781 quod

1941 789 2136 839 natura
2167 783 2348 842 vitiata
2379 797 2700 861 negaverat.

2009 981 2131 1036 Non
2160 981 2306 1038 enim
2335 983 2536 1040 debent
2564 1002 2686 1042 esse
2711 986 2879 1059 (quod
2909 988 3074 1062 longe
3104 1004 3137 1044 a
3165 988 3417 1046 ﬁdelibus
3446 991 3542 1064 sit)

1937 1069 2112 1136 oneri,
2144 1087 2266 1142 quae
2294 1072 2538 1128 Christus
2570 1075 2681 1129 suis
2711 1076 2912 1132 sanctis
2933 1077 3124 1134 amicis
3154 1077 3413 1151 dignatur
3430 1079 3538 1134 lar-

1937 1157 2063 1230 giri.
2097 1159 2234 1213 Nam
2263 1160 2355 1232 qui
2385 1169 2544 1234 gesta
2572 1163 2904 1236 virtutesque
2935 1181 3127 1221 eorum
3156 1165 3248 1238 qui
3271 1167 3384 1235 jam
3412 1181 3538 1222 cum

1937 1246 2170 1302 Domino
2198 1247 2254 1301 in
2281 1249 2491 1304 caelesti
2535 1259 2771 1324 regnant
2817 1253 3158 1309 Hierusalem
3203 1253 3395 1310 audire
3443 1271 3537 1310 re-

1934 1335 2067 1400 nuit,
2100 1335 2218 1406 ipse
2247 1338 2437 1408 procul
2467 1338 2634 1394 dubio
2664 1341 2768 1395 sibi
2795 1341 2948 1396 testis
2979 1341 3206 1407 exsistit,
3241 1343 3370 1416 quia
3398 1359 3537 1398 non-

1935 1422 2065 1477 dum
2095 1425 2164 1478 ad
2195 1425 2409 1480 illorum
2440 1426 2682 1498 perfecte
2705 1431 2938 1500 suspirat
2959 1430 3312 1486 consortium.
3333 1430 3538 1488 Contra

1935 1527 2067 1566 vero
2097 1513 2189 1584 qui
2221 1514 2426 1582 recolit,
2460 1515 2594 1588 legit
2625 1517 2712 1572 vel
2742 1518 2925 1584 audit;
2960 1518 3050 1573 ille
3081 1519 3288 1590 utique,
3322 1519 3448 1576 licet
3474 1519 3530 1575 in

1935 1600 2096 1654 terris
2125 1601 2300 1658 adhuc
2327 1603 2536 1673 positus
2557 1646 2570 1673 ,
2605 1605 2887 1661 concivem
2919 1605 3135 1662 illorum
3166 1623 3225 1663 se
3253 1607 3535 1664 evidenter

1933 1704 2057 1743 esse
2087 1689 2421 1746 demonstrat
2457 1692 2512 1747 in
2541 1693 2794 1750 excelsis.
2838 1694 3010 1768 Igitur
3039 1711 3102 1750 ex
3133 1695 3365 1767 quadam
3396 1712 3532 1767 pos-

227 1795 526 1851 destinatus
556 1804 637 1851 est
666 1795 870 1852 sanari.
903 1796 1081 1868 Supra
1109 1797 1251 1854 dicta
1277 1807 1458 1853 autem
1490 1799 1824 1854 sanctissimi

1929 1776 2174 1833 sessione
2204 1779 2372 1850 ipsius
2404 1780 2548 1836 beati
2579 1782 2699 1850 viri,
2733 1764 2940 1856 quaevin
2967 1799 3108 1855 pago
3138 1764 3476 1840 ﬁinciacensi
3504 1792 3532 1820 ⁸

224 1883 495 1956 pontificis
523 1885 836 1940 imminente
867 1885 1204 1951 celebritate,
1239 1902 1273 1941 a
1301 1887 1538 1959 quodam
1587 1903 1828 1943 venera-

227 1972 320 2028 bili
348 1973 470 2029 viro
497 1989 598 2044 per
625 1989 881 2044 soporem
928 1981 1012 2028 est
1050 1974 1393 2043 admonitus,
1447 1985 1503 2031 ut
1550 1983 1826 2032 monaste-

225 2061 366 2117 rium
395 2061 638 2130 ejusdem
669 2063 946 2117 sanandus
976 2063 1172 2118 adiret.
1217 2061 1321 2132 Qui
1353 2065 1485 2119 nihil
1517 2065 1586 2120 de
1616 2065 1829 2121 visione

225 2150 494 2215 dubitans,
518 2166 586 2205 eo
615 2150 703 2206 die
735 2152 828 2221 qui
857 2151 1105 2207 eamdem
1127 2153 1390 2222 praecedit
1409 2153 1827 2223 solemnitatem,

225 2254 370 2294 nono
415 2238 542 2293 Kal.
599 2241 871 2312 Augustas
897 2282 910 2307 ,
965 2255 1088 2296 cum
1135 2241 1493 2296 ascellaribus
1531 2242 1677 2297 venit
1705 2251 1829 2300 ante

224 2327 398 2383 sancti
435 2327 610 2382 Patris
631 2327 963 2398 sepulcrum,
983 2328 1192 2397 jaciens
1217 2345 1277 2384 se
1301 2345 1507 2400 pronus
1529 2329 1584 2384 in
1603 2338 1826 2388 terram.

223 2415 467 2486 Cumque
495 2415 696 2470 diutius
722 2432 824 2486 pro
856 2417 939 2471 sui
969 2417 1386 2487 recuperatione
1419 2419 1595 2474 Deum
1627 2419 1830 2475 beatis-

223 2503 528 2576 simumque
565 2503 854 2574 praesulem
900 2504 1262 2560 intentissime
1309 2515 1560 2562 exoraret
1589 2550 1602 2574 ,
1649 2508 1828 2564 subito

178 2625 189 2633 -
223 2592 386 2663 coepit
415 2607 602 2648 coram
630 2592 802 2648 oculis
834 2593 1075 2648 omnium
1107 2594 1216 2650 illic
1231 2595 1565 2650 adstantium
1584 2597 1826 2654 membra

220 2679 432 2752 prolixa
461 2680 781 2754 aegritudine
811 2683 1083 2752 torpentia
1107 2699 1336 2755 gemens
1365 2685 1678 2740 extendere.
1713 2685 1828 2740 Nec

220 2783 393 2823 mora.
454 2768 646 2823 Statim
695 2784 932 2840 namque
977 2770 1209 2824 surrexit
1252 2771 1583 2826 benedicens
1631 2773 1822 2838 Deum,

221 2864 579 2928 sanctumque
610 2856 928 2928 glorificans
957 2857 1287 2913 Germanum
1336 2877 1349 2913 :
1402 2867 1456 2914 et
1497 2875 1604 2916 non
1651 2861 1825 2916 solum

218 2943 371 3016 ipse,
422 2961 614 3000 verum
661 2953 714 3002 et
761 2945 851 3016 qui
881 2955 1180 3017 praesentes
1233 2963 1446 3002 eramus
1471 2991 1486 3018 ,
1539 2949 1828 3021 omnisque

218 3031 526 3106 frequentia
554 3033 742 3105 populi
773 3035 863 3106 qui
892 3044 1224 3092 convenerat
1249 3078 1262 3104 ,
1297 3037 1503 3108 pariter
1540 3038 1827 3094 benedixi-

1928 1865 2028 1920 sita
2073 1867 2339 1922 Prunidus
2383 1869 2601 1936 dicitur,
2661 1870 2755 1925 fuit
2813 1871 3034 1943 quidam
3093 1873 3254 1927 homo
3310 1873 3530 1929 nomine

1927 1953 2232 2026 Adoardus,
2265 1957 2338 2012 ita
2367 1958 2645 2013 oculorum
2675 1959 2917 2030 privatus
2946 1957 3169 2027 lumine,
3203 1969 3260 2016 ut
3291 1960 3368 2016 illi
3396 1977 3528 2016 con-

1929 2042 2078 2098 tinua
2107 2060 2214 2099 nox
2245 2054 2408 2116 esset,
2441 2062 2543 2103 nec
2573 2048 2870 2119 quidquam
2901 2049 3036 2103 lucis
3065 2049 3282 2104 haurire
3319 2057 3526 2122 posset.

1928 2131 2027 2186 Hic
2057 2133 2124 2186 ad
2155 2134 2325 2189 sancti
2357 2134 2628 2205 pontiﬁcis
2663 2135 3006 2191 festivitatem
3038 2137 3311 2207 manibus,
3343 2145 3528 2208 utpote

1927 2235 2124 2285 caecus,
2157 2222 2388 2277 aliorum
2419 2224 2702 2290 deductus,
2735 2225 2806 2279 ad
2832 2240 2988 2281 sacra
3016 2225 3307 2281 missarum
3338 2225 3532 2281 solem-

1927 2308 2017 2363 nia
2045 2309 2186 2365 inter
2205 2311 2448 2383 reliquos
2477 2313 2568 2384 qui
2593 2323 2962 2370 convenerant
2990 2315 3219 2370 devotus
3237 2315 3488 2370 adstabat
3511 2333 3525 2370 :

1927 2406 1980 2452 et
2009 2415 2136 2454 ecce
2167 2400 2346 2456 subito
2375 2409 2666 2472 antequam
2696 2403 3055 2473 Evangelium
3083 2403 3197 2476 legi
3236 2403 3528 2460 inchoare-

1925 2494 2034 2552 tur,
2071 2488 2238 2558 cmpit
2268 2489 2336 2543 ab
2366 2491 2484 2558 ejus
2510 2489 2684 2545 oculis
2715 2507 2950 2562 magnus
2981 2492 3134 2563 quasi
3163 2492 3525 2562 lacrymarum

1927 2575 2100 2630 ﬂuxus
2129 2577 2327 2631 mirum
2358 2577 2413 2632 in
2442 2579 2666 2633 modum
2691 2594 2936 2634 manare.
2979 2580 3223 2652 Cumque
3267 2580 3360 2634 diu
3420 2581 3527 2638 hoc

1926 2673 2203 2737 ageretur,
2236 2673 2288 2720 et
2319 2665 2436 2736 ipse
2466 2666 2769 2722 rivulorum
2799 2666 3002 2723 fontem
3031 2668 3100 2723 de
3131 2667 3242 2722 suis
3287 2667 3522 2723 maxillis

1927 2754 2121 2808 crebra
2151 2769 2346 2808 manus
2373 2755 2704 2810 adhibitione
2736 2763 3076 2828 extergeret,
3113 2772 3350 2827 superno
3395 2773 3525 2812 mox

1926 2851 2209 2912 respectus
2238 2842 2428 2897 intuitu
2447 2885 2460 2910 ,
2493 2843 2680 2914 incipit
2708 2845 2988 2915 paululum
3021 2845 3328 2916 splendoris
3358 2843 3531 2916 inspi-

1927 2947 2071 2987 cere.
2108 2931 2316 2986 Deinde
2346 2933 2554 3005 gratias
2587 2947 2760 3004 agens
2807 2941 2920 2989 toto
2965 2933 3269 2988 devotionis
3305 2931 3520 3002 aﬂ‘ectu,

1929 3021 2046 3076 solo
2074 3029 2382 3090 Prostratus
2408 3021 2607 3076 obnixe
2636 3022 2977 3092 precabatur,
3009 3029 3067 3076 ut
3095 3021 3199 3076 sibi
3239 3023 3353 3090 jam
3397 3038 3524 3093 par-

217 3138 342 3178 mus
370 3122 621 3191 Domino,
648 3123 740 3195 qui
762 3123 893 3182 talia
923 3125 1128 3181 meritis
1159 3125 1242 3182 sui
1273 3125 1606 3183 confessoris
1634 3127 1822 3200 digna-
1850 3119 1898 3182 C
1928 3109 2021 3162 tim
2051 3116 2354 3163 reseratum
2401 3109 2590 3200 Ῑιιῖῐιθιῖ
2625 3109 2844 3200 ΡῙέηίυε
2891 3111 3229 3200 reddam?“
3261 3111 3378 3166 Nec
3406 3111 3524 3179 eius

219 3211 380 3267 batur
407 3211 734 3269 concedere.

840 3327 1068 3384 CAPUT
1105 3329 1198 3383 III.

288 3433 425 3490 Illud
453 3449 672 3506 quoque
701 3434 844 3506 quod
873 3434 1058 3490 divina
1088 3434 1306 3490 bonitas
1347 3435 1542 3490 eodem
1591 3451 1820 3508 vespere

213 3522 285 3578 ad
311 3521 510 3578 famam
541 3522 776 3579 nominis
807 3523 940 3578 tanti
971 3523 1073 3579 viri
1104 3524 1396 3579 ostendere
1425 3524 1632 3594 voluit,
1685 3526 1819 3582 reti-

213 3610 326 3668 ceri
354 3627 462 3668 non
491 3611 653 3667 debet
683 3613 811 3685 quin
838 3613 982 3668 inter
1011 3620 1206 3668 caetera
1236 3620 1492 3668 narretur
1521 3613 1818 3670 miraculo-

212 3716 338 3756 rum
363 3700 618 3772 insignia.
652 3701 776 3756 Fuit
805 3701 1028 3773 quidam
1060 3718 1200 3773 puer
1227 3702 1306 3772 (ut
1334 3701 1646 3772 putabatur)
1683 3704 1820 3759 duo-

213 3788 432 3858 dennis,
465 3790 534 3846 de
559 3805 702 3863 pago
731 3789 1115 3846 Aurelianensi
1145 3799 1197 3846 et
1227 3789 1431 3846 familia
1473 3791 1618 3848 beati
1647 3792 1821 3846 Patris

211 3877 530 3946 Benedicti,
561 3879 654 3949 qui
699 3879 768 3934 de
819 3879 1011 3935 matris
1061 3879 1219 3936 vulva
1267 3879 1324 3934 in
1371 3880 1548 3936 lucem
1598 3880 1821 3936 renibus

209 3973 524 4024 contractus
552 3983 616 4023 ac
643 3967 879 4040 genibus
905 3976 1274 4040 proruperat;
1307 3983 1409 4025 nec
1439 3969 1599 4024 aliter
1620 3986 1679 4026 se
1711 3969 1822 4026 ullo

209 4056 382 4112 modo
408 4072 628 4113 movere
656 4064 892 4128 poterat,
926 4057 1032 4111 nisi
1057 4057 1311 4112 manibus
1343 4057 1522 4112 nitens
1552 4058 1824 4113 semivali-

209 4145 345 4201 dum
398 4153 742 4216 promoveret
797 4145 1182 4216 corpusculum
1209 4189 1221 4213 ,
1279 4145 1507 4216 insuper
1560 4154 1613 4201 et
1649 4147 1726 4202 ita
1753 4147 1822 4202 ab

208 4233 432 4290 ineunte
459 4243 618 4290 aetate
639 4276 652 4300 ,
687 4233 860 4290 officio
891 4234 1150 4308 loquendi
1199 4233 1438 4306 privatus
1486 4234 1818 4302 adoleverat,

209 4330 272 4378 ut
302 4338 456 4379 more
485 4322 656 4394 ipsius
685 4323 874 4397 lingua
900 4323 1082 4395 potius
1113 4323 1428 4394 strepitum,
1481 4340 1640 4395 quam
1691 4341 1822 4380 ver-

210 4411 415 4468 borum
435 4412 764 4483 exprimeret
794 4429 1034 4468 sensum.
1061 4411 1307 4481 Quicum
1338 4412 1407 4468 ad
1422 4411 1569 4467 beati
1593 4412 1822 4468 Caronis

1923 3205 2051 3252 sunt
2078 3213 2274 3268 preces
2329 3198 2474 3268 apud
2529 3198 2866 3253 Altissimum
2923 3199 3103 3255 cordis
3154 3198 3523 3270 inspectorem

1920 3294 2276 3358 sanctumque
2301 3286 2570 3342 frustratae
2600 3287 2796 3342 visum.
2830 3287 3016 3344 Statim
3063 3303 3300 3360 namque
3347 3303 3520 3344 exau-

1921 3375 2085 3441 ditus,
2119 3374 2401 3446 pristinum
2431 3375 2640 3446 recepit
2669 3375 2846 3430 visum
2894 3393 2908 3430 :
2957 3376 3360 3448 missarumque
3387 3392 3522 3448 per-

1921 3471 2044 3520 acta
2065 3463 2426 3530 solemnitate,
2447 3465 2595 3518 venit
2617 3465 2732 3532 jam
2760 3464 2910 3520 clare
2933 3463 3124 3520 videns
3153 3472 3280 3519 ante
3310 3464 3522 3535 polian-

1921 3553 2078 3607 drum
2101 3551 2179 3625 [id
2199 3557 2284 3608 est
2304 3552 2640 3625 sepulcrum]
2661 3552 2962 3608 beatissimi
2977 3551 3309 3609 confessoris
3343 3552 3517 3624 glori-

1920 3639 2090 3696 ﬁcans
2119 3642 2311 3706 Deum,
2335 3641 2427 3712 qui
2458 3641 2562 3695 sibi
2593 3642 2708 3710 ejus
2733 3641 3005 3712 precibus,
3024 3658 3124 3712 per
3151 3649 3228 3697 tot
3256 3656 3520 3696 annorum

1922 3729 2192 3786 curricula
2220 3729 2438 3784 luminis
2476 3729 2788 3801 ademptam
2836 3729 3132 3786 reddiderit
3176 3729 3518 3805 dignitatem.

2552 3858 2775 3916 CAPUT
2822 3860 2888 3916 γ.

1994 3968 2063 4024 Ut
2092 3966 2259 4039 igitur
2289 3965 2610 4039 castigantis
2639 3981 2740 4022 nos
2769 3965 3160 4022 inaestimabilis
3195 3965 3394 4023 divinae
3421 3967 3526 4024 bo-

1923 4055 2105 4110 nitatis
2133 4054 2416 4110 miseratio
2447 4054 2750 4108 evidentius
2771 4054 3117 4125 praedicetur,
3142 4055 3231 4108 illa
3261 4071 3382 4126 quae
3403 4071 3526 4110 rur-

1925 4160 2018 4198 sus
2049 4143 2104 4198 in
2135 4143 2380 4212 ejusdem
2430 4143 2604 4198 sancti
2641 4157 2706 4199 ac
2735 4150 2923 4198 nostra
2961 4141 3433 4214 peregrinatione,
3468 4151 3530 4200 ut

1923 4232 2300 4300 meminimus,
2335 4231 2473 4288 facta
2503 4239 2625 4286 sunt
2671 4231 2932 4288 miracula
2979 4247 3388 4304 persequamur,
3421 4232 3527 4288 etsi

1924 4338 2032 4378 non
2081 4338 2330 4377 sermone
2373 4321 2665 4377 verborum
2711 4321 2868 4392 c0pia
2909 4321 3221 4392 phalerato,
3264 4321 3522 4377 virtutum

1926 4419 2110 4467 tamen
2143 4410 2490 4482 speciositate
2507 4410 2758 4466 colendo.
2781 4411 2902 4465 Non
2935 4418 3056 4480 post
3075 4409 3274 4465 multos
3291 4409 3528 4482 denique

211 4499 294 4575 [S.
333 4477 566 4574 Chéro-n]
615 4500 869 4572 Martyris
899 4477 1234 4572 sepulcrum,
1267 4501 1360 4574 qui
1380 4501 1532 4570 juxta
1561 4501 1822 4573 Oppidum
1848 4477 1902 4539 D
1925 4517 2098 4556 annos
2124 4544 2136 4566 ,
2169 4477 2372 4554 iteratis
2395 4499 2594 4571 saepius
2624 4499 2782 4554 malis
2807 4542 2818 4565 ,
2853 4477 3130 4555 suscitavit
3166 4498 3324 4554 nobis
3373 4477 3522 4554 Deus

209 4589 378 4644 situm
409 4596 491 4645 est
520 4589 880 4644 Karnotinum
928 4589 1240 4662 [Chartres]
1261 4633 1273 4656 ,
1305 4605 1340 4644 a
1368 4589 1610 4662 quolibet
1643 4591 1822 4662 gratia

206 4678 431 4750 pietatis
455 4679 774 4750 deportatus
805 4679 1033 4746 fuisset,
1067 4678 1379 4735 interventu
1427 4679 1600 4750 ipsius
1648 4679 1822 4734 sancti

208 4766 446 4824 Carenis
473 4767 643 4840 pedes
673 4767 820 4836 ejus,
855 4767 1227 4823 contractione
1273 4785 1512 4842 genuum
1555 4784 1819 4840 perseve-

207 4863 394 4923 rante,
447 4871 481 4911 a
527 4855 924 4928 posterioribus
981 4855 1324 4912 solummodo
1372 4865 1496 4912 sunt
1543 4857 1816 4928 disjuncti.

209 4945 350 5001 Inde
379 4961 509 5002 vero
537 4945 606 5002 ad
636 4944 937 5017 patrocinia
987 4944 1116 5000 almi
1160 4945 1374 5017 patroni
1423 4945 1593 5001 nostri
1639 4963 1818 5020 quan-

205 5033 396 5106 doque
424 5035 740 5106 perductus,
795 5035 1020 5090 obtentu
1070 5033 1466 5090 misericordia:
1512 5035 1819 5106 permissus

210 5129 302 5178 est
329 5123 401 5178 ad
431 5122 604 5179 sancti
631 5120 903 5194 pontiﬁcis
936 5121 1338 5178 confessionem
1369 5139 1615 5178 manere.
1650 5125 1818 5179 Cum-

212 5212 557 5284 quejaceret
585 5210 842 5268 fratribus
865 5211 980 5282 jam
1023 5211 1080 5266 in
1127 5211 1362 5268 ecclesia
1391 5227 1618 5284 vespere
1664 5212 1818 5286 psal-

281 5376 310 5406 ι
365 5363 645 5416 Pinciacum
671 5404 684 5426 ,
756 5362 926 5427 Poissy
954 5405 968 5426 ,
1041 5365 1177 5416 locus
1241 5365 1381 5415 sexto
1439 5363 1634 5415 milliari
1689 5364 1818 5417 intra

211 5432 470 5483 civitatem
538 5430 838 5482 Parisiorum
865 5469 879 5492 ,
941 5433 1000 5482 S.
1078 5431 1308 5483 Ludovici
1376 5430 1506 5494 regis
1572 5432 1820 5483 natalibus

209 5498 423 5551 illustris
449 5537 464 5560 ,
512 5511 542 5549 a
577 5506 674 5561 quo
721 5511 818 5550 non
863 5499 1006 5562 longe
1061 5498 1212 5550 distat
1259 5498 1502 5549 Prunidus
1530 5539 1544 5561 ,
1593 5499 1816 5562 Prunay.

211 5565 551 5621 Pinciaceusis
624 5577 778 5629 pagus
855 5566 998 5630 longe
1075 5565 1450 5620 extendebatur.
1508 5566 1818 5630 Complecte-

1921 4588 2277 4646 saavissimam
2307 4589 2624 4644 earumdem
2653 4587 2893 4662 gentium
2925 4587 3360 4659 persecutionem
3411 4603 3517 4659 qua

1920 4696 2020 4736 nos
2047 4679 2243 4735 merito
2282 4677 2579 4752 afﬂigeret,
2629 4676 2964 4750 aﬁlictosque
3014 4684 3071 4731 ut
3119 4675 3333 4748 pietatis
3362 4683 3519 4748 pater

1919 4768 2358 4824 emendationem
2415 4766 2785 4838 compelleret.
2859 4767 2998 4820 Nam
3064 4765 3522 4838 quemadmodum

1918 4873 2184 4930 prospera
2215 4873 2248 4911 a
2275 4864 2425 4912 recto
2470 4855 2685 4910 tramite
2715 4871 2813 4926 per
2840 4854 3036 4910 mentis
3083 4854 3369 4910 elationem
3416 4853 3521 4910 ali-

1921 4946 2140 5019 quando
2183 4946 2424 5010 deviant,
2458 4945 2534 5000 ita
2563 4952 2615 5000 et
2648 4944 2880 4999 adversa
2929 4961 3028 5014 per
3074 4942 3288 4999 contriti
3337 4943 3524 5000 cordis

1919 5035 2274 5091 humilitatem
2308 5035 2378 5090 ad
2411 5033 2584 5089 nostri
2613 5049 2714 5088 nos
2739 5032 3039 5089 custodiam
3071 5039 3353 5088 revocant.
3394 5032 3520 5089 Sola

1919 5124 2064 5180 enim
2097 5123 2308 5180 vexatio
2340 5122 2676 5178 intellectum
2705 5121 2855 5176 dabit
2881 5120 3104 5176 auditui.
3136 5121 3307 5190 Hujus
3337 5119 3519 5194 itaque

1917 5213 2316 5286 persecutionis
2341 5220 2461 5268 orto
2484 5211 2724 5284 ﬂagello,
2751 5217 3062 5266 sanctorum
3089 5209 3514 5284 circumquaque

1915 5369 2063 5420 batur
2083 5367 2322 5430 siquidem
2365 5367 2530 5417 villam
2573 5367 2842 5426 Macedon,
2883 5365 3236 5417 recentioribus
3275 5365 3513 5428 .Heudon,

1925 5435 2071 5501 paulo
2109 5434 2239 5485 infra
2287 5434 2510 5501 eamdem
2553 5433 2802 5485 civitatem
2828 5471 2842 5496 ,
2886 5445 2948 5501 ex
2991 5433 3184 5501 codice,
3218 5430 3520 5501 lrminonis;

1927 5497 2200 5563 Surisnas,
2239 5501 2382 5564 vulgo
2426 5500 2667 5552 Suresnes
2689 5539 2705 5562 ,
2754 5514 2813 5552 ex
2855 5499 3120 5564 diplomate
3161 5497 3320 5552 Caroli
3362 5509 3518 5561 cogno

1920 5573 2088 5623 mento
2112 5567 2376 5633 Simplicis,
2403 5570 2500 5619 etc.
