4086 6312
569 277 710 334 1043

1550 275 1893 338 AIMOINUS
1945 273 2332 334 MONACHUS
2385 274 2878 335 SANGERIIAN.‘

3744 283 3884 339 1044

557 401 864 473 jacentium
895 417 1128 478 corpora
1154 420 1264 462 non
1293 403 1469 460 solum
1499 419 1530 458 a
1559 403 1826 476 sepulcris
1871 403 2174 458 instaurato
2200 401 2259 464 A
2277 401 2467 458 intima
2491 417 2706 474 ungues
2746 401 2994 474 producti
3037 409 3332 475 penetrare
3379 403 3713 463 viderentur.
3745 405 3882 476 Quae

573 491 768 551 dolore
799 492 1000 550 eﬁ'ossa
1023 536 1037 560 ,
1070 509 1263 550 verum
1291 493 1455 548 etiam
1487 501 1540 548 et
1568 493 1638 548 ad
1667 492 1920 564 proprias
1948 506 2177 562 posses-

575 579 760 637 siones
789 589 913 638 sunt
941 583 1043 639 hac
1069 583 1304 654 illacque
1347 581 1592 638 devecta.
1637 582 1881 653 Cumque
1929 587 2179 652 paratum

576 667 770 726 fuisset
799 687 907 743 quo
937 670 1265 728 sanctissimi
1307 686 1506 741 corpus
1537 669 1796 726 Germani
1831 669 1901 724 ad
1931 667 2178 739 superius

579 755 778 814 dictam
807 759 992 815 villam
1023 759 1245 816 Cumbis
1273 758 1463 815 iterum
1495 757 1623 814 ferri
1649 757 1892 823 deberet,
1924 757 2058 811 illud
2078 771 2179 812 nos

583 847 734 918 quod
776 855 907 904 tunc
934 848 1140 904 ibidem
1169 855 1384 921 gestum
1413 855 1496 902 est
1524 846 1846 903 miraculum
1876 845 2060 902 dicere
2083 845 2177 914 ju-

579 941 692 991 vat.
746 934 979 1005 Quidam
1034 944 1215 992 autem
1267 943 1512 992 nostrum
1539 977 1552 1002 ,
1597 935 1817 991 nomine
1863 934 2176 1002 Adalarius,

581 1025 880 1080 monachus
910 1033 963 1080 et
989 1025 1268 1092 sacerdos,
1303 1024 1382 1080 sic
1411 1041 1512 1094 per
1541 1031 1755 1094 tempus
1785 1023 2039 1080 continua
2089 1037 2179 1076 re-

583 1127 716 1166 num
745 1111 1054 1186 fatigatione
1082 1112 1276 1168 debilis
1305 1111 1478 1169 factus
1508 1113 1822 1182 exstiterat,
1877 1126 1985 1183 quo
2029 1109 2180 1166 nullo

585 1207 752 1262 modo
778 1224 880 1279 per
909 1223 967 1263 se
997 1207 1082 1264 vel
1113 1207 1182 1262 ad
1204 1209 1496 1276 modicum,
1521 1207 1627 1261 nisi
1655 1223 1765 1262 uno
1795 1214 1847 1262 et
1877 1205 2181 1277 praesertim

583 1293 796 1350 duobus
827 1303 1160 1351 sustentatus
1180 1296 1406 1362 baculis,
1438 1295 1694 1352 incedere
1725 1295 1949 1350 valeret.
1971 1293 2182 1362 Quibus

583 1383 844 1439 adductus
867 1385 1012 1440 venit
1031 1385 1101 1439 ad
1131 1384 1420 1442 ecclesiam
1451 1385 1590 1440 inter
1622 1383 1866 1455 reliquos
1901 1399 2131 1456 gemens
2164 1399 2177 1437 :

582 1471 959 1544 accedensque
979 1473 1048 1528 ad
1059 1473 1230 1529 sancti
1250 1472 1497 1544 praesulis
1519 1488 1720 1544 corpus
1733 1471 1848 1541 jam
1871 1472 1938 1526 ad
1957 1469 2181 1526 efferen-

581 1559 712 1615 dum
741 1559 946 1616 feretro
974 1569 1214 1633 aptatum
1237 1605 1249 1628 ,
1284 1563 1486 1616 studuit
1515 1578 1656 1616 unus
1684 1577 1787 1616 nec
1812 1560 2014 1616 tardior
2055 1560 2181 1632 qui-

579 1649 706 1704 dem
721 1665 844 1706 esse
862 1651 1212 1721 portantium.
1243 1652 1303 1706 Et
1331 1651 1434 1706 hoc
1453 1650 1637 1705 divino
1659 1648 1990 1724 suffragante
2031 1649 2184 1704 auxi-

2279 505 2440 546 mane
2467 490 2612 548 facto
2633 491 2880 559 veniens,
2903 492 3032 546 dum
3063 500 3190 548 ante
3219 493 3393 550 altare
3420 493 3477 548 in
3505 510 3613 566 quo
3630 503 3882 551 sanctum

2277 578 2593 650 quiescebat
2613 595 2814 652 corpus
2845 587 3040 636 statuta
3071 579 3292 648 fuisset,
3325 581 3405 639 sic
3431 591 3556 655 post
3600 583 3882 640 modicum

2278 668 2564 725 emendato
2618 669 2853 736 delicto,
2897 678 2956 725 ut
3001 669 3180 726 fuerat
3219 671 3372 742 prius
3397 714 3410 740 ,
3441 687 3576 728 sana
3620 673 3880 744 regredi-

2277 763 2366 811 tur
2397 773 2411 810 :
2442 773 2544 813 nec
2571 757 2816 829 gloriosa
2845 757 3062 813 domina
3109 758 3411 832 gloriosum
3459 760 3750 832 dedignata
3798 769 3882 818 est

2280 841 2608 897 Germanum
2644 851 2959 900 consortem
2992 859 3089 898 seu
3121 852 3490 916 reparatorem
3537 845 3627 900 sui
3671 845 3878 903 habere

2279 929 2546 986 miraculi.

2877 1019 3105 1077 CAPUT
3142 1022 3285 1077 VIII.

2351 1109 2420 1163 Ut
2447 1114 2625 1162 autem
2655 1115 2934 1164 taceamus
2962 1109 3031 1166 de
3059 1109 3282 1182 reliquis
3311 1126 3378 1166 ea
3411 1119 3735 1184 tempestate
3780 1130 3882 1186 per

2280 1197 2530 1252 eumdem
2562 1204 2801 1252 sanctum
2833 1197 2888 1252 in
2917 1199 3111 1254 eodem
3139 1199 3262 1255 loco
3306 1201 3536 1271 patratis
3579 1202 3877 1273 miraculis,

2279 1284 2492 1340 dicatur
2517 1301 2661 1341 nunc
2689 1285 2821 1341 illud
2850 1287 2918 1342 de
2946 1287 3182 1359 quodam
3230 1303 3378 1345 casco
3425 1289 3750 1346 mirabiliter
3785 1307 3882 1348 cu-

2280 1380 2418 1440 rato,
2452 1373 2543 1446 qui
2573 1373 2703 1428 dum
2732 1375 2894 1430 alieni
2941 1391 3166 1447 gressus
3216 1376 3410 1433 solatio
3461 1377 3654 1434 fuisset
3704 1386 3880 1435 attra-

2280 1468 2420 1528 ctus,
2480 1477 2634 1517 suam
2681 1463 2790 1520 illic
2835 1480 2936 1535 per
2979 1464 3098 1520 dies
3137 1466 3412 1522 exorando
3458 1451 3883 1538 praestolabatur

2283 1551 2528 1606 salutem.
2578 1553 2722 1608 Nam
2761 1560 2814 1608 et
2859 1553 3049 1609 solitus
3090 1562 3206 1609 erat
3253 1554 3360 1610 alia
3406 1555 3595 1612 nescio
3645 1557 3880 1628 quadam

2281 1639 2678 1696 intercurrente
2720 1639 3047 1709 infirmitate,
3084 1642 3286 1698 multas
3315 1643 3564 1699 crebrius
3593 1661 3762 1717 quam
3789 1661 3882 1701 su-

579 1736 652 1793 lio
681 1717 936 1809 precibus
967 1739 1142 1796 sancti
1169 1739 1503 1807 sublevatus,
1539 1739 1726 1795 relicto
1750 1779 1764 1807 ,
1799 1717 1942 1806 imo,
1979 1745 2035 1792 ut
2064 1737 2180 1809 ipse
2206 1763 2261 1824 Β
2285 1717 2424 1784 bitas
2450 1745 2576 1824 eum
2611 1730 2813 1824 gemitu
2843 1730 3048 1786 doloris
3078 1730 3358 1824 effundere
3385 1749 3571 1824 voces.
3605 1734 3763 1824 Unde
3790 1735 3884 1824 ali-

579 1833 705 1898 post
735 1827 946 1897 aiebat,
979 1827 1146 1884 oblito
1174 1827 1491 1884 baculorum
1521 1826 1694 1884 ofﬁcio
1719 1870 1731 1894 ,
1764 1827 2003 1882 vicissim
2046 1843 2179 1897 per-

584 1913 714 1986 egit,
744 1916 1047 1987 usquedum
1080 1917 1152 1972 ad
1181 1915 1463 1987 praefatam
1493 1915 1714 1971 Cumbis
1744 1915 1931 1973 villam
1961 1915 2180 1971 vinculo

583 2001 912 2060 inﬁrmitatis
941 2004 1150 2061 solutus
1191 2005 1545 2078 pertingeret.
1596 2003 1718 2074 Quo
1765 2004 1820 2058 in
1868 2003 1991 2060 loco
2038 2003 2180 2059 beati

578 2079 832 2162 corporis
861 2093 1025 2163 gleba
1065 2109 1232 2164 super
1277 2093 1450 2150 altare
1497 2093 1872 2150 venerandum
1915 2093 2177 2164 exposita,

580 2177 702 2251 ipse
731 2179 936 2252 gratias
963 2197 1133 2258 agens
1179 2181 1248 2239 ad
1290 2197 1451 2240 omne
1499 2181 1760 2257 quidquid
1805 2181 1970 2239 voluit
2016 2198 2180 2239 sanus

585 2269 776 2328 evasit.

1208 2370 1431 2426 CAPUT
1469 2370 1560 2425 VI.

654 2465 864 2523 Deinde
911 2466 1138 2541 contigit
1177 2476 1302 2539 post
1341 2467 1558 2540 aliquod
1603 2467 1876 2524 evolutum
1926 2467 2182 2538 temporis

582 2556 834 2627 spatium,
869 2564 928 2611 ut
949 2555 1080 2612 illuc
1111 2557 1376 2629 quispiam
1405 2556 1676 2613 daemonio
1703 2557 1899 2628 plenus
1936 2556 2180 2612 adduce-

583 2652 751 2713 retur,
785 2661 949 2718 quem
979 2653 1211 2717 quatuor
1238 2645 1411 2702 ferme
1440 2645 1540 2702 viri
1573 2654 1756 2702 tenere
1800 2646 1888 2702 vix
1935 2653 2177 2716 possent.

581 2733 821 2804 Maligna
865 2735 1064 2806 quippe
1112 2735 1334 2806 vigebat
1380 2735 1609 2802 virtute,
1660 2743 1884 2806 eratque
1915 2751 1980 2790 ex
2011 2735 2181 2805 ipsius

570 2821 758 2876 sancti
787 2821 1008 2877 familiae
1034 2823 1317 2878 colonibus
1338 2865 1350 2888 ,
1383 2831 1544 2895 atque
1582 2823 1650 2878 de
1697 2823 1826 2877 villa
1872 2838 2038 2893 supra
2065 2839 2181 2878 me-

581 2917 794 2965 morata
825 2909 1083 2965 Prunido.
1114 2911 1348 2965 Advenit
1378 2927 1514 2984 ergo
1544 2911 1796 2966 manibus
1822 2911 2180 2966 violentorum

581 2996 848 3069 impulsus
871 3039 884 3066 ,
941 2997 1396 3072 tergiversatione
1453 2999 1751 3055 reluctante
1809 2999 1977 3054 hostis
2001 3043 2014 3065 ,
2045 2999 2182 3054 Justi

577 3086 926 3159 praesentiam
954 3087 1179 3142 nimium
1219 3086 1580 3142 formidantis.
1627 3089 1814 3160 Itaque
1858 3088 2054 3142 multas
2101 3087 2178 3142 illi

577 3175 950 3246 adjurationes
973 3177 1122 3246 juxta
1153 3177 1606 3232 consuetudinem
1635 3177 1925 3233 exorcismi
1955 3175 2178 3248 quidam

573 3265 749 3320 nostri
775 3263 1043 3332 fecerunt,
1067 3266 1257 3320 dantes
1287 3265 1506 3336 insuper
1533 3273 1586 3321 et
1615 3266 1866 3320 haustum
1897 3281 2054 3337 aqua:
2082 3265 2176 3320 be-

576 3353 828 3410 nedictae.
863 3354 973 3409 Sed
1002 3361 1059 3408 ut
1089 3353 1140 3407 in
1175 3370 1241 3409 eo
1269 3353 1448 3424 potius
1473 3354 1759 3425 apostolici
1788 3354 1890 3409 viri
1923 3353 2172 3408 meritum

567 3441 902 3516 praefulgens
929 3443 1284 3514 panderetur,
1308 3443 1579 3497 universis
1609 3442 1676 3496 ab
1697 3457 1762 3498 eo
1783 3443 2000 3498 tandem
2023 3441 2175 3514 quie-

567 3530 848 3587 scentibus
878 3531 1111 3587 accessit
1139 3529 1325 3586 ultima
1374 3531 1620 3600 ejusdem
1657 3531 1948 3586 exorabilis
1995 3531 2173 3586 medi-

567 3619 712 3677 cina.
733 3619 849 3690 Qua
864 3620 1094 3691 depulsa
1109 3620 1291 3676 callidi
1311 3619 1622 3690 pervaseris
1644 3620 1888 3676 morbida
1909 3619 2170 3688 foeditate,

570 3708 752 3770 omnis
785 3709 842 3763 in
871 3723 938 3764 eo
959 3709 1298 3764 incolumitas
1320 3724 1514 3763 sensus
1537 3708 1724 3782 vigore
1747 3709 1988 3764 restituto
2010 3707 2175 3764 infor-

573 3804 770 3853 matur.
828 3797 1180 3868 Iniquissimo
1238 3797 1508 3868 siquidem
1561 3797 1860 3852 habitatore
1908 3797 2168 3866 projecto,

573 3884 714 3940 liber
742 3883 903 3941 exivit
951 3885 1194 3956 captivus
1238 3885 1304 3939 ab
1349 3901 1528 3956 angue
1575 3903 1588 3939 :
1642 3885 2007 3956 remansitque
2064 3901 2175 3942 non

575 3973 753 4030 solum
783 3981 1031 4048 quatuor,
1065 3973 1163 4030 sed
1190 3990 1298 4030 uno
1327 3974 1508 4029 minus
1538 3973 1758 4030 homine
1787 3973 1998 4030 valens.

1177 4091 1402 4148 CAPUT
1442 4091 1556 4148 VII.

637 4191 939 4249 Adducitur
969 4199 1022 4248 et
1087 4193 1338 4264 quaedam
1387 4191 1590 4246 femina
1639 4199 1923 4262 utramque
1954 4206 2172 4245 manum

569 4289 792 4355 gestans
823 4281 1052 4337 aridam.
1087 4281 1214 4336 Haec
1245 4280 1376 4336 olim
1404 4296 1501 4350 pro
1534 4280 1772 4352 qualibet
1803 4279 1906 4334 sibi
1934 4279 2170 4334 adhaesi-

571 4369 668 4426 bili
711 4369 1022 4426 inﬁrmitate
1053 4370 1122 4424 ad
1153 4376 1352 4424 sanctae
1405 4369 1588 4424 Mariae
1642 4367 1831 4441 [Notre
1882 4371 2050 4424 Dama
2106 4368 2171 4424 de

572 4459 806 4532 Moussy]
837 4458 1119 4514 basilicam
1140 4501 1152 4523 ,
1189 4475 1309 4529 quae
1338 4456 1415 4511 ibi
1443 4473 1616 4528 prope
1645 4457 1748 4513 sita
1790 4466 1910 4524 est,
1942 4456 2172 4512 annuale

572 4555 758 4605 votum
783 4547 936 4617 juxta
983 4563 1095 4600 sum
1140 4545 1475 4616 paupertatis
1525 4546 1805 4601 modulum
1855 4563 1920 4601 ex
1965 4545 2172 4601 dimidii

573 4635 788 4694 denarii
819 4634 1112 4708 quantitate
1141 4633 1516 4689 constituerat.
1569 4635 1675 4689 Sed
1705 4635 2024 4690 adveniente
2056 4636 2172 4690 Do—

575 4725 791 4782 minica:
826 4721 1266 4779 Resurrectionis
1295 4722 1416 4790 die,
1451 4721 1578 4776 emit
1622 4721 1780 4792 inde,
1827 4723 2020 4777 blanda
2065 4721 2173 4777 diei

578 4813 916 4885 subripiente
944 4811 1238 4867 occasione
1258 4854 1270 4877 ,
1305 4811 1541 4866 edulium
1573 4811 1790 4881 carnis,
1824 4819 1986 4882 atque
2016 4827 2170 4868 com-

577 4902 706 4970 edit,
739 4900 1138 4972 parvipendens
1167 4899 1361 4955 melius
1381 4915 1488 4954 non
1506 4915 1727 4967 vovere,
1757 4916 1918 4972 quam
1940 4907 2063 4972 post
2087 4917 2176 4956 vo-

573 4999 688 5046 tum
716 4998 842 5045 vota
887 5005 998 5044 non
1044 4989 1275 5044 reddere
1320 5006 1334 5042 :
1393 4989 1682 5061 statimque
1729 4997 1788 5043 ut
1827 4989 1939 5046 sole
1986 4990 2172 5046 clauso

577 5079 753 5154 gratia
782 5079 996 5150 soporis
1026 5077 1218 5134 cubilis
1247 5079 1328 5133 sui
1361 5087 1573 5134 secreta
1601 5077 1808 5149 petivit,
1832 5079 1902 5133 ita
1923 5079 2172 5134 manibus

576 5167 696 5224 'voti
742 5166 1110 5224 violatricibus
1155 5184 1216 5223 ea
1264 5167 1318 5222 in
1368 5175 1526 5222 nocte
1570 5167 1924 5233 contrahitur,
1974 5181 2171 5239 quem-

579 5256 870 5314 admodum
895 5265 1138 5313 emortuo
1170 5257 1222 5310 in
1255 5256 1334 5312 eis
1361 5255 1624 5328 operandi
1656 5254 2172 5327 oﬁicio,palmarum

647 5397 672 5426 ι
718 5385 965 5448 luterpres
1025 5384 1238 5435 Gallicus
1291 5385 1420 5434 hunc
1466 5383 1628 5434 locum
1697 5383 2050 5446 interpretatur
2112 5385 2172 5436 de

576 5454 684 5504 vico
742 5453 916 5514 Ruyau
977 5449 1205 5503 dimcesis
1274 5451 1524 5502 Senonica‘.
1553 5492 1566 5512 ,
1640 5449 1776 5512 cujus
1847 5455 2010 5502 tamen
2081 5451 2176 5502 vici

582 5519 789 5572 ecclesia
837 5519 890 5569 S.
939 5517 1130 5568 Iuliano
1176 5521 1288 5569 vota
1331 5522 1428 5569 est.
1505 5519 1668 5580 Neque
1727 5517 2041 5580 explicandus
2099 5518 2173 5568 vi-

582 5587 726 5638 detur
773 5585 852 5636 hic
895 5585 1030 5636 locus
1075 5584 1136 5636 de
1173 5585 1328 5636 Rioilo
1389 5585 1494 5635 vico
1561 5585 1674 5650 pagi
1719 5585 2050 5636 Pinciacensis
2113 5585 2176 5636 ad

2285 1818 2506 1892 quando
2552 1817 2709 1892 quasi
2756 1819 3130 1890 importunus,
3162 1827 3213 1876 et
3243 1821 3332 1894 qui
3372 1820 3622 1878 ecclesiae
3650 1823 3884 1878 silentiis

2280 1915 2425 1962 esset
2453 1907 2746 1980 inquietus,
2781 1923 2814 1962 a
2841 1908 3160 1980 quibusdam
3191 1918 3488 1982 correptus,
3539 1911 3707 1966 nimis
3735 1927 3880 1966 mae-

2279 2012 2408 2052 rens
2439 1996 2700 2052 aliorsum
2730 1997 2809 2053 ire
2839 1999 3135 2070 disponens
3177 1999 3440 2068 recessit;
3479 1999 3882 2074 destinavitque

2279 2085 2480 2153 animo,
2512 2093 2570 2140 ut
2598 2087 2667 2140 ad
2697 2086 2985 2158 quamdam
3030 2087 3320 2144 ecclesiam
3364 2088 3418 2143 in
3460 2089 3590 2144 villa
3629 2089 3824 2146 Ruoilo
3854 2097 3880 2126 ⁸

2277 2174 2335 2230 in
2370 2175 2540 2247 ipsius
2588 2175 2758 2232 sancti
2801 2177 3006 2233 honore
3048 2176 3318 2244 dicatam,
3360 2177 3488 2250 quia
3531 2195 3710 2250 prope
3739 2187 3874 2248 erat,

2279 2263 2599 2331 diverteret;
2633 2264 2814 2337 ibique
2844 2266 2972 2320 dum
2995 2273 3209 2338 tempus
3238 2266 3321 2322 sui
3348 2266 3559 2323 veniret
3577 2268 3878 2324 miserendi

2278 2357 2544 2406 maneret.
2577 2348 2733 2418 Quod
2763 2366 2884 2406 cum
2915 2351 3121 2421 praevio
3151 2367 3210 2406 se
3241 2351 3470 2407 ducente
3499 2350 3743 2418 fecisset,
3774 2367 3878 2408 an-

2279 2445 2501 2510 tequam
2531 2437 2774 2508 ejusdem
2826 2439 3067 2495 basilicae
3108 2441 3332 2510 januam
3378 2439 3643 2508 intraret,
3691 2441 3877 2497 lumen

2279 2528 2564 2584 oculorum
2594 2527 2797 2598 recepit
2829 2544 2842 2582 :
2875 2543 3108 2600 moxque
3153 2535 3304 2584 tanta
3350 2528 3560 2585 ccelitus
3599 2529 3706 2584 sibi
3753 2530 3876 2585 data

2278 2615 2584 2672 visitatione
2607 2615 2878 2685 jocundus
2906 2658 2920 2683 ,
2970 2617 3041 2672 ad
3090 2619 3340 2673 eumdem
3392 2625 3634 2674 sanctum
3685 2619 3876 2674 videns

2279 2705 2574 2776 laudesque
2603 2705 2914 2760 vociferans
2945 2706 3166 2761 Cumbis
3196 2706 3498 2762 revertitur.
3543 2707 3665 2762 Fuit
3694 2707 3875 2780 itaque

2279 2794 2537 2866 gaudium
2569 2793 2825 2849 fratribus
2854 2795 3228 2867 universisque
3257 2795 3388 2850 inibi
3407 2797 3871 2863 conversantibus,

2280 2892 2443 2956 atque
2472 2899 2572 2954 per
2601 2899 2792 2938 omnes
2815 2883 3238 2956 circumquaque
3266 2901 3372 2940 non
3404 2884 3618 2940 modica
3639 2886 3874 2940 admira-

2279 2972 2441 3026 tionis
2467 2971 2669 3026 laetitia.
2704 2972 2768 3026 Hi
2794 2989 2926 3046 ergo
2953 2988 2986 3027 a
3014 2973 3210 3044 quibus
3239 2981 3589 3046 exasperatus
3633 2989 3875 3030 recesse~

2279 3069 2392 3127 rat,
2423 3061 2749 3132 pcenitentes
2779 3061 3030 3131 aiebant,
3064 3078 3123 3116 se
3153 3071 3205 3116 et
3233 3063 3368 3118 alios
3397 3062 3487 3117 tali
3535 3061 3680 3118 facto
3729 3079 3874 3119 com-

2207 3125 2256 3189 C
2279 3125 2514 3206 monitos
2533 3191 2547 3220 ,
2579 3150 2647 3204 ad
2675 3166 2970 3221 pauperum
3017 3125 3393 3224 Idebiliumque
3439 3151 3870 3224 importunitates

2275 3246 2546 3312 patientes
2575 3255 2697 3294 esse
2727 3239 2946 3297 debere.

2878 3357 3104 3412 CAPUT
3140 3356 3240 3412 IX.

2345 3441 2482 3498 Hinc
2511 3443 2808 3516 Helagiam,
2833 3445 3086 3517 generosi
3113 3444 3398 3518 sanguinis
3428 3445 3708 3512 feminam,
3736 3447 3872 3502 inter

2273 3530 2508 3603 reliquos
2537 3532 2663 3588 illuc
2694 3533 2910 3588 venisse
2931 3535 3226 3589 sanandam
3251 3577 3266 3601 ,
3297 3534 3568 3607 simulque
3621 3543 3869 3591 sanatam

2272 3620 2498 3675 rediisse
2526 3621 2830 3678 videamus.
2852 3624 2977 3679 Hec
3006 3623 3080 3678 ita
3101 3621 3470 3679 suffocationis
3499 3623 3759 3680 molestia
3778 3639 3873 3695 per

2271 3709 2467 3780 prolixi
2509 3711 2766 3782 temporis
2810 3727 3032 3768 cursum
3074 3712 3424 3786 elanguerat,
3459 3720 3649 3770 utnec
3680 3713 3870 3769 saltem

2272 3798 2470 3853 divinis
2496 3799 2786 3872 aliquando
2814 3801 3082 3856 interesse
3110 3801 3332 3872 cupiens
3361 3800 3584 3867 oﬁiciis,
3618 3802 3749 3858 dum
3780 3817 3869 3858 so-

2272 3887 2378 3941 lius
2397 3895 2599 3942 tantum
2616 3889 2888 3961 legeretur
2903 3889 3188 3961 Evangelii
3207 3889 3386 3957 lectio,
3410 3890 3617 3946 durare
3640 3891 3870 3962 pedibus

2273 3976 2463 4032 stando
2493 3977 2719 4033 valeret.
2749 3979 2938 4050 Neque
2971 3979 3107 4034 hanc
3137 3978 3400 4034 Dominus
3427 3979 3534 4050 piis
3563 3985 3744 4036 sancti
3785 3995 3868 4036 ca-

2272 4079 2389 4120 rere
2425 4065 2596 4122 voluit
2639 4066 2938 4124 beneficiis.
2990 4066 3123 4137 Quae
3163 4068 3354 4123 diebus
3396 4067 3650 4139 plurimis
3693 4069 3868 4124 alieno

2271 4163 2484 4225 portatu
2514 4155 2792 4224 subvecta,
2826 4172 2948 4212 eam
2976 4157 3032 4212 in
3063 4173 3168 4229 qua
3193 4157 3364 4228 ipsius
3393 4165 3515 4212 erat
3543 4171 3751 4228 corpus
3773 4157 3871 4213 fre-

2272 4251 2540 4316 quentans
2583 4245 2872 4302 ecclesiam
2897 4291 2910 4311 ,
2969 4261 3094 4302 cum
3151 4246 3328 4302 cereis
3373 4261 3586 4302 necnon
3645 4254 3701 4302 et
3755 4246 3869 4302 aliis

2270 4332 2634 4388 oblationibus
2647 4333 2949 4404 piissimum
2985 4350 3052 4390 ex
3079 4335 3661 4393 animovenerabatur
3688 4343 3866 4407 patro-

2269 4437 2418 4477 num.
2479 4422 2722 4495 Cumque
2768 4424 3029 4479 terminus
3059 4439 3168 4496 quo
3199 4425 3317 4494 ejus
3359 4424 3667 4480 devotionis
3718 4425 3868 4479 labor

2200 4487 2252 4548 D
2273 4511 2603 4566 remunerari
2651 4512 2909 4580 deberet,
2960 4513 3218 4568 divinitus
3240 4513 3355 4582 jam
3385 4511 3638 4584 praeﬁxus
3668 4513 3868 4570 incum-

2271 4600 2459 4665 beret,
2492 4599 2671 4656 statim
2727 4601 2936 4658 ctnlesti
2991 4601 3211 4672 perfusa
3265 4601 3660 4668 medicamine,
3720 4609 3863 4658 tanta

2271 4689 2518 4760 corporis
2565 4689 2798 4746 valentia
2856 4699 2980 4746 ante
3009 4691 3250 4760 ejusdem
3301 4691 3469 4747 sancti
3524 4692 3866 4762 praesentiam

2271 4779 2520 4848 donatur,
2553 4786 2816 4851 quatenus
2874 4781 2990 4836 Deo
3043 4781 3255 4852 ipsique
3312 4780 3628 4836 beatissimo
3661 4780 3864 4854 gratias

2271 4883 2444 4942 agens
2475 4876 2730 4940 reparata
2759 4869 2912 4924 saluti
2940 4869 3219 4926 exsultans
3243 4869 3466 4926 rediret.

2902 4985 3130 5041 CAPUT
3167 4985 3240 5040 X.

2343 5073 2579 5146 Dignum
2601 5073 2846 5128 ducimus
2876 5073 3022 5145 quod
3052 5073 3107 5128 in
3137 5071 3488 5146 sequentibus
3508 5075 3723 5148 rythmo
3738 5091 3859 5132 con-

2270 5161 2468 5216 tinetur
2486 5161 2834 5218 recolendum
2852 5162 3173 5218 interserere
3184 5162 3528 5219 miraculum.
3548 5163 3862 5219 Nortmanni

2271 5267 2404 5306 vero
2434 5253 2577 5322 apud
2599 5251 2852 5307 eumdem
2879 5251 3058 5308 locum
3088 5253 3178 5324 qui
3207 5252 3406 5308 dicitur
3447 5250 3693 5308 Oscellus
3731 5253 3776 5322 δ,
3806 5253 3860 5308 in

2271 5381 2564 5442 Sequanam,
2591 5379 2729 5442 cujus
2765 5379 2860 5428 vici
2907 5379 2964 5430 ﬁt
3009 5380 3194 5430 mentio
3229 5380 3278 5430 in
3325 5378 3588 5442 diplomate
3633 5380 3858 5432 Ludovici

2272 5447 2495 5524 augusti,
2521 5446 2650 5497 intra
2677 5465 2689 5496 :
2734 5457 2845 5497 nam
2873 5447 3013 5498 istius
3052 5447 3144 5498 loci
3181 5447 3388 5498 ecclesia
3419 5448 3472 5498 S.
3500 5449 3643 5498 Petro
3667 5450 3858 5499 sacrata

2272 5513 2536 5632 dmlitlllgtnius
2575 5580 2667 5632 loci
2714 5581 2940 5633 meminit
2979 5582 3180 5634 Carolus
3232 5581 3415 5635 Calvus
3450 5582 3502 5632 in
3543 5581 3703 5634 libello
3753 5593 3855 5648 ΡΝ·
