4086 6334
268 277 406 332 1οι5

1260 279 1356 334 DE
1385 281 1758 337 MIRACULIS
1798 281 1852 337 S.
1886 281 2226 341 GERMANI.
2261 316 2329 326 —
2357 287 2483 343 LIB.
2512 289 2580 345 II.

3427 292 3567 346 1046

270 401 504 474 quadam
534 401 798 473 Sequanae
824 401 997 458 insula
1027 385 1349 470 residentes,
1391 404 1633 459 Parisius
1684 422 1863 476 saepe-
1887 412 1942 474 Α
1969 415 2172 462 teretur
2200 407 2343 464 facta
2369 410 2690 477 dedicimus,
2727 412 2822 466 sed
2851 427 2960 466 non
2991 412 3058 467 ad
3075 419 3272 469 cuncta
3287 418 3568 469 vertamus

269 491 400 545 dum
416 506 641 561 prorsus
661 491 930 561 placebat,
956 493 1134 547 navali
1156 508 1386 548 excursu
1409 493 1719 548 veniebant.
1762 496 1872 550 Re-

271 579 620 634 dimebantur
648 595 782 652 ergo
805 580 986 635 omnia
1003 580 1058 634 in
1073 580 1298 636 circuitu
1320 581 1495 637 vicina
1522 583 1868 653 monasteria,

272 684 342 723 ne
357 667 577 723 illorum
594 668 1076 739 saevitiaimpositis
1092 670 1309 740 ignibus
1329 678 1706 725 cremarentur
1729 689 1743 738 ;
1768 679 1873 725 stu-

272 757 580 829 debantque
613 765 876 828 prmterea
904 757 1147 814 vicissim
1177 759 1350 830 equis,
1378 767 1644 830 quatenus
1661 759 1872 831 aliquos

274 846 535 901 nobilium
553 846 728 917 gratia
743 846 989 916 pecuniae
1000 862 1194 918 capere
1206 855 1448 918 possent.
1464 848 1617 904 Unde
1629 848 1792 904 veluti
1808 865 1872 903 ex

274 935 544 989 mitissimi
561 934 661 989 viri
678 935 860 990 domni
879 935 1156 990 Luduwiei
1176 945 1201 971 ει
1236 937 1441 990 abbatis
1475 937 1867 1006 redemptione,

275 1039 385 1078 non
437 1023 711 1080 modicum
758 1032 811 1078 et
864 1023 1290 1095 incomparabile
1339 1026 1694 1098 acquirebant
1734 1025 1871 1081 lucri

273 1111 570 1183 negotium.
606 1114 671 1167 Et
701 1113 1128 1186 quotiescunque
1183 1114 1289 1168 tale
1347 1115 1477 1186 quid
1531 1131 1696 1188 agere
1753 1115 1871 1169 dis-

273 1201 600 1272 posuissent,
648 1202 1066 1256 dissimulabant
1122 1219 1180 1257 se
1242 1202 1424 1256 multis
1481 1203 1674 1257 diebus
1721 1212 1864 1273 ante,

273 1291 579 1346 nullatenus
645 1307 918 1362 quoquam
964 1291 1064 1358 ire,
1110 1308 1180 1346 ne
1227 1292 1312 1346 cui
1359 1291 1575 1346 illorum
1643 1291 1870 1347 furtivus

274 1379 640 1434 innotesceret
669 1381 954 1435 adventus.
1005 1380 1241 1434 Proinde
1280 1381 1636 1435 decreverant
1686 1388 1871 1435 mutua

276 1467 562 1538 silentique
602 1468 1033 1524 consideratione
1063 1468 1298 1523 Parisius
1349 1468 1463 1524 sive
1510 1470 1577 1523 ad
1624 1477 1869 1524 nostrum

273 1555 563 1627 aliquando
600 1573 864 1629 percurre
900 1558 1116 1623 locum;
1168 1574 1468 1630 omnesque
1517 1557 1717 1612 ibidem
1770 1558 1869 1612 sub

273 1643 521 1701 maleﬁda
552 1645 838 1701 securitate
868 1653 1270 1701 commorantes
1301 1646 1574 1717 insperate
1596 1647 1866 1717 decipere.

271 1733 592 1790 Restiterant
613 1733 878 1804 siquidem
909 1735 962 1788 in
980 1735 1175 1813 eodem
1198 1735 1527 1790 monasterio
1567 1734 1657 1807 qui
1690 1735 1867 1805 ipsum

276 1822 608 1879 Custodirent
637 1826 834 1878 fratres
874 1824 989 1878 fere
1032 1824 1242 1896 viginti.
1295 1822 1503 1891 Quibus
1550 1823 1866 1879 matutinale

275 1920 393 1967 orto
417 1913 530 1981 jam
555 1912 874 1983 crepusculo
909 1912 1184 1968 Paschalis
1216 1921 1583 1968 sacrosanctae
1613 1912 1872 1968 festivita-

277 2001 346 2056 tis
393 1999 625 2056 ofﬁcium
671 2001 1086 2066 celebrantibus,
1138 2001 1336 2057 adsunt
1386 2002 1726 2071 Nortmanni,
1782 2002 1873 2073 qui

275 2089 577 2144 Parasceve
617 2089 702 2143 die
744 2090 898 2160 equis
945 2090 1188 2145 ascensis
1237 2090 1339 2144 iter
1383 2090 1724 2160 arripuerant
1774 2106 1872 2145 ve-

275 2178 477 2232 niendi.
529 2177 678 2246 Quos
716 2179 938 2249 quidam
986 2186 1296 2234 nostrorum
1351 2179 1560 2250 equites
1601 2179 1876 2250 paulisper

277 2266 677 2338 pervenientes,
734 2284 920 2322 eorum
971 2269 1050 2322 eis
1097 2268 1341 2340 quamvis
1397 2285 1520 2322 sero
1574 2268 1874 2338 malignum

275 2356 654 2411 nuntiaverunt
685 2357 997 2411 adventum.
1031 2357 1142 2411 Illis
1169 2365 1347 2411 autem
1377 2373 1486 2412 non
1502 2357 1871 2424 credentibus,

277 2445 374 2500 sed
403 2445 578 2517 magis
607 2445 857 2499 laudibus
886 2446 1081 2500 divinis
1111 2446 1498 2513 insistentibus,
1534 2446 1728 2518 pagani
1760 2446 1875 2500 sine

275 2550 431 2589 mora
460 2535 807 2604 insequentes
838 2543 1118 2603 venerunt,
1152 2542 1483 2606 cunctosque
1513 2543 1566 2589 ut
1612 2543 1763 2589 erant
1821 2535 1874 2589 in

277 2623 512 2679 ecclesia
542 2622 968 2678 circumcinxere
999 2623 1315 2693 psallentes.
1348 2625 1516 2689 Tunc,
1571 2624 1717 2695 quod
1763 2641 1875 2676 ma-

276 2727 444 2782 gnum
486 2710 581 2765 fuit
630 2711 936 2767 declinandi
976 2712 1294 2779 subsidium,
1339 2713 1540 2766 clausis
1587 2713 1640 2765 in
1686 2728 1876 2766 eorum

274 2800 448 2856 oculis
479 2800 722 2854 ecclesiae
753 2801 944 2869 portis,
979 2817 1170 2856 omnes
1203 2817 1324 2855 sese
1373 2801 1426 2854 in
1476 2816 1704 2872 quaeque
1753 2801 1876 2855 lati-

274 2889 398 2943 bula
429 2889 513 2943 vel
531 2897 722 2958 puteos
745 2889 1135 2961 immergentes
1158 2890 1563 2945 abseonderunt
1588 2908 1602 2954 ;
1628 2905 1734 2960 quo
1767 2905 1877 2943 non

275 2994 341 3032 ex
371 2977 622 3033 omnibus
647 2977 751 3030 nisi
780 2995 947 3032 unum
978 2994 1118 3051 equo
1150 2977 1425 3046 fidentem,
1463 2979 1595 3032 tanti
1626 2978 1878 3048 praesulis

278 3065 700 3139 suffragantibus
721 3067 926 3121 meritis
943 3066 1330 3122 interﬁcerent.
1364 3070 1548 3138 Itaque
1586 3066 1874 3139 fugientes,

1974 512 2302 551 sermonem.
2333 498 2474 552 Nam
2521 499 2565 551 si
2615 515 2798 554 camus
2846 517 2945 570 per
2989 501 3223 571 singula,
3265 500 3568 556 exuberans

1973 584 2072 639 erit
2098 586 2292 640 modus
2319 587 2372 640 in
2403 588 2619 660 pagina.
2655 588 2970 660 Contigerat
2999 605 3130 659 ergo
3160 598 3368 644 terrore
3397 604 3566 661 paga-

1973 689 2166 728 norum
2197 674 2332 728 ultra
2362 676 2598 731 Parisius
2622 677 2733 744 jam
2755 685 2807 731 et
2828 677 3030 731 castelli
3052 676 3566 750 Milidonistelun]

1973 763 2237 817 terminos
2283 765 2708 831 excurrentium,
2755 764 3175 830 sanctissimum,
3228 781 3425 836 corpus
3493 765 3564 821 ab

1973 853 2237 906 Acmanto
2267 851 2544 924 [Es-munt]
2573 869 2680 924 quo
2711 869 2885 923 nuper
2913 853 3154 906 delatum
3182 852 3407 919 ablerat,
3439 851 3568 909 illuc

1972 939 2274 994 transferri.
2309 942 2484 996 Homo
2514 941 2678 1012 igitur
2709 958 2775 996 ex
2806 941 2999 996 eadem
3031 941 3158 996 villa
3187 940 3276 994 illa
3323 939 3572 996 inﬁrmus

1972 1045 2072 1098 per
2101 1045 2272 1084 annos
2301 1037 2358 1083 ut
2385 1029 2473 1084 vix
2522 1030 2777 1085 incedere
2815 1038 3020 1100 posset,
3073 1036 3295 1100 totoque
3340 1045 3571 1099 corpore

1973 1118 2121 1172 nulla
2149 1118 2251 1172 sibi
2281 1119 2633 1174 subveniente
2676 1118 2946 1174 medicina
2991 1117 3359 1172 debilitatibus
3408 1117 3568 1172 adve-

1972 1205 2151 1260 niens—
2180 1207 2464 1262 candelam
2496 1223 2679 1263 secum
2713 1207 2922 1271 detulit,
2958 1223 3157 1260 munus
3178 1205 3325 1272 fidei,
3345 1204 3577 1276 pretium

1973 1295 2235 1349 sanitatis.
2291 1296 2399 1351 Sed
2445 1304 2732 1367 antequam
2781 1295 2927 1348 illam
2979 1294 3283 1350 accendere
3349 1301 3575 1349 conatus

1973 1384 2120 1456 quod
2149 1392 2390 1454 cmperat
2419 1384 2745 1456 peregisset,
2779 1382 3084 1454 quaesitum,
3119 1381 3428 1437 videntibus
3484 1380 3576 1454 qui

1972 1474 2199 1527 aderant
2229 1473 2517 1537 universis,
2553 1488 2582 1526 e
2614 1473 2750 1526 coelo
2781 1480 3060 1541 respectus
3077 1471 3279 1525 donum
3300 1471 3569 1542 percepit.

1970 1561 2122 1633 Ergo
2151 1561 2197 1615 si
2228 1561 2383 1631 regni
2413 1561 2677 1616 coelorum
2706 1559 3102 1615 inaestimabilis
3132 1559 3447 1631 magnitudo
3475 1574 3574 1615 cu-

1965 1650 2185 1717 juslibet
2224 1649 2517 1720 quantitate
2561 1649 2721 1719 pretii
2765 1649 2872 1704 emi
2911 1656 3110 1719 potest,
3170 1647 3338 1702 multo
3399 1647 3575 1720 magis

1899 1772 1951 1831 B
1973 1755 2100 1793 vera
2131 1737 2237 1793 fide
2269 1739 2466 1792 sanitas
2497 1738 2763 1809 corporis.
2798 1739 3024 1792 Tantum
3055 1737 3198 1791 enim
3238 1735 3576 1790 Christianus

1974 1827 2186 1898 accipit,
2214 1836 2470 1898 quantum
2519 1827 2711 1882 credit.
2766 1825 3065 1881 Confestim
3095 1825 3364 1897 siquidem
3393 1825 3573 1878 oblato

1972 1933 2198 1971 munere
2230 1924 2466 1984 sanatur,
2509 1923 2672 1988 atque
2703 1916 2897 1973 domus
2943 1931 3056 1971 suae
3099 1913 3286 1970 limina
3327 1913 3573 1985 gaudens

1974 2005 2183 2062 revisit.

2580 2129 2806 2185 CAPUT
2843 2130 2967 2184 XII.

2046 2257 2178 2310 Erat
2208 2253 2407 2308 ibidem
2441 2270 2569 2308 sane
2599 2270 2894 2308 concursus
2924 2251 3266 2307 infirmorum
3295 2251 3422 2307 hinc
3451 2251 3578 2306 inde

1976 2343 2363 2399 confluentium
2395 2343 2662 2413 plurimus
2695 2361 2708 2396 :
2743 2358 2973 2413 quorum
3006 2357 3201 2396 causas
3230 2348 3287 2394 ut
3335 2341 3412 2395 sic
3459 2340 3579 2395 bre-

1975 2431 2109 2486 viter
2140 2432 2410 2503 colligam,
2445 2431 2573 2486 caeci
2602 2431 2907 2502 gaudebant
2941 2430 3203 2497 videntes,
3235 2429 3416 2484 claudi
3451 2443 3575 2482 am-

1976 2521 2244 2586 bulantes,
2279 2521 2453 2576 curati
2488 2521 2687 2575 diversi
2718 2519 3106 2584 febricitantes,
3151 2525 3312 2589 atque
3359 2515 3577 2587 plurimi

1975 2609 2142 2664 variis
2171 2623 2462 2679 corporum
2507 2609 2772 2681 contagiis
2820 2608 3030 2662 liberati
3077 2607 3284 2679 gratias
3337 2606 3573 2678 agebant

1974 2699 2218 2753 lmtantes
2252 2717 2264 2752 :
2321 2697 2658 2770 singulisque
2718 2697 3054 2766 largiebatur
3104 2695 3328 2750 remedii
3357 2694 3533 2765 gratia
3559 2737 3573 2759 ,

1976 2795 2136 2858 prout
2169 2786 2320 2857 digni
2349 2787 2762 2841 inveniebantur
2790 2784 3107 2839 medicantis
3137 2783 3444 2840 clementia.
3498 2783 3579 2838 Ita

1978 2893 2192 2946 quoque
2224 2877 2497 2929 dumtaxat
2527 2882 2582 2928 ut
2614 2875 2704 2945 qui
2752 2889 2982 2944 vespere
3029 2872 3223 2927 debilis
3271 2870 3573 2940 adveniret,

1978 2980 2137 3018 mane
2170 2963 2312 3019 facto
2343 2963 2642 3034 saepissime
2675 2962 2961 3018 incolumis
2993 2961 3182 3016 exiret.
3246 2962 3394 3015 Inter
3441 2975 3578 3029 quos

1979 3054 2238 3123 puerulus
2286 3054 2352 3106 de
2402 3069 2543 3124 pago
2593 3051 2900 3121 Stampensi
2945 3049 3306 3121 [d’Etampes]
3351 3049 3576 3102 insanus

272 3164 395 3210 ante
423 3164 769 3226 conspectum
798 3156 1040 3225 ipsorum
1072 3156 1239 3209 ibant.
1286 3157 1400 3211 Nec
1448 3156 1603 3209 aliter
1649 3156 1871 3226 inquam

1973 3141 2258 3196 defertur:
2332 3141 2568 3194 habebat
2635 3140 2780 3193 enim
2837 3138 3206 3192 contractione
3287 3152 3578 3191 nervorum

277 3245 580 3313 verissime,
611 3245 713 3299 nisi
765 3253 821 3298 ut
880 3245 1103 3315 quidam
1161 3244 1372 3298 illorum
1434 3252 1558 3298 ante
1607 3244 1870 3298 enudatos

274 3335 439 3389 etiam
485 3334 716 3406 gladios,
766 3349 885 3388 cum
932 3342 1075 3388 esset
1123 3334 1260 3398 dies,
1314 3334 1469 3388 illaest
1521 3333 1866 3387 transierunt.

277 3423 486 3491 Quibus
517 3423 587 3476 ita
616 3423 865 3494 angelica
909 3422 1373 3476 administratione
1417 3423 1654 3487 salvatis,
1703 3422 1869 3476 inter-

277 3511 431 3568 fectis
462 3512 780 3582 praenuntiis
811 3520 972 3582 atque
1003 3511 1122 3565 aliis
1154 3511 1206 3564 in
1239 3512 1466 3567 circuitu
1503 3521 1552 3566 et
1597 3511 1649 3564 in
1695 3510 1872 3566 medio

277 3600 593 3655 monasterii
623 3617 686 3654 ex
717 3600 943 3654 famillia
975 3600 1238 3670 plurimis,
1273 3600 1454 3654 omnia
1502 3600 1665 3654 veluti
1711 3617 1872 3670 spur-

275 3689 482 3746 cissimi
511 3690 791 3744 invasores
821 3705 1050 3760 qumque
1081 3689 1134 3742 in
1165 3689 1396 3744 ecclesia
1422 3689 1506 3744 vel
1539 3697 1692 3742 extra
1722 3689 1873 3743 inve-

277 3785 466 3832 nerant
522 3778 873 3848 diripientes;
935 3795 1058 3832 cum
1113 3786 1410 3848 proventus
1497 3777 1868 3832 exsultatione.

271 3866 490 3923 cellario
523 3866 743 3921 fratrum
775 3867 902 3936 igne
936 3867 1236 3938 supposito,
1271 3866 1477 3922 reversi
1529 3876 1670 3920 sunt.
1723 3867 1873 3922 Tunc

271 3955 510 4010 universi
553 3956 620 4010 de
671 3955 1133 4028 qualibuscunque
1199 3957 1393 4027 quibus
1442 3973 1500 4010 se
1559 3957 1875 4010 abdiderant

274 4044 486 4115 egressi
515 4043 760 4109 latebris,
795 4053 1150 4099 concurrente
1181 4045 1343 4099 etiam
1374 4045 1495 4098 hinc
1525 4045 1650 4098 inde
1673 4045 1874 4114 populo

277 4132 528 4196 civitatis,
563 4133 944 4188 subverterunt
970 4141 1174 4186 tantum
1214 4132 1440 4202 Spiritus
1488 4132 1658 4187 sancti
1702 4133 1874 4204 gratia

275 4221 420 4293 ignis
451 4222 719 4286 ardorem,
747 4222 857 4291 jam
910 4222 977 4275 ad
1024 4229 1217 4277 cuncta
1259 4221 1648 4285 consumenda,
1703 4221 1876 4291 spatia

276 4311 471 4365 altiora
499 4318 793 4380 petentem.
833 4311 1042 4381 Neque,
1091 4311 1236 4381 quod
1279 4317 1472 4381 postea
1519 4310 1718 4364 nostris
1768 4309 1874 4363 ile-

277 4407 395 4454 rato
424 4399 650 4470 contigit
680 4399 911 4463 delictis,
963 4399 1115 4455 locus
1163 4407 1289 4455 tunc
1337 4399 1549 4470 penitus
1598 4407 1875 4455 crematus

277 4483 543 4555 disperiit.

828 4677 835 4684 ·
895 4653 1120 4709 CAPUT
1154 4654 1250 4710 XI.

348 4816 618 4871 Caeterum
647 4824 701 4868 ut
731 4814 798 4868 sit
830 4814 1095 4869 memoria
1133 4814 1270 4869 Jasti
1316 4830 1437 4870 cum
1483 4813 1753 4879 laudibus,
1805 4813 1873 4868 ad

274 4921 337 4961 ea
368 4921 487 4976 quae
514 4904 568 4957 in
597 4903 905 4974 Novigento
933 4897 958 4932 δ
986 4903 1113 4957 villa
1147 4911 1328 4956 nostra
1361 4919 1524 4972 super
1576 4905 1873 4957 Maternam

278 4993 497 5049 fluvium
529 4992 628 5046 sita
658 4993 787 5046 dum
817 4991 892 5045 ibi
923 4999 1252 5057 moraretur,
1288 4992 1521 5062 dumque
1553 4991 1678 5046 inde
1697 4988 1876 5046 rever-

278 5157 584 5209 clamationis
629 5157 858 5207 adversus
907 5156 1215 5207 Wenilonem
1276 5157 1538 5206 Semonum
1606 5155 1874 5218 archiepis-

277 5237 470 5288 copum.
499 5224 688 5274 Deinde
711 5230 880 5274 contra
920 5237 1160 5288 paganos,
1207 5223 1383 5285 inquit,
1425 5223 1490 5273 ad
1523 5223 1738 5274 insulam
1780 5222 1873 5271 loci

277 5294 364 5355 qui
396 5293 617 5342 Oscellus
644 5294 826 5342 dicitur
857 5293 1082 5353 per-rexi.

345 5394 368 5422 ιι
394 5377 598 5439 Quidam
624 5377 878 5440 imperitus
905 5376 950 5425 in
978 5376 1220 5426 codicibus
1251 5387 1376 5424 mss.
1408 5375 1502 5423 hoc
1526 5374 1632 5424 loco
1658 5375 1876 5435 reposuit

276 5445 532 5507 Hilduini,
553 5445 813 5495 advertens
838 5443 1021 5493 nullum
1038 5443 1085 5494 id
1107 5442 1312 5494 nominis
1331 5441 1626 5491 Ludovicum
1648 5440 1875 5492 abbatem

277 5524 334 5563 eo
358 5516 578 5574 tempore
597 5512 826 5562 Caenobio
850 5513 902 5560 S.
925 5513 1154 5560 Germani
1178 5509 1446 5571 praefuisse.
1485 5510 1547 5557 At
1571 5508 1874 5559 retinendum

275 5590 453 5630 nomen
493 5579 737 5630 Luduwici
760 5591 846 5628 seu
869 5578 1097 5638 Ludovici
1143 5577 1333 5627 abbatis
1374 5574 1656 5626 monasterii
1695 5576 1874 5637 Diony-

1973 3229 2216 3284 membra
2246 3229 2514 3282 damnata.
2548 3227 2650 3296 Qui
2698 3243 2732 3282 a
2779 3235 2946 3281 matre
2995 3226 3324 3295 deportatus,
3377 3225 3580 3294 depre-

1973 3327 2126 3373 catur
2157 3318 2271 3387 ipsa
2301 3317 2519 3381 obnixe,
2546 3325 2600 3369 ut
2622 3333 2679 3370 se
2703 3332 2824 3371 cum
2843 3331 3014 3386 puero
3037 3330 3102 3368 ea
3123 3313 3350 3368 noctein
3385 3312 3579 3368 eadem

1973 3407 2214 3472 basilica,
2253 3407 2307 3458 in
2339 3422 2443 3476 qua
2473 3405 2644 3460 sancti
2674 3404 2924 3476 praesulis
2953 3419 3148 3473 corpus
3191 3401 3573 3468 venerabatur,

1974 3511 2227 3550 emanere
2258 3495 2465 3549 liceret.
2503 3494 2711 3548 Deinde
2745 3495 2874 3547 liora
2921 3493 3168 3560 ejusdem
3197 3491 3374 3546 noctis
3405 3490 3570 3544 adve-

1973 3585 2174 3652 niente,
2235 3592 2290 3636 ut
2347 3583 2656 3654 putabatur,
2711 3582 2826 3649 jam
2905 3580 3100 3644 media,
3169 3596 3322 3650 puer,
3403 3585 3577 3632 matre

1973 3673 2272 3741 nesciente,
2307 3673 2455 3725 solus
2485 3673 2814 3742 adsurgens,
2848 3687 2948 3741 per
2995 3669 3242 3723 eamdem
3287 3666 3576 3722 ecclesiam

1973 3762 2174 3832 pedum
2201 3761 2507 3816 cohaesione
2535 3767 2807 3830 utcunque
2847 3758 3022 3813 soluta
3064 3757 3347 3811 ambulare
3395 3763 3576 3812 tenta-

1973 3851 2083 3904 bat.
2118 3850 2355 3922 Evigilat
2385 3849 2598 3917 mulier,
2633 3849 2944 3921 gaudetque
2971 3847 3039 3902 de
3070 3847 3178 3900 nati
3207 3845 3319 3901 visa
3349 3844 3526 3900 salute
3558 3861 3574 3898 :

1976 3940 2160 4010 sicque
2219 3940 2336 4009 ipsa
2393 3947 2554 4010 atque
2610 3938 2858 4008 sequenti
2906 3944 3065 3991 nocte
3111 3936 3304 3990 eodem
3352 3933 3406 3986 in
3454 3933 3574 3988 loco

1973 4036 2263 4093 transacta,
2299 4036 2441 4081 totus
2472 4036 2594 4096 post
2626 4027 2849 4080 biduum
2882 4041 3073 4095 sospes
3103 4024 3350 4090 affectus,
3401 4021 3566 4094 geni-

1973 4117 2108 4171 trice
2142 4116 2380 4184 jocunda
2431 4115 2678 4170 recessit.

2571 4274 2793 4330 CAPUT
2822 4273 2970 4328 XIII.

2047 4402 2108 4454 In
2137 4401 2329 4456 eadem
2358 4399 2594 4470 denique
2623 4399 2932 4470 Novigento
2962 4396 3092 4452 villa
3127 4413 3246 4468 qua:
3277 4403 3327 4450 et
3368 4401 3570 4466 quanta

1903 4489 2174 4557 Dfuerint
2206 4489 2285 4561 (ut
2326 4489 2489 4559 paulo
2531 4504 2698 4559 supra
2745 4487 3050 4556 retulimus)
3098 4486 3384 4540 sanitatum
3433 4485 3570 4540 cha-

1977 4580 2196 4634 rismata
2244 4580 2359 4647 ejus
2408 4578 2662 4632 bonitatis
2707 4593 2931 4632 munere
2953 4575 3367 4630 advenientibus
3415 4572 3573 4627 exhi-

1975 4664 2104 4730 bita,
2170 4663 2286 4717 sine
2347 4662 2568 4718 crimine
2619 4662 2847 4716 fatemur
2903 4677 3002 4715 nos
3060 4659 3332 4732 ignorare.
3394 4655 3571 4725 Quam

1976 4769 2107 4808 vero
2151 4751 2348 4807 fuerint
2403 4751 2704 4818 innumera,
2761 4750 2851 4804 ille
2905 4749 2996 4819 qui
3053 4748 3199 4802 dedit
3254 4751 3573 4816 cooperator

1975 4841 2271 4914 piissimus,
2308 4841 2456 4896 solus
2485 4842 2633 4894 novit
2659 4842 2838 4894 .lesus.
2871 4838 3000 4892 Ideo
3031 4838 3100 4890 ad
3131 4837 3186 4890 id
3219 4836 3364 4906 quod
3411 4833 3567 4887 ardet

1976 4931 2187 4986 animus
2220 4938 2584 4994 transeuntes,
2623 4930 2737 4997 ejus
2768 4927 3138 4983 reversionem
3187 4933 3365 4979 mente
3411 4922 3571 4977 hilari

1976 5036 2250 5090 exponere
2278 5019 2616 5074 festinemus.
2651 5019 2870 5075 Fratres
2898 5017 3064 5087 igitur
3085 5013 3176 5085 qui
3198 5013 3308 5069 illic
3342 5013 3573 5067 aderant

1973 5165 2119 5227 siani,
2145 5165 2223 5226 qui
2251 5165 2310 5215 ab
2329 5164 2638 5215 Nortmannis
2685 5165 2854 5226 captus
2896 5174 2952 5210 ac
2992 5160 3149 5224 pretio
3187 5159 3300 5210 dato
3339 5158 3574 5208 liberatus

1976 5236 2073 5281 est.
2107 5234 2235 5292 Lege
2265 5233 2424 5282 Vitam
2449 5234 2502 5281 S.
2531 5231 2731 5281 Faronis
2770 5231 2820 5278 in
2844 5228 3020 5278 saeculo
3045 5242 3097 5276 ιι.

2042 5309 2066 5344 δ
2094 5317 2411 5378 Novigentum
2434 5316 2618 5367 Artaldi
2643 5314 2912 5376 appellant,
2938 5313 3199 5364 vernacula
3223 5313 3409 5374 Nogent
3443 5309 3574 5359 I’Ar-

1975 5403 2123 5464 laud,
2146 5403 2196 5451 in
2222 5413 2344 5464 pago
2369 5402 2556 5462 Briegio
2581 5400 2640 5449 ad
2666 5401 2930 5449 Maternam
2955 5411 3038 5448 seu
3057 5389 3325 5449 matronam
3344 5396 3537 5446 ﬂuvium
3563 5405 3579 5452 ;

1977 5490 2184 5540 habetur
2225 5486 2274 5536 in
2316 5486 2482 5536 codice
2525 5481 2804 5546 lrininonis,
2857 5496 3012 5546 nuper
3059 5483 3222 5548 praedo
3262 5482 3401 5542 vulgo
3440 5479 3572 5531 dicto

1976 5571 2388 5628 Amblainvillers
2407 5573 2773 5622 commutatum.
