4086 6300
1577 317 1917 376 AIMOINUS
1951 315 2336 375 MONACHUS
2376 312 2832 372 SANGERMAN.

3717 313 3844 366 1οη

554 465 900 525 sanctissima
929 467 1045 536 ejus
1073 465 1319 538 corporis
1346 465 1592 521 membra
1621 463 2009 528 custodientes,
2043 477 2153 518 una
2181 445 2237 507 Α
2255 444 2669 538 Είνουπλάθοῑιιθε
2701 458 2760 498 3°
2790 456 3036 538 insanos
3065 439 3204 496 miro
3232 440 3422 538 ludum
3451 439 3666 538 οἷάίῖξθυ

557 572 682 614 cum
712 558 832 628 ipso
887 555 993 611 loci
1049 555 1236 610 ruinas
1291 554 1487 609 saltem
1543 553 1778 608 invisere
1836 551 2154 606 festinantes

555 644 800 718 egressi;
823 643 1302 712 Nortmannisjam
1331 641 1506 697 amico
1537 641 1686 711 pacis
1729 639 1935 695 foedere
1984 655 2154 710 regno

553 733 785 798 eductis,
812 733 916 788 iter
937 731 1271 787 reversionis
1298 731 1406 788 laeti
1435 729 1738 800 suscipiunt
1773 746 1786 783 :
1820 727 2027 800 fuitque
2075 728 2154 782 eis

557 821 617 876 in
643 821 970 877 revertendo
1019 819 1228 874 navalis
1285 835 1560 890 congruas
1617 825 1932 888 apparatus.
1998 816 2153 872 Unde

555 910 818 965 Materna:
849 908 1072 963 ﬂuvium
1101 909 1410 979 pariterque
1443 907 1748 978 Sequanam
1778 905 2150 976 enavigantes,

554 1003 825 1054 venerunt
854 996 988 1053 citra
1017 995 1227 1052 Biberis
1255 1011 1321 1051 ac
1352 995 1620 1066 Sequanae
1649 993 1979 1050 conﬂuentis
2017 1009 2152 1064 por-

556 1092 668 1140 tum
719 1084 1022 1142 facientes:
1071 1084 1434 1155 eductumque
1480 1083 1904 1139 sacratissimum
1952 1097 2152 1153 corpus

555 1173 703 1238 navi,
737 1172 1051 1242 excepimus
1081 1171 1214 1226 illud
1243 1171 1395 1226 multi
1425 1171 1705 1243 utriusque
1734 1187 1895 1225 sexus
1926 1178 1979 1225 ct
2008 1171 2154 1226 ordi-

559 1261 644 1317 nis
673 1261 875 1317 ibidem
905 1259 1249 1332 congregati,
1282 1268 1339 1314 ut
1369 1259 1658 1314 miraretur
1687 1259 1775 1314 vix
1818 1259 2052 1315 clericos
2083 1259 2150 1314 ad

557 1365 683 1406 eum
710 1348 1005 1405 tollendum
1038 1348 1303 1404 accedere
1323 1363 1506 1418 posse.
1530 1349 1666 1402 Nam
1684 1364 1750 1402 ex
1771 1347 1856 1402 sui
1877 1347 2152 1420 quondam

557 1437 820 1510 episcOpii
861 1437 1042 1500 domo,
1094 1436 1343 1492 canonici
1389 1436 1549 1507 primi
1595 1436 1671 1490 uti
1713 1435 1952 1506 pontifici
2000 1436 2150 1491 adsi-

557 1533 763 1582 stentes
793 1525 1126 1596 exceptionis
1153 1541 1422 1598 peregere
1452 1524 1832 1591 ministerium,
1867 1525 2025 1593 hujus
2063 1541 2149 1579 an-

554 1614 794 1686 tiphonaa
829 1629 1128 1686 congruam
1163 1613 1458 1682 jubilantes
1503 1613 1796 1668 melodiam
1831 1631 1845 1667 :
1900 1613 1940 1669 0
1984 1630 2152 1686 quam

555 1703 910 1760 venerandus
947 1718 1024 1767 es,
1092 1703 1304 1773 egregie
1369 1703 1644 1758 Germane
1704 1705 2006 1772 confessor,
2056 1703 2154 1774 qui

2254 534 2394 588 Nam
2422 541 2480 587 ut
2508 540 2732 588 cunctos
2762 531 3064 602 gloriantur
3093 546 3152 585 se
3181 529 3394 601 cepisse
3424 529 3630 592 miseri,

2253 621 2430 694 thue
2461 637 2600 694 gyro
2632 636 2758 675 mox
2787 619 3058 676 vallarunt
3087 634 3278 673 omnes
3305 617 3420 673 fere
3453 617 3726 688 proximo,

2253 711 2328 765 Te
2357 717 2609 780 precante
2640 709 2940 763 liberantur
2969 722 3139 778 prope
3169 706 3313 778 capti
3344 705 3566 761 servuli.

2254 799 2502 869 Dumque
2533 797 2714 852 nullus
2744 813 2866 851 sese
2895 803 3048 866 putat
3076 795 3274 850 habere
3312 796 3683 866 superstitem,

2254 885 2560 942 Gladiatam
2589 885 2852 941 evasisset
2881 884 2974 956 qui
3005 888 3274 939 Danorum
3315 883 3524 952 aciem;

2253 973 2459 1029 Omnes
2487 991 2546 1030 se
2576 975 2644 1030 de
2670 973 2806 1030 locis
2835 980 3087 1043 mergunt
3115 972 3314 1028 additis
3339 973 3660 1030 incolumes.

2253 1064 2522 1119 Cerneres
2549 1071 2677 1118 tunc
2705 1063 3070 1134 lacrymantes
3111 1077 3220 1116 non
3261 1061 3545 1134 loquentes
3592 1061 3842 1129 invicem,

2253 1155 2392 1209 Dum
2421 1153 2490 1207 de
2520 1151 2670 1208 necis
2699 1151 2854 1223 quasi
2881 1151 3035 1206 fauce
3063 1167 3124 1205 se
3145 1149 3392 1206 viderent
3421 1167 3672 1224 surgere.

2251 1243 2386 1299 Vota
2417 1241 2592 1297 solum
2623 1239 2806 1296 cordis
2835 1241 3033 1294 dabant
3063 1239 3225 1294 tacita
3253 1239 3594 1310 dignissime,

2251 1332 2402 1388 Unus
2433 1339 2638 1384 tantum
2666 1328 2997 1400 praepedilur
3025 1343 3186 1383 caeca:
3214 1327 3405 1383 mortis
3434 1328 3610 1396 obice,

2252 1421 2426 1491 Atque
2456 1419 2564 1474 telo
2595 1416 2904 1488 perforatur
2929 1417 3102 1471 hostis
3140 1417 3452 1485 velossime,

2250 1509 2333 1562 Ne
2362 1515 2512 1562 tanto
2539 1522 2784 1561 summus
2814 1512 3024 1560 careret
3054 1503 3292 1575 pontifex
3321 1505 3598 1562 libamine.

2251 1596 2410 1651 Salve
2437 1595 2698 1663 clemens,
2730 1594 2856 1649 hinc
2883 1609 3189 1664 precamur,
3224 1593 3370 1649 salve
3395 1594 3598 1665 praesul
3627 1595 3777 1669 agie,

2252 1683 2484 1740 Omnem
2511 1684 2718 1740 clerum
2751 1690 2800 1737 te
2827 1683 3094 1738 colentem
3123 1698 3248 1738 cum
3276 1682 3471 1738 devoto
3501 1683 3704 1755 populo

478 1821 488 1830 -
559 1795 788 1848 terrena
837 1771 1248 1863 contempsisti,
1291 1793 1346 1846 et
1379 1791 1507 1845 caeli
1545 1771 1816 1862 januamr
1845 1771 2147 1846 exsultans

2251 1775 2312 1828 In
2343 1772 2598 1844 praesenti
2625 1780 2682 1827 ut
2711 1787 3021 1826 mereamur
3051 1771 3125 1826 uti
3155 1787 3314 1842 prece
3357 1773 3662 1839 commoda,

557 1881 786 1952 petisti!
806 1879 952 1936 Modo
970 1881 1148 1935 victor
1160 1879 1342 1950 fulges
1365 1880 1426 1934 in
1447 1879 1658 1935 virtute
1673 1879 1904 1944 caelesti,
1924 1878 2152 1950 ideoque

558 1969 838 2040 supplices
861 1971 914 2022 te
944 1983 1266 2033 exoramus,
1306 1971 1371 2022 ut
1401 1967 1722 2022 intercedas
1751 1985 1853 2039 pro
1889 1968 2046 2023 nobis
2079 1967 2152 2022 ad

557 2058 863 2113 Dominum
883 2059 1062 2112 Deum
1099 2059 1380 2112 nostrum.
1423 2057 1696 2127 Factaque
1725 2055 2146 2127 geniculatione,

558 2159 625 2201 ac
642 2144 853 2199 ratione
873 2145 1154 2199 Dominica
1170 2152 1222 2198 et
1241 2144 1407 2198 missa
1427 2161 1528 2214 pro
1543 2144 1811 2199 universis
1836 2144 2151 2200 solemniter

558 2232 724 2300 dicta,
747 2248 814 2287 ex
834 2232 1160 2288 monasterio
1178 2232 1350 2288 sancti
1370 2233 1512 2288 Petri
1528 2248 1741 2288 necnon
1761 2239 1814 2288 et
1831 2233 2003 2292 beatae
2033 2233 2148 2288 Ge-

555 2319 766 2377 novefaa
787 2321 1017 2394 virginis
1034 2321 1292 2394 religiose
1309 2322 1634 2378 accedentes
1654 2321 1858 2391 clerici,
1894 2322 2149 2377 eumdem

553 2417 846 2481 sequentes
865 2410 1116 2466 ordinem
1135 2418 1420 2481 coeperunt
1435 2418 1621 2466 sancto
1642 2411 1882 2466 humeris
1894 2418 2147 2482 suscepto

550 2511 784 2570 corpore
803 2499 940 2555 hanc
960 2499 1195 2570 psallere
1213 2499 1562 2571 antiphonam
1590 2499 1832 2556 dicentes
1865 2517 1878 2555 :
1913 2501 2024 2555 Iste
2063 2503 2148 2556 est

557 2589 870 2645 Germanus
899 2589 1168 2660 pontifex
1201 2590 1513 2655 maximus,
1552 2590 1647 2661 qui
1688 2605 1791 2662 per
1841 2605 2147 2662 supernam

551 2677 800 2748 gratiam
837 2677 1030 2732 divina
1065 2677 1206 2732 dans
1240 2678 1542 2742 miracula,
1592 2679 1870 2749 promissa
1915 2694 2145 2733 sumens

548 2781 810 2832 munera,
836 2765 972 2820 vivit
986 2767 1229 2837 perenni
1247 2767 1446 2838 gloria.
1469 2765 1677 2821 Deinde
1698 2781 1798 2820 nos
1819 2766 1896 2820 uti
1917 2766 2146 2821 decebat

551 2852 796 2908 servulos
841 2861 1180 2918 corruentes,
1232 2853 1568 2908 salutationis
1613 2869 1812 2908 novum
1885 2855 2146 2910 habentes

549 2941 832 3012 hymnum,
875 2949 1130 2997 verenter
1161 2941 1470 2996 adfuimus:
1527 2950 1926 3018 surgentesque
1965 2959 1994 2996 a
2027 2943 2145 2998 solo

547 3029 868 3102 dignissima
884 3029 1000 3098 ejus
1020 3031 1320 3085 reverentia
1339 3031 1590 3101 prostrati
1621 3031 1992 3099 jacueramus,
2023 3039 2146 3101 post

547 3117 853 3174 orationem
909 3125 964 3173 et
1021 3119 1325 3188 collectam,
1374 3119 1488 3188 jam
1555 3120 1791 3186 cuidam,
1853 3127 2144 3176 contractae

543 3205 760 3262 femina:
779 3222 844 3262 ac
863 3207 1024 3263 caecis
1043 3207 1254 3262 duobus
1274 3207 1473 3264 collato
1489 3208 1729 3262 sanitatis
1751 3207 2021 3275 benificio,
2036 3225 2144 3281 quo

544 3312 887 3368 unaquaeque
958 3295 1211 3352 videlicet
1257 3297 1502 3367 exceptio
1543 3313 1748 3368 propro
1793 3297 2144 3354 decoraretur

545 3384 830 3451 miraculo,
861 3384 935 3440 ita
963 3393 1358 3456 concrepantes
1387 3385 1666 3440 intulimus
1698 3404 1710 3440 :

541 3493 659 3548 Ave
691 3533 706 3561 ,
736 3491 940 3563 praesul
965 3492 1271 3560 benedicte,
1303 3507 1404 3548 ave
1435 3508 1580 3548 nunc
1626 3492 1888 3564 piissime,

541 3579 590 3637 Ο
621 3580 912 3648 Germane,
944 3581 1258 3637 venerande
1287 3582 1444 3636 Pater
1473 3590 1525 3636 et
1571 3581 1788 3649 eximie,

539 3669 724 3725 Plebis
753 3677 919 3726 temet
947 3686 1070 3726 cum
1098 3669 1248 3726 fideli
1276 3671 1584 3727 comitantis
1615 3671 1850 3742 agmine,

537 3758 678 3814 Veni
701 3759 835 3826 jam,
869 3759 994 3813 veni
1022 3759 1280 3831 benigne,
1313 3759 1431 3814 redi
1460 3768 1642 3830 pastor
1671 3761 1894 3830 optime,

538 3845 687 3902 Oves
717 3847 969 3918 proprias
998 3847 1232 3919 require,
1265 3863 1330 3902 ac
1359 3847 1480 3918 paci
1535 3847 1778 3915 restitue,

535 3933 654 3991 Nec
683 3934 879 3990 tristari
906 3935 1050 3991 ultra
1079 3935 1196 3990 sine
1223 3936 1292 3992 de
1317 3935 1524 3992 sublato
1552 3935 1804 4008 pignore.

537 4023 870 4096 Deplorabat
899 4032 950 4080 te
982 4025 1218 4082 cessisse
1248 4025 1530 4081 dominum
1573 4025 1808 4096 Lutecia,

538 4113 610 4170 Se
638 4113 937 4188 plangebat
967 4122 1020 4170 et
1047 4115 1272 4188 lugebat
1297 4116 1536 4172 caruisse
1567 4115 1760 4188 gloria,

534 4199 713 4272 Quam
741 4202 1037 4274 adplaudet
1067 4204 1345 4275 recepisse
1368 4205 1482 4273 jam
1513 4213 1606 4259 tua
1648 4204 1958 4275 praesentia.

532 4292 651 4347 Heu
679 4307 841 4364 quam
872 4291 1075 4348 ﬂebant
1103 4301 1157 4348 et
1201 4293 1495 4365 gemebant
1539 4293 1680 4348 servi
1727 4294 1803 4348 tui
1851 4294 2125 4362 monachi,

527 4380 598 4436 Et
628 4389 848 4436 caterva
875 4381 1197 4451 populorum
1227 4389 1424 4436 cuncta
1452 4381 1612 4436 nimis
1642 4382 1884 4452 prOpria,

527 4467 663 4523 Cum
692 4467 892 4524 fuisses
923 4468 1076 4524 exsul
1107 4469 1228 4524 loco
1314 4485 1346 4522 a
1374 4476 1485 4534 tuo,
1521 4470 1861 4526 sanctissime
1895 4469 1906 4525 l

525 4555 661 4626 Quis
689 4555 905 4612 illorum
935 4571 1116 4611 sermo
1146 4556 1289 4611 valet
1315 4556 1563 4626 planctus
1592 4557 1697 4613 fari
1744 4559 2014 4629 cordium,

524 4648 702 4716 Atque
729 4643 890 4699 simul
920 4643 1180 4715 expedire
1211 4644 1370 4700 fletus
1399 4646 1769 4700 amarissimos

524 4732 684 4802 Quod
715 4733 973 4788 sacerdos
1004 4732 1222 4803 pietatis
1251 4733 1439 4803 pulsus
1470 4742 1616 4788 esset
1654 4733 1837 4804 impie.

521 4820 628 4890 Qui
659 4821 706 4875 si
735 4821 902 4876 cessit
927 4819 1124 4876 feritati
1167 4835 1505 4894 paganorum
1549 4822 1760 4896 rigidae,

521 4908 752 4965 Necnon
779 4909 902 4964 loco
936 4909 1023 4964 vel
1054 4908 1236 4964 ultrici
1266 4909 1535 4978 ﬂammae;
1569 4921 1747 4967 tamen
1787 4913 1957 4970 adfuit

522 4996 675 5052 Votis
705 4997 888 5070 dignis
920 4995 1246 5053 famulorum
1275 5015 1520 5070 praesens
1551 5000 1605 5054 in
1625 5001 1902 5072 periculis.

519 5083 676 5142 Unde
701 5085 854 5154 juvat
881 5101 983 5140 nos
1011 5086 1162 5142 adire
1194 5087 1327 5142 illud
1357 5087 1503 5144 dictu
1532 5090 1732 5145 nobile.

520 5171 683 5243 Quod
713 5175 1038 5246 stupendum
1081 5184 1134 5232 et
1181 5176 1490 5232 mirandum
1539 5178 1732 5235 inferat
1776 5181 2117 5250 miraculum,

514 5265 619 5319 Pro
650 5279 758 5335 quo
787 5263 968 5334 dignae
999 5265 1300 5321 confessori
1333 5265 1637 5323 referantur
1692 5270 1900 5340 gratiae.

513 5354 703 5426 Itaque
732 5353 860 5407 dum
889 5352 1151 5408 illuccssit
1183 5355 1405 5411 Pascha
1432 5355 1551 5412 dies
1591 5358 1897 5429 splendida,

508 5441 760 5514 Dumque
787 5441 979 5498 laudes
1009 5443 1349 5499 celebrarent
1376 5445 1664 5501 matutinas
1695 5449 1964 5519 Monachi,

2252 1861 2496 1934 Hincque
2525 1861 2657 1918 celsi
2686 1861 2921 1932 paradisi
2952 1876 3179 1933 regnum
3206 1860 3365 1915 nobis
3401 1861 3603 1926 obtine,

2250 1949 2370 2019 Quo
2401 1951 2562 2005 simul
2592 1959 2770 2006 tecum
2799 1949 3094 2019 psallamus
3120 1948 3259 2003 Patri
3289 1949 3476 2004 laudes
3515 1950 3774 2016 Domino,

2249 2042 2425 2112 Atque
2455 2039 2580 2095 stoti
2609 2037 2854 2094 Trinitati
2884 2045 3244 2092 consonantes
3291 2038 3520 2110 angelis,

2249 2129 2497 2194 Sanctus,
2559 2127 2807 2194 Sanctus,
2859 2126 3108 2194 Sanctus,
3162 2125 3426 2183 Dominus
3473 2128 3620 2275 Densi
3655 2143 3845 2210 'exer-

3619 2207 3842 2256 mtuum.

3619 2207 3842 2256 Cituum.

2247 2288 2382 2344 Coeli
2411 2297 2517 2344 tuae
2542 2289 2688 2360 pleni
2719 2295 2940 2343 manent
2966 2295 3128 2360 atque
3159 2295 3296 2344 terra
3351 2289 3540 2362 gloria.

2247 2376 2470 2432 Osanna
2498 2378 2587 2449 qui
2618 2377 2934 2432 benedictus
2959 2376 3015 2431 in
3043 2377 3274 2432 excelsis
3309 2386 3554 2434 venerat.

2247 2465 2430 2520 Gloria
2461 2466 2528 2520 sit
2557 2467 2671 2521 Deo
2701 2465 2845 2520 Patri
2874 2474 3035 2538 atque
3064 2465 3182 2520 laus
3224 2465 3521 2536 Altissimo,

2246 2555 2450 2621 Honor,
2485 2554 2656 2609 virtus
2685 2562 2737 2609 et
2766 2563 3009 2625 potestas
3041 2555 3170 2609 Jesu
3203 2555 3416 2610 Christo
3455 2555 3707 2625 Domino,

2245 2643 2496 2715 Dignitas
2545 2651 2597 2698 et
2621 2659 2758 2698 unus
2786 2659 2923 2714 apex
2953 2643 3020 2697 sit
3050 2659 3266 2714 quoque
3305 2644 3593 2711 Paraclito,
3647 2648 3846 2702 Amen.

2246 2749 2366 2818 Quo
2398 2750 2466 2805 ad
2501 2748 2662 2805 ﬁnem
2692 2765 2864 2822 usque
2895 2749 2965 2804 ita
2996 2750 3285 2820 completo,
3318 2749 3521 2805 fuimus
3561 2752 3673 2820 jam
3720 2753 3845 2808 licet

2245 2855 2310 2892 ex
2340 2839 2569 2894 adverso
2600 2838 2827 2909 proximi
2857 2838 3052 2908 partim
3081 2839 3304 2908 adustae,
3336 2855 3438 2894 nec
3466 2856 3574 2895 non
3605 2849 3660 2896 et
3713 2858 3844 2912 per-

2244 2928 2471 2982 multum
2501 2928 2776 2998 dissipatze
2805 2926 3022 2993 civitati,
3057 2927 3209 2996 cujus
3239 2928 3496 2983 demolita
3526 2927 3696 2985 facies
3742 2947 3842 2985 nos

2245 3031 2434 3071 omnes
2463 3017 2518 3070 in
2573 3016 2815 3071 dolorerr.
2876 3017 3176 3082 adducens,
3237 3025 3605 3088 competenter
3661 3020 3841 3092 exegit

2244 3095 2480 3175 psallare
2515 3123 2527 3162 :
2559 3105 2777 3178 Aspice,
2829 3107 3084 3176 Domine,
3131 3107 3262 3178 quia
3303 3109 3461 3177 facta
3490 3107 3841 3166 estdesolata

2245 3195 2446 3250 civitas
2462 3196 2635 3266 plena
2651 3193 2882 3259 divitiis,
2905 3195 3058 3251 sedet
3078 3197 3141 3251 in
3173 3195 3416 3251 tristitia
3444 3196 3677 3252 domina
3699 3213 3841 3269 gen-

2245 3285 2410 3348 tium,
2452 3301 2565 3339 non
2597 3287 2681 3338 est
2713 3284 2809 3357 qui
2845 3285 3166 3340 consoletur
3203 3301 3349 3352 eam,
3405 3286 3522 3340 nisi
3581 3289 3645 3342 tu
3693 3289 3838 3344 Deus

2242 3376 2454 3428 noster.
2480 3372 2628 3441 Multi
2653 3388 2887 3444 namque
2927 3382 3204 3440 canentes,
3248 3373 3435 3444 plures
3471 3389 3601 3429 vero
3638 3391 3836 3432 cerne-

2241 3460 2443 3516 bantur
2475 3463 2792 3532 plorantes:
2832 3462 3020 3534 sicque
3059 3462 3425 3532 processimus
3461 3463 3516 3517 in
3561 3472 3782 3536 pratum
3815 3472 3839 3500 ⁸

2241 3566 2434 3622 usque,
2461 3551 2606 3622 quod
2627 3552 2728 3606 sub
2762 3559 2846 3605 est
2883 3551 3230 3607 monasterio.
3268 3553 3498 3607 Eramus
3539 3569 3671 3609 vero
3706 3570 3840 3609 mce-

2240 3646 2442 3705 rentes,
2489 3641 2635 3711 quod
2675 3647 2865 3710 postca
2898 3656 3058 3712 quam
3109 3640 3385 3712 propriam
3441 3641 3837 3701 intraveramus

2237 3727 2506 3794 tellurem,
2523 3729 2696 3783 nullas
2716 3737 2772 3783 ut
2793 3737 2954 3784 antea
2975 3738 3220 3785 ostensas
3239 3745 3566 3786 noveramus
3587 3733 3833 3800 virtutes,

2237 3817 2336 3871 sed
2370 3833 2499 3872 ecce
2521 3817 2700 3872 subito
2749 3835 2815 3873 ex
2860 3826 3005 3874 tanta
3041 3819 3226 3890 populi
3288 3819 3631 3876 multitudine
3697 3839 3833 3878 unus

2236 3920 2566 3975 procurrens
2586 3906 2833 3963 accessit.
2854 3907 3098 3963 Habebat
3130 3907 3270 3963 enim
3307 3923 3470 3964 causa
3503 3909 3834 3981 poenitentia:

2231 3992 2361 4048 ferri
2387 3994 2650 4050 circulum
2674 3995 2730 4050 in
2761 3996 2999 4066 brachio,
3040 4004 3097 4051 ut
3128 3997 3285 4068 :solet
3330 3995 3470 4066 ﬁeri,
3525 3999 3831 4059 aretissime

2153 4076 2161 4082 ’
2233 4082 2573 4139 obvolutum.
2627 4085 2856 4156 Jamque
2909 4093 3123 4156 tempus
3158 4085 3464 4142 increverat
3494 4104 3560 4142 ex
3607 4105 3718 4161 quo
3761 4089 3832 4145 illi

2231 4186 2360 4226 casu
2390 4172 2663 4243 prapriam
2711 4174 2978 4229 occidenti
3020 4182 3268 4241 matrem,
3317 4173 3631 4244 hujusmodi
3671 4194 3831 4250 poena

2227 4269 2554 4316 accesserat.
2589 4261 2692 4330 Qui
2722 4262 3031 4318 vociferans
3063 4271 3116 4318 et
3145 4263 3275 4318 tanti
3306 4264 3408 4320 viri
3435 4265 3695 4336 pietatem
3728 4268 3829 4323 sibi

2227 4349 2547 4418 adjutricem
2577 4352 2946 4421 expostulans,
2980 4361 3037 4407 ut
3065 4369 3286 4408 manum
3317 4353 3386 4408 ad
3419 4353 3673 4423 feretum,
3723 4373 3826 4430 quo

2229 4439 2399 4493 sancti
2446 4455 2660 4496 sacrum
2708 4441 3044 4510 bajulabatur
3089 4458 3302 4514 corpus,
3355 4443 3579 4514 pallium
3640 4447 3826 4502 saltem

2153 4527 2206 4587 D
2229 4526 2465 4598 desuper
2497 4529 2811 4602 contingere
2843 4531 3068 4600 cupiens
3097 4531 3386 4601 protendit,
3423 4533 3567 4589 illico
3619 4533 3822 4590 ferrum

2223 4615 2292 4670 de
2337 4616 2562 4672 brachio
2612 4619 2868 4673 exsiliens
2915 4619 3220 4674 mirandum
3268 4621 3497 4692 crepuit,
3548 4622 3621 4676 ita
3665 4632 3724 4678 ut
3771 4624 3825 4679 in

2225 4719 2349 4758 aera
2381 4721 2593 4760 sursum
2624 4706 2847 4762 evolans
2894 4706 3169 4763 videretur
3198 4724 3230 4764 a
3285 4709 3486 4765 multis.
3546 4709 3680 4780 Quae
3734 4729 3822 4768 res

2225 4808 2326 4847 nos
2356 4794 2638 4850 universos
2688 4796 2970 4851 hilariores
3015 4795 3271 4863 eﬁiciens,
3323 4799 3612 4855 nonnullos
3657 4801 3818 4856 etiam

2225 4880 2282 4935 in
2311 4883 2580 4955 lacrymas
2609 4901 2724 4955 prae
2752 4885 2950 4956 gaudio
2980 4887 3167 4941 movit.
3207 4887 3315 4942 Sed
3345 4896 3399 4943 et
3426 4904 3554 4944 caro
3597 4891 3818 4946 armillae

2224 4970 2535 5039 hujusmodi
2591 4973 2882 5045 asperitate
2936 4973 2993 5028 in
3047 4975 3374 5046 profundum
3429 4993 3612 5047 exesa,
3672 4979 3815 5052 quod

2218 5069 2436 5132 gestum
2465 5071 2584 5117 erat
2612 5063 2913 5133 pretiosum
2942 5064 3216 5134 pandebat
3244 5065 3590 5122 miraculum.

2811 5241 3036 5298 CAPUT
3072 5243 3217 5299 XIV.

2286 5366 2594 5421 Advenerat
2625 5373 2677 5422 et
2709 5367 2958 5438 quaedam
2987 5368 3182 5424 mulier
3206 5369 3530 5438 adjumentis
3559 5368 3683 5425 ﬁdei
3711 5385 3803 5426 co-

2209 5453 2410 5522 mitata,
2461 5471 2581 5528 quae
2633 5471 2666 5512 a
2708 5457 2990 5512 cunabulis
3039 5458 3109 5513 ita
3158 5467 3488 5530 nuncupata,
3538 5459 3805 5517 dicebatur

573 5596 597 5624 ⁸
621 5596 743 5648 Hinc
769 5598 1115 5650 monasterium
1141 5599 1322 5651 dictum
1349 5595 1403 5652 S.
1435 5599 1662 5656 Germani
1687 5605 1748 5654 de
1793 5603 1972 5667 Prata,
2017 5618 2110 5658 non
2138 5609 2302 5660 tamen
2327 5616 2442 5661 ante
2467 5610 2696 5664 saeculum
2720 5625 2791 5675 xl,
2819 5611 2860 5662 si
2888 5611 3012 5664 bene
3033 5613 3242 5678 adverti,
3270 5615 3516 5666 recentius
3533 5616 3594 5666 de
3619 5615 3786 5667 Pratis.

3702 6275 3742 6282 __
3794 6271 3845 6279 »η
3873 6252 4044 6280 —~-_-"|‘4
