4086 6296
282 323 307 375 1
320 321 422 376 049

1309 313 1403 373 DE
1447 314 1836 374 TRANSLAT.
1902 313 1960 370 S.
2021 315 2258 373 SAVINI
2313 317 2524 374 MART.

3376 352 3382 358 -
3441 323 3578 378 1050

291 445 498 501 Electa.
539 443 668 500 Haec
695 458 946 515 prorsus,
980 451 1038 498 ut
1057 441 1218 498 nobis
1247 441 1401 514 quasi
1459 441 1654 497 eadem
1711 439 1892 495 adhuc
1923 439 1980 501 A
1999 454 2162 509 super
2184 441 2361 512 ipsum
2383 441 2436 496 in
2459 458 2566 514 quo
2587 458 2740 514 prius
2756 443 3578 515 jacueratsepulcrum.Deinde

287 520 600 588 infirmitate
629 532 821 588 dolens
849 532 1047 598 aiebat,
1083 532 1157 586 ita
1211 548 1312 602 per
1361 531 1552 586 decem
1611 544 1877 584 annorum

282 621 555 678 curricula
581 637 771 676 manus
814 621 1052 676 dextera
1079 619 1327 675 ariditate
1356 620 1732 684 contabuerat,
1767 633 1877 690 quo

281 709 431 766 nullo
458 711 624 766 modo
665 709 752 766 vel
779 710 848 765 ad
875 725 940 764 os
967 725 1090 764 eam
1117 709 1432 781 porrigendi
1462 715 1649 778 posset
1667 707 1876 760 habue-

283 799 372 854 rit.
395 799 676 855 Accedens
707 798 887 870 itaque
917 797 1085 868 coepit
1113 813 1340 870 magna:
1368 796 1688 851 humilitatis
1709 794 1879 866 preci-

282 889 385 944 bus
416 887 746 958 supplicare,
779 887 1236 958 quemadmodum
1267 885 1482 940 sibimet
1511 893 1718 940 tantum
1775 883 1875 937 sub

279 975 526 1046 ejusdem
557 975 729 1031 sancti
761 975 1010 1045 corporis
1042 973 1264 1040 feretro,
1319 981 1378 1029 ut
1406 989 1622 1028 eramus
1653 973 1708 1026 in
1751 988 1874 1027 am-

281 1063 543 1129 bulando,
574 1063 832 1118 transitus
862 1063 1270 1118 concederetur.
1313 1065 1374 1116 At
1401 1061 1494 1116 ubi
1549 1061 1635 1116 vix
1699 1061 1874 1116 intro-

279 1156 446 1207 missa
473 1152 493 1224 ζ
499 1160 614 1208 erat
643 1151 788 1206 enim
816 1151 1154 1222 compressio
1185 1150 1372 1222 populi
1403 1151 1592 1220 multa)
1638 1149 1874 1204 transis-

280 1249 382 1310 set,
413 1240 493 1296 sic
521 1240 666 1296 illius
695 1241 864 1296 aridae
892 1256 1088 1295 manus
1119 1239 1369 1294 debilitas
1401 1238 1672 1310 extemplo
1707 1253 1874 1293 cura-

271 1337 384 1395 tur,
421 1336 688 1400 quatenus
717 1327 866 1384 omni
895 1336 1120 1399 recepto
1149 1328 1358 1400 vigore,
1393 1327 1608 1382 solitum
1640 1327 1875 1398 proprias

278 1416 508 1474 actionis
538 1425 821 1474 exerceret
851 1416 1108 1472 officium.
1144 1417 1297 1472 Hanc
1342 1431 1580 1488 namque
1634 1415 1870 1470 vidimus

279 1505 627 1572 incolumem,
662 1513 713 1561 et
734 1505 1035 1560 Meroldum
1067 1505 1159 1577 qui
1178 1513 1403 1561 venerat
1433 1520 1631 1574 caecus,
1654 1519 1872 1559 necnon

281 1601 332 1650 et
358 1593 738 1668 Aldegundem
767 1594 1033 1650 videntes.

891 1745 1116 1802 CAPUT
1143 1745 1264 1801 XV.

352 1869 706 1926 Pervenimus
737 1885 872 1940 ergo
928 1869 1222 1939 psallentes
1253 1868 1418 1923 nimia
1447 1868 1769 1924 lassitudine
1805 1885 1870 1925 ac

278 1959 411 2014 solis
439 1958 636 2014 ardore
666 1957 873 2030 fatigati
905 1958 1038 2012 hora
1067 1957 1220 2030 quasi
1251 1965 1402 2012 sexta
1433 1959 1502 2012 ad
1559 1958 1873 2012 monasterii

267 2047 514 2116 januam.
572 2049 758 2101 Annus
815 2054 993 2100 autem
1050 2045 1240 2101 circuli
1296 2046 1634 2118 resurgentis
1677 2046 1872 2102 Christi

275 2135 762 2206 octingentesimus
792 2134 1170 2207 sexagesimus
1191 2135 1396 2200 tertius;
1421 2135 1540 2188 dies
1573 2151 1705 2190 vero
1727 2151 1872 2190 men-

276 2223 354 2278 sis
385 2231 576 2294 quarto
607 2223 822 2279 decimo
872 2223 1146 2278 Kalendas
1176 2223 1538 2294 computabur
1570 2225 1866 2296 Augustas.

277 2313 429 2368 Tunc
443 2313 645 2383 hymno
670 2315 737 2368 Te
755 2314 933 2368 Deum
957 2313 1254 2368 laudamus
1277 2312 1534 2382 incmpto,
1550 2311 1872 2366 intravimus

277 2401 584 2470 ecclesiam,
617 2401 954 2472 deponentes
984 2401 1130 2456 idem
1166 2409 1610 2457 sacro-sanctum
1665 2416 1867 2472 corpus

344 2593 370 2621 ι
386 2565 515 2626 Ergo
535 2563 584 2614 id
604 2564 731 2626 quod
755 2563 927 2614 scribit
949 2565 1124 2615 auctor
1145 2576 1415 2626 anonymus
1439 2563 1488 2614 in
1509 2564 1630 2615 libro
1645 2565 1876 2614 Transla-

277 2631 424 2683 tionis
441 2632 664 2694 superius
687 2631 838 2694 edito,
881 2632 935 2681 S.
981 2631 1210 2682 Germani
1235 2643 1408 2693 corpus
1433 2633 1698 2681 humanum
1725 2633 1873 2682 fuisse

274 2698 508 2762 primitus
527 2699 579 2749 in
599 2700 800 2760 porticu
826 2699 1044 2748 ecclesia:
1069 2697 1122 2746 S.
1159 2697 1415 2754 Vincentii.
1439 2698 1776 2759 explicandum
1801 2701 1874 2748 est

275 2765 339 2815 de
359 2765 541 2815 sacello
585 2766 638 2816 S.
679 2764 1045 2828 Symphoriani,
1071 2765 1198 2826 quod
1228 2766 1467 2815 hactenus
1491 2767 1648 2814 exstat
1675 2765 1724 2814 in
1749 2767 1874 2816 atrio

275 2833 515 2883 ecclesiae.

361 2899 416 2948 In
441 2897 607 2949 codice
631 2897 893 2948 lrminonis
925 2897 1117 2948 abbatis
1142 2899 1337 2948 exstant
1385 2897 1562 2948 litterae
1597 2897 1874 2950 donationis

274 2965 416 3029 paulo
439 2965 704 3016 recentiori
731 2977 876 3016 manu
913 2965 1128 3028 scriptae,
1169 2965 1342 3026 quibus
1377 2965 1654 3015 Brunardus
1677 2965 1874 3027 quidam

271 3033 511 3094 ingenuus
534 3031 684 3082 tradit
705 3033 830 3082 duos
851 3045 1045 3082 mansos
1073 3031 1294 3093 propria:
1314 3031 1612 3082 hereditatis
1633 3045 1739 3082 suae
1757 3033 1870 3082 bea-

274 3082 466 3150 tissimo
491 3099 706 3150 Prwsult
733 3097 988 3160 Germano,
1014 3082 1136 3148 sitos
1159 3082 1212 3148 in
1235 3099 1355 3149 villa
1379 3099 1535 3160 ipsius
1556 3099 1715 3150 sancti
1737 3099 1870 3149 Pon-
1895 3082 1944 3144 C

1982 531 2334 590 concinentes
2364 531 2716 600 antiphonam
2741 547 2754 586 :
2785 532 3034 588 Laudem
3062 533 3234 589 dicite
3260 535 3370 590 Deo
3383 538 3577 592 nostro

1978 621 2706 692 omnessanctiejus,etqui
2737 621 2950 675 timetis
2977 638 3107 676 eum
3137 623 3341 694 pusilli
3365 627 3421 679 et
3446 640 3578 680 ma-

1975 712 2096 783 gni,
2121 711 2390 782 quoniam
2412 709 2670 779 regnabit
2692 709 2963 763 Dominus
2985 711 3132 766 Deus
3152 714 3348 766 noster
3385 713 3575 770 omni-

1971 803 2194 872 potens,
2225 797 2572 869 gaudeamus
2593 800 2650 851 et
2667 798 3024 853 exsultemus
3054 801 3112 852 et
3126 799 3320 854 demus
3337 799 3578 872 gloriam

1976 890 2048 956 ei,
2081 886 2221 943 facta
2240 885 2486 940 oratione
2508 884 2577 938 ad
2626 899 2724 954 pro
2779 885 2927 940 omni
2949 884 3042 956 qui
3088 895 3416 942 convenerat
3436 896 3578 944 coetu

1976 983 2200 1047 peracta
2215 974 2503 1028 missarum
2536 971 2868 1039 celebritate,
2889 973 3171 1028 intulimus
3193 973 3322 1029 illud
3342 974 3396 1030 in
3426 991 3578 1032 sanc-

1975 1064 2015 1119 ti
2034 1061 2417 1135 Sympboriani
2446 1069 2712 1132 cryptam,
2738 1061 2830 1116 ubi
2849 1061 3088 1133 primum
3106 1063 3352 1135 migrans
3379 1073 3406 1098 ι
3426 1064 3580 1136 quie-

1975 1159 2146 1219 verat,
2181 1160 2344 1223 atque
2379 1158 2500 1222 post
2530 1150 2772 1220 ejusdem
2801 1150 2974 1206 sancti
3015 1151 3278 1222 martyris
3327 1151 3498 1207 altare
3525 1151 3582 1208 in

1975 1248 2281 1312 praeparato
2312 1240 2416 1294 sibi
2447 1239 2650 1294 tumulo
2681 1239 3053 1294 venerandum
3082 1239 3388 1310 posuimus.
3424 1240 3581 1296 Unde

1973 1330 2204 1386 evolutis
2236 1337 2545 1399 temporum
2578 1327 2784 1398 spatiis,
2819 1335 2978 1400 atque
3007 1328 3340 1384 monasterio
3364 1329 3478 1398 jam
3507 1345 3574 1384 ex

1971 1426 2128 1490 parte
2159 1417 2502 1483 reaediiicato,
2559 1417 2859 1472 adveniens
2916 1417 3190 1488 gloriosus
3251 1433 3580 1491 semperque

1972 1507 2096 1579 pius
2125 1523 2218 1562 rex
2250 1507 2474 1562 Carolus
2519 1507 2746 1578 ejusque
2807 1505 2961 1578 regni
3020 1521 3248 1560 consors
3305 1505 3578 1562 Richildis

1974 1597 2186 1667 regina,
2220 1595 2486 1666 simulque
2542 1602 2700 1665 pater
2755 1601 2805 1649 et
2863 1601 3052 1666 pastor
3107 1601 3296 1650 noster
3348 1595 3580 1650 domnus

1975 1683 2272 1740 Gauzlinus
2303 1681 2328 1718 δ
2359 1684 2528 1738 abbas
2557 1691 2607 1738 et
2632 1682 2954 1755 Jngelvinus
3008 1682 3320 1753 episcopus,
3379 1682 3582 1754 aliique

1902 1805 1954 1866 B
1975 1774 2240 1843 praesules
2273 1773 2388 1829 sive
2434 1772 2596 1845 regni
2627 1771 2710 1826 sui
2739 1771 3037 1842 principes,
3072 1772 3370 1827 retulerunt
3389 1772 3582 1828 eadem

1973 1862 2317 1918 sanctissima
2330 1862 2580 1917 membra
2593 1877 2718 1916 cum
2739 1860 2994 1915 laudibus
3014 1869 3065 1916 et
3086 1861 3302 1932 hymnis
3340 1861 3408 1916 ad
3455 1876 3582 1932 pro-

1974 1951 2076 2020 piis
2109 1951 2293 2006 locum
2326 1949 2586 2020 supulcri.
2619 1949 2724 2005 Ubi
2755 1948 3046 2004 auxiliante
3089 1950 3206 2004 Deo
3236 1957 3289 2005 et
3344 1949 3578 2005 Domino

1973 2047 2162 2094 nostro
2189 2040 2318 2094 Jesu
2380 2039 2615 2104 Christo,
2651 2037 2804 2093 socia
2853 2037 3087 2108 Spiritus
3146 2037 3318 2093 sancti
3373 2037 3566 2110 gratia,

1971 2128 2128 2182 multi
2157 2145 2331 2200 usque
2365 2127 2526 2182 hodie
2559 2126 2840 2182 venientes
2893 2127 3140 2195 ejusdem
3198 2127 3372 2182 sancti
3430 2127 3579 2180 Pon-

1972 2215 2131 2271 tificis
2160 2217 2369 2271 meritis
2401 2223 2658 2270 sanantur
2682 2213 2881 2268 infirmi
2911 2215 2981 2269 ad
3003 2215 3240 2286 gloriam
3269 2223 3321 2270 et
3352 2215 3574 2270 laudem

1971 2313 2173 2359 sanctae
2203 2313 2256 2360 et
2284 2304 2576 2360 individuae
2603 2303 2874 2358 Trinitatis
2903 2303 2958 2357 in
2988 2303 3189 2358 saecula
3221 2303 3568 2370 saeculorum,

1971 2395 2168 2449 Amen.

1972 2565 2125 2626 tzﬁcis
2147 2565 2340 2616 nomine
2360 2563 2579 2614 Celeiaco
2596 2565 2650 2614 in
2672 2575 2798 2624 pago
2822 2562 3114 2626 Stampinse,
3139 2575 3196 2613 eo
3221 2568 3408 2626 tenore,
3436 2567 3494 2615 ut
3515 2565 3580 2616 de

1971 2631 2137 2684 reditu
2161 2639 2213 2683 et
2237 2645 2384 2682 censu
2425 2633 2555 2694 quod
2595 2632 2780 2680 exinde
2815 2631 3016 2690 exierit,
3062 2635 3208 2692 queat
3231 2631 3392 2680 lumen
3413 2630 3584 2684 haberi

1971 2704 2088 2749 ante
2109 2705 2332 2749 sanctum
2356 2699 2466 2760 ejus
2488 2699 2784 2760 sepulcrum.
2814 2702 2993 2748 Actum
3032 2697 3264 2748 Parisius
3287 2709 3414 2748 anno
3438 2698 3582 2759 regni

1971 2779 2006 2815 ι
2033 2766 2214 2827 Karoli,
2243 2765 2350 2815 Kal.
2381 2765 2582 2826 Aprilis,
2609 2764 2798 2815 Abbate
2836 2763 3060 2814 Gozlino.
3085 2765 3157 2814 Ex
3183 2764 3357 2824 quibus
3378 2767 3584 2826 apparet

1973 2833 2224 2883 Gozlinum
2263 2831 2368 2892 jam
2412 2831 2664 2894 praefuisse
2705 2831 3003 2881 monasterio
3027 2841 3157 2879 anno
3179 2829 3298 2892 850,
3325 2831 3412 2880 llic
3435 2829 3584 2888 subji-

1974 2899 2206 2950 ciendum
2261 2902 2339 2950 est
2385 2897 2599 2960 diploma
2641 2897 2872 2947 Ludovici
2917 2896 3120 2960 Augusti
3143 2899 3466 2958 cognomento
3485 2896 3577 2958 Pii,

1975 2979 2071 3029 quo
2095 2965 2326 3016 discimus
2347 2964 2497 3015 situm
2518 2965 2901 3022 Karoli-vennaz,
2928 2964 3064 3025 cuius
3090 2963 3313 3013 meminit
3329 2963 3580 3029 Aimoinus

1975 3028 2197 3095 superius
2222 3032 2360 3082 initio
2384 3031 2494 3080 libri
2522 3045 2535 3079 ι
2559 3031 2620 3080 de
2647 3029 2894 3080 miraculis
2919 3031 2974 3078 S.
2996 3029 3246 3093 Germani,
3266 3041 3326 3080 ex
3351 3028 3456 3092 ipsa
3479 3029 3580 3080 orl-

1975 3099 2124 3162 ginali
2149 3098 2434 3150 membrana
2457 3097 2754 3159 descriptum
2775 3097 2824 3147 in
2846 3097 2952 3156 haec
2981 3095 3151 3146 verba.

487 3382 803 3498 ACTA
907 3383 1860 3509 TRANSLATIONIS
1969 3385 2068 3499 S.
2182 3379 2604 3500 SAVINI
2664 3372 3333 3498 7MARTYRIS

1509 3568 1936 3630 AUCTORE
1991 3569 2402 3630 AIMOINO

271 3696 456 3770 (Apud
486 3697 736 3767 Martem,
769 3707 876 3756 vet.
909 3699 1108 3772 Script.
1141 3708 1190 3757 et
1211 3701 1356 3758 Mon.
1386 3701 1810 3776 ampl._Collect_.
1848 3709 1986 3776 tom.
2025 3703 2116 3767 VI,
2149 3719 2205 3772 p.
2229 3705 2454 3776 896,7ex
2486 3718 2590 3760 ms.
2623 3699 2978 3759 illustrissimi
3005 3699 3212 3757 domini
3245 3701 3575 3776 Chauyelin,

1454 3771 1734 3846 regiorum
1756 3772 2063 3844 sigillorum
2093 3771 2380 3846 custodis.)

1369 4039 1925 4113 OBSERVATIO
2007 4041 2386 4114 PRAEVIA.

344 4306 480 4377 Acta
505 4306 874 4363 translationis
906 4307 962 4360 S.
997 4307 1183 4361 Savini
1213 4305 1472 4377 martyris
1503 4303 1882 4377 suppeditavit
1912 4305 2168 4377 DMariae
2199 4305 2442 4370 basilica,
2489 4305 2788 4363 canonicos
2830 4305 3010 4376 posuit
3053 4311 3106 4360 et
3143 4303 3367 4377 dotavit,
3413 4301 3579 4377 variis

273 4375 432 4450 nobis
449 4377 626 4450 codex
649 4377 884 4450 antiquis
904 4377 1288 4450 illustrissimis
1308 4375 1513 4450 domini
1546 4375 1876 4450 Chauvelin,

272 4447 554 4520 regiorum
584 4447 1184 4522 sigillorumgcustodis,
1226 4449 1297 4503 ab
1341 4448 1497 4522 annis
1526 4447 1746 4522 circiter
1775 4451 1878 4503 800

273 4519 544 4575 axaratus.
568 4519 871 4587 Aiinoinus,
901 4519 1118 4574 illorum
1147 4528 1352 4588 auctor,
1393 4520 1529 4574 alter
1565 4520 1723 4574 nobis
1761 4533 1880 4577 non

273 4589 486 4644 videtur
529 4607 559 4645 a
601 4592 964 4648 celeberrimo
1005 4591 1097 4646 illo
1149 4591 1400 4646 Aimonio
1443 4590 1771 4648 Parisiensis
1819 4594 1874 4648 S.

274 4661 536 4736 Germani
576 4678 609 4736 a
635 4663 826 4736 ‘Pratis
859 4662 1175 4736 monasterii
1218 4670 1422 4736 asceta,
1495 4663 1587 4734 qui
1635 4670 1878 4736 tempore

274 4731 456 4787 Caroli
501 4733 648 4788 Calvi
695 4733 896 4788 librum
941 4733 1011 4788 de
1058 4733 1370 4788 inventione
1411 4731 1480 4788 et
1513 4731 1878 4792 _translat‘ione

275 4803 449 4858 sancti
483 4803 754 4860 Vincentii
799 4804 1012 4874 aliaque
1041 4805 1382 4874 conscripsit.
1406 4806 1476 4860 Et
1504 4813 1653 4860 certe
1684 4807 1738 4861 id
1770 4824 1879 4864 non

276 4874 512 4930 obscure
564 4875 620 4930 in
672 4874 782 4930 ﬁne
818 4875 1173 4946 praefationis,
1223 4877 1316 4930 ubi
1363 4877 1419 4931 S.
1483 4876 1666 4932 Savini
1717 4879 1878 4935 dom-

273 4947 574 5070 niqitelmci
604 4945 888 5016 Germani,
922 4945 1116 5019 inquit,
1175 4947 1480 5012 sanctitate,
1540 4949 1787 5018 adjuvari
1817 4967 1878 5006 se

273 5033 372 5070 nos
399 5034 432 5070 u
455 5032 485 5070 a
512 5059 526 5070 .

310 5024 526 5072 ostulat.

310 5034 526 5072 osmiat.

272 5034 308 5088 Ρ
344 5089 407 5142 In
437 5089 542 5144 hoc
569 5095 773 5160 autem
803 5088 1067 5160 opusculo
1111 5089 1220 5144 duo
1248 5089 1557 5160 praesertim
1587 5099 1878 5147 occurrunt

273 5159 640 5215 observanda.
676 5159 934 5226 Primum,
957 5160 1225 5216 illustrem
1246 5159 1421 5216 virum
1459 5161 1737 5218 Baidulum
1766 5163 1878 5220 cle-

274 5229 446 5302 ricum
473 5229 766 5302 palatinum
798 5231 1018 5299 Majoris
1050 5231 1364 5288 monasterii
1413 5233 1748 5289 Turonensis
1788 5235 1880 5290 ab-

275 5301 487 5366 batem,’
509 5302 656 5372 apud
686 5303 928 5357 eruditos
973 5303 1239 5358 hactenus
1283 5303 1552 5372 ignotum,
1601 5305 1656 5359 S.
1692 5305 1877 5360 Savini

273 5388 491 5448 corpus
507 5390 571 5428 ex
603 5373 898 5448 ecclesiae
942 5373 1234 5448 Wandalis
1283 5373 1412 5429 olim
1456 5374 1879 5448 dirutanuam-

273 5443 524 5516 plurimis
553 5453 696 5516 retro
725 5445 883 5516 annis
913 5446 1135 5500 omnino
1167 5445 1404 5509 deserta,
1437 5461 1502 5502 ac
1532 5443 1794 5516 vepribus
1825 5455 1876 5503 et

275 5513 449 5596 spinis
477 5515 658 5596 obsita
685 5515 970 5596 proprium
1003 5517 1346 5596 Ceresiacum
1390 5513 1660 5596 praedium
1682 5527 1875 5596 transf

272 5585 487 5654 tulisse,
539 5587 652 5654 ubi,
686 5585 972 5644 aediﬁcata
1013 5587 1070 5643 in
1119 5585 1408 5644 honorem_
1429 5589 1726 5662 genetricis
1773 5590 1876 5646 Dei

1979 4376 2259 4432 beneficiis
2302 4378 2615 4434 cumulavit.
2659 4375 2930 4441 Secundo,
2961 4377 3144 4432 locum
3188 4375 3358 4442 illum,
3391 4375 3576 4447 posita

1979 4449 2069 4520 ibi
2089 4450 2490 4504 monachorum
2519 4467 2740 4514 norma,
2765 4449 2928 4520 longe
2951 4448 3241 4503 cultionem
3263 4461 3330 4502 ac
3346 4460 3572 4520 venera-
3595 4453 3608 4462 ‘

1981 4519 2231 4574 biliorem
2259 4519 2520 4587 evasisse,
2548 4521 2748 4592 quippe
2769 4517 2965 4576 domus
2981 4520 3166 4574 omnis
3187 4533 3318 4574 cum
3329 4517 3575 4592 ecclesia

1979 4592 2244 4664 nobiliori
2261 4595 2430 4664 atque
2441 4609 2533 4647 am
2537 4587 2714 4664 ρἰἰὸνῖὶ
2729 4593 3014 4664 scnemate
3027 4587 3386 4664 consurrexit.
3409 4587 3470 4641 Id
3489 4602 3578 4640 au-

1979 4661 2225 4717 ctoritate
2265 4658 2422 4717 simul
2457 4679 2520 4718 ac
2537 4658 2745 4733 pietate
2789 4660 2965 4716 Caroli
2996 4659 3179 4733 Magni
3219 4658 3424 4733 factum
3458 4664 3572 4711 tra-

1978 4733 2130 4800 dunt,
2165 4733 2255 4804 qui
2293 4729 2864 4804 monasteriuinregia
2892 4729 3303 4804 magniﬁcentia
3332 4735 3575 4804 copstru-

1979 4799 2124 4859 ctum
2149 4799 2502 4860 réstauratori
2526 4803 2732 4860 ordinis
2762 4799 3048 4858 monastici
3076 4802 3133 4856 in
3167 4799 3345 4856 Gallia
3389 4801 3570 4855 Bene-

1935 4904 1940 4908 -
1979 4875 2127 4930 dicto
2171 4876 2481 4953 Anianensi
2499 4875 2685 4931 abbati
2735 4874 3039 4953 regendum
3085 4870 3405 4953 commissi},
3452 4870 3568 4953 ubi,

1977 4956 2310 5020 congregata
2343 4948 2577 5020 maxima
2609 4942 3004 5020 monachorum
3063 4951 3299 5020 caterva,
3335 4942 3571 4998 Benedi-

1977 5015 2116 5072 ctina
2148 5015 2344 5085 religio
2373 5018 2443 5072 ita
2466 5018 2663 5085 ﬂoruit,
2699 5025 2758 5072 ut
2789 5017 2860 5072 ad
2887 5015 3064 5072 varias
3094 5015 3220 5085 inde
3265 5028 3572 5085 congrega-

1978 5037 2116 5072 cuna
2148 5037 2248 5074 reu
2292 5037 2344 5074 ιο
2373 5037 2443 5072 ua
2466 5037 2663 5085 noruu,
2699 5037 2758 5072 ιιι
2789 5037 2860 5072 an
2887 5037 3064 5072 varias
3094 5037 3220 5070 mue
3265 5037 3368 5070 cun
3413 5037 3568 5085 rega-

1978 5089 2137 5144 tionis
2188 5037 2494 5145 sugsecutis
2542 5089 2878 5159 temporibus
2925 5085 3126 5141 diffusa
3172 5037 3568 5159 fueritilxs.

1979 5160 2164 5217 Savini
2194 5162 2392 5233 quippe
2441 5157 2774 5233 monasterio
2815 5159 2883 5213 ad
2919 5157 3335 5233 restaurandam
3369 5157 3426 5210 in
3468 5158 3572 5210 Au-

1975 5227 2372 5304 gustoduhensi
2427 5233 2482 5288 S.
2516 5231 2728 5304 Martini
2766 5229 3012 5304 coenobio
3053 5227 3399 5304 disciplinam
3445 5242 3570 5282 cum

1977 5299 2166 5359 sancto
2196 5305 2426 5376 Hugone
2454 5312 2513 5376 et
2527 5301 2768 5358 sedecim
2797 5300 2918 5376 aliis
2947 5299 3232 5376 monachis
3259 5305 3570 5376 assumptus

1977 5383 2059 5430 est
2087 5367 2359 5429 maximus
2389 5375 2480 5430 ille
2500 5375 2697 5439 Berno,
2725 5373 2818 5444 qui
2847 5379 3038 5444 postea
3066 5367 3568 5444 Gignacensi,_l_3al-

1975 5447 2151 5500 mensi
2194 5461 2258 5502 ac
2305 5447 2522 5501 demum
2561 5437 2902 5499 Cluniacensi
2941 5437 3354 5516 congregationi
3397 5437 3568 5493 abbas

1975 5516 2432 5593 prmfuiL2Aidque
2457 5523 2672 5588 petente
2693 5531 2784 5593 __ac
2832 5510 3569 5593 procurante'Badilone‘co-

1975 5580 2125 5654 inite,
2158 5580 2728 5644 Eduensis‘asceterii
2770 5580 3186 5650 restauratione,
3233 5581 3386 5653 cujus
3413 5580 3566 5648 olim,
