4086 6314
504 263 634 325 1051

1586 254 1934 320 AIMOINUS
1978 251 2366 311 MONACHUS
2421 253 2880 312 SANGERMAN.

3683 257 3821 314 1052

501 393 560 442 ut
590 385 926 456 conjicimus,
959 385 1220 442 Baidulus
1249 383 1612 456 propinquus,
1653 382 1712 437 S.
1760 380 1945 437 Savini
1975 379 2105 435 bisi-
2127 376 2184 437 A
2213 355 2403 456 ctenu_s
2433 379 2594 456 h_ujus
2623 359 2888 456 iccgnobii
2939 378 3209 456 indicibus
3255 378 3548 456 ensulavit,
3614 379 3820 456 quique

504 456 668 512 licam
696 455 1074 514 construxerat
1099 473 1164 512 ac
1194 455 1498 510 dotaverat’.

576 529 750 583 Porro
779 529 897 584 hac
924 531 1058 584 Acta
1079 526 1404 594 conscripsit
1447 523 1730 580 Aimoinus
1774 523 1844 578 ad
1871 521 2096 594 petitio-

505 614 632 654 nem
663 599 920 656 Hucberti
950 599 1166 655 abbatis
1196 599 1252 654 S.
1287 593 1491 664 Savini,
1526 595 1618 668 qui
1671 611 1703 650 a
1743 593 1976 666 vulgatis
2009 595 2107 647 ha-

2213 459 2336 522 post
2366 451 2653 506 Dodonem
2691 450 2967 522 Benedicti
3020 450 3348 522 Anianensis
3397 449 3749 522 discipulum
3768 459 3820 508 et

2210 521 2590 578 successorem
2616 521 2972 578 collocandus
3001 521 3232 578 videtur.

1640 889 1988 960 AIMOINI
2075 886 2578 959 PREFATIO.

2003 1041 2295 1067 -Δ

583 1139 633 1190 ί.
648 1134 790 1191 Vere
810 1147 903 1190 cre
915 1131 1145 1188 diderim
1167 1131 1273 1186 hoc
1291 1137 1404 1184 tam
1429 1144 1656 1200 parvum
1674 1143 1839 1201 quam
1855 1144 2120 1202 magnum

504 1223 666 1292 hujus
716 1221 992 1294 sequentis
1050 1219 1233 1291 operis
1291 1226 1692 1274 sacramentum
1753 1217 1886 1272 mihi
1935 1217 2120 1272 divina

508 1311 792 1384 sanctique
821 1309 1006 1366 Savini
1043 1307 1304 1380 praecipui
1347 1307 1502 1362 testis
1533 1307 1730 1362 Christi
1757 1305 2116 1362 miseratione

507 1401 767 1456 donatum
799 1417 813 1454 :
842 1413 1072 1470 parvum
1119 1397 1244 1453 dico
1285 1395 1586 1468 quantitate
1633 1394 1948 1466 voluminis,
1994 1411 2110 1450 ma-

506 1503 676 1562 gnum
705 1503 833 1544 vero
878 1486 1185 1542 reverentia
1212 1484 1487 1558 martyris.
1520 1485 1660 1540 Nam
1689 1491 1742 1539 et
1772 1484 1903 1539 talia
1932 1500 2002 1540 ne
2029 1484 2115 1540 le-

508 1578 752 1651 gentium
814 1575 1230 1646 auditorumque
1309 1573 1561 1630 sensibus
1605 1572 1930 1628 fastidienda
1987 1572 2112 1640 sint,

507 1664 699 1738 paucis
740 1671 957 1736 Oportet
998 1662 1288 1719 innotesci.
1329 1663 1398 1716 Et
1444 1661 1668 1728 utinam,
1720 1661 1846 1716 licet
1875 1661 2116 1716 immeri-

505 1762 593 1812 tus
621 1753 928 1829 presbyter,
961 1753 1010 1808 is
1047 1751 1170 1808 talis
1211 1751 1478 1818 inveniar,
1513 1751 1606 1826 qui
1653 1759 1705 1807 et
1735 1759 1926 1808 sancto
1955 1750 2112 1807 defe-

2217 1148 2355 1202 ram,
2388 1131 2670 1204 ipsiusque
2711 1132 3085 1204 amplexandas
3127 1135 3561 1210 congregationi,
3605 1151 3828 1192 memo-

2217 1221 2390 1278 rando
2419 1221 2670 1278 videlicet
2699 1222 2814 1291 ejus
2843 1223 3078 1279 coenobii
3106 1224 3384 1280 Hucberto
3411 1225 3614 1290 abbati,
3647 1233 3706 1281 et
3728 1225 3829 1280 sub

2218 1325 2284 1366 eo
2313 1309 2402 1381 pie
2433 1309 2678 1366 colendis
2720 1311 2986 1378 Patribus,
3031 1311 3234 1384 aliquid
3280 1329 3407 1368 eum
3433 1314 3637 1369 honore
3673 1312 3828 1368 futu-

2216 1414 2339 1452 rum
2393 1398 2713 1470 relinquam,
2770 1407 2936 1470 utque
2985 1400 3053 1477 ad
3100 1400 3276 1456 sancti
3313 1401 3568 1473 martyris
3608 1401 3831 1457 laudem

2219 1494 2566 1551 vestramque
2601 1487 2993 1556 jucunditatem
3037 1487 3156 1544 ﬁeri
3184 1489 3378 1559 possit,
3408 1489 3570 1559 illius,
3603 1490 3828 1546 domui-

2218 1591 2324 1646 que
2353 1576 2462 1630 mei
2491 1576 2750 1631 Germani
2801 1577 3104 1642 sanctitate,
3157 1586 3564 1650 vestrarumque
3610 1580 3825 1636 oratio-

2215 1679 2346 1718 num
2377 1664 2661 1730 solamine,
2695 1665 2796 1720 Dei
2835 1665 3114 1738 sanctique
3158 1665 3344 1722 Savini
3373 1666 3531 1722 amici
3565 1683 3652 1722 me
3682 1684 3822 1740 sup-

2213 1752 2338 1824 plex
2366 1751 2600 1825 imploro
2613 1753 2810 1823 juvari.

1648 2021 1987 2092 INCIPIT
2067 2020 2670 2097 TRANSLATIO.

575 2218 629 2272 2.
653 2213 737 2269 Ea
766 2227 896 2269 sane
927 2217 1249 2283 tempestate
1265 2224 1373 2282 qua
1389 2182 1788 2265 Wandalorum
1807 2209 2108 2280 populatio,
2134 2213 2188 2274 B
2219 2211 2311 2284 qui
2342 2221 2626 2280 noverant,
2676 2215 3048 2286 ignorabatur.
3079 2217 3204 2272 Non
3231 2223 3410 2271 tamen
3456 2215 3703 2281 deerant,
3737 2213 3832 2284 qui

505 2311 565 2361 ut
593 2319 768 2375 usque
796 2317 940 2357 nunc
969 2317 1036 2356 ex
1064 2299 1381 2371 antiquitate
1411 2297 1660 2367 refertur,
1693 2298 1746 2352 in
1777 2298 1986 2354 vicinas
2015 2316 2116 2354 ex-

505 2400 762 2464 terasque
807 2391 972 2464 longe
1025 2390 1241 2461 lateque
1272 2388 1530 2444 saeviebat
1578 2387 1846 2454 nationes,
1881 2387 2121 2443 ecclesia

507 2499 630 2555 quae
657 2481 896 2552 desuper
928 2495 1128 2550 corpus
1150 2485 1265 2534 erat
1312 2477 1612 2532 beatissimi
1639 2476 1894 2548 martyris
1923 2475 2123 2532 Christi

509 2569 714 2636 Savini,
747 2570 940 2635 diruta,
973 2568 1199 2639 ipseque
1229 2567 1382 2621 locus
1427 2566 1501 2620 ita
1549 2564 1876 2620 desolationi
1907 2565 2121 2619 habita-

507 2667 688 2714 torum
719 2657 964 2714 absentia
997 2656 1220 2710 traditus
1269 2663 1370 2721 est,
1413 2661 1468 2708 ut
1509 2653 1678 2709 eremi
1724 2654 1972 2710 vastitate
2020 2653 2123 2708 ob-

508 2747 665 2817 situs,
696 2763 794 2818 per
820 2747 1048 2800 multum
1079 2743 1444 2798 inhabitabilis
1469 2743 1818 2798 desereretur
1851 2757 2119 2798 annorum

509 2851 750 2892 cursum.
797 2833 955 2904 Quod
995 2833 1113 2888 etsi
1147 2832 1506 2904 aliqui,pauci
1527 2831 1802 2898 duntaxat,
1821 2831 2124 2888 restiterant

509 2924 673 2982 vicini
697 2923 909 2987 incolas,
945 2930 997 2978 et
1049 2937 1276 2994 quorum
1309 2936 1499 2974 manus
1521 2920 1588 2974 ad
1620 2919 1723 2974 hoc
1753 2919 2118 2990 reparandum

512 3013 737 3070 minime
766 3010 1092 3067 sufﬁcerent.
1117 3011 1352 3080 Tempus
1373 3024 1610 3080 namque
1641 3006 1924 3078 profusum
1953 3015 2126 3062 trans-

506 3101 589 3164 iit.
636 3103 734 3157 sed
778 3116 888 3156 non
931 3099 1197 3154 memoria
1243 3097 1412 3152 oblita
1454 3104 1537 3152 est
1566 3097 1672 3152 loci
1704 3114 1717 3151 :
1752 3097 1841 3168 qui
1871 3097 1996 3152 licet
2025 3096 2114 3150 in-

507 3191 706 3257 cultus,
741 3189 1042 3260 priscorum
1061 3195 1244 3242 tamen
1271 3187 1591 3242 volvebatur
1610 3201 1708 3256 per
1721 3201 1785 3240 or
1802 3201 1832 3238 a
1854 3193 2122 3253 sacratus,

511 3278 763 3350 beatique
792 3275 979 3332 Savini
1007 3275 1226 3346 corpori
1244 3274 1606 3330 scientissime
1624 3274 1923 3329 dedicatus.
1959 3273 2120 3328 Cum-

509 3383 615 3440 que
635 3365 904 3437 longioris
933 3365 1037 3420 eevi
1066 3363 1284 3420 deﬂuxo
1307 3363 1421 3432 jam
1453 3362 1649 3432 spatio,
1683 3361 2044 3432 Omnipotens
2071 3372 2126 3418 et

509 3456 689 3512 locum
731 3453 1044 3518 restaurari,
1075 3461 1128 3506 et
1161 3459 1402 3506 sanctum
1433 3449 1774 3505 manifestius
1805 3450 1974 3506 recoli
2005 3450 2125 3504 dis-

506 3543 798 3616 posuisset,
830 3541 1106 3614 quomodo
1137 3539 1394 3596 acciderit
1425 3547 1641 3611 gratum
1673 3539 1727 3593 in
1747 3539 1899 3595 brevi
1937 3538 2124 3594 dicere

507 3631 626 3689 fuit.

579 3725 630 3776 3.
662 3721 796 3776 Cum
824 3719 988 3790 igitur
1018 3718 1293 3790 quoddam
1323 3733 1492 3788 pecus
1512 3717 1798 3786 cujusdam
1818 3715 2000 3772 coloni
2020 3717 2114 3772 ho-

507 3809 670 3864 minis
717 3808 1010 3880 aliquando
1063 3807 1341 3862 aberasset
1371 3822 1402 3860 a
1433 3822 1624 3878 grege,
1653 3805 1765 3870 ille,
1817 3805 2036 3860 animali
2066 3805 2120 3859 in

507 3897 858 3970 pascualibus
889 3911 998 3951 non
1025 3895 1265 3960 invento,
1308 3894 1599 3949 remotiora
1631 3893 1906 3958 silvarum,
1941 3893 2008 3948 de
2033 3910 2122 3964 pe-

509 4001 640 4044 core
677 3986 1020 4056 desperatus,
1053 4000 1316 4057 agressus
1345 3990 1426 4038 est
1458 3983 1598 4052 loca,
1653 3991 1979 4054 repertoque
2019 3998 2119 4038 ex-

501 4084 585 4132 tra
629 4075 848 4148 pecoris
894 4073 1146 4147 vestigio,
1200 4073 1363 4145 coepit
1416 4073 1573 4145 sequi
1619 4072 1796 4128 donec
1837 4071 2120 4142 spinarum

505 4165 878 4237 ruborumque
933 4163 1223 4235 asperitate
1288 4162 1504 4234 longius
1566 4168 1850 4216 arceretur
1912 4160 1982 4214 ab
2029 4159 2107 4214 in-

504 4262 702 4326 ccnpto.
735 4253 845 4309 Sed
873 4253 1020 4325 quod
1051 4260 1134 4308 est
1162 4267 1264 4322 pro
1288 4249 1518 4322 perditis
1549 4249 1879 4305 rusticorum
1908 4265 2118 4326 paupe-

505 4323 644 4410 rum,
695 4323 935 4398 laborem
977 4339 1226 4414 quamvis
1256 4355 1483 4410 gravem
1512 4337 1762 4394 evincere
1795 4323 2116 4409 persistens,

477 4431 650 4489 'ferro
708 4431 955 4502 veprium
999 4429 1350 4500 omniumque
1383 4426 1634 4498 stirpium
1663 4427 1766 4481 sibi
1796 4426 2110 4482 nocentium

505 4522 728 4579 dextera
771 4520 1013 4591 laevaque
1053 4516 1437 4588 impedimenta
1493 4515 1801 4584 succidens,
1836 4516 1906 4570 ad
1936 4515 2117 4570 locum

501 4611 723 4666 tandem
767 4608 846 4664 sic
886 4607 1162 4663 desudans
1195 4604 1458 4677 prorupit,
1509 4604 1564 4658 in
1611 4620 1718 4675 quo
1767 4605 2118 4675 quadrupede

503 4699 650 4772 quod
683 4697 954 4770 quaerebat
971 4694 1177 4765 jacenti
1209 4701 1525 4764 conspecto,
1551 4693 1804 4758 accessit,
1830 4709 1952 4747 eum
1977 4709 2122 4747 com-

507 4803 755 4852 movens,
787 4786 885 4842 sed
911 4800 1083 4857 pecus
1113 4783 1222 4838 ullo
1265 4783 1428 4837 modo
1479 4797 1538 4836 se
1574 4781 1756 4836 levare
1787 4797 1898 4836 non
1924 4781 2114 4852 potuit.

504 4871 773 4927 Obruerat
801 4870 946 4925 enim
993 4868 1206 4923 intrans
1234 4867 1479 4936 ejusdem
1505 4866 1635 4922 olim
1669 4865 1909 4922 basilica
1939 4875 2112 4936 septa,

2235 2318 2270 2357 a
2297 2301 2606 2358 videntibus
2652 2303 2892 2375 priorem
2940 2306 3185 2376 ejusdem
3226 2305 3467 2360 basilicae
3513 2311 3735 2364 statum,
3771 2317 3836 2357 ea

2234 2407 2354 2462 quae
2383 2399 2512 2448 tunc
2559 2393 2712 2464 quasi
2757 2409 2898 2450 nova
2935 2395 3280 2464 dicebantur,
3312 2410 3372 2450 se
3397 2401 3559 2449 antea
3584 2391 3835 2450 crebrius

2232 2480 2447 2535 audisse
2468 2481 2770 2536 certissime
2803 2481 3118 2538 faterentur.

2305 2572 2354 2624 5.
2405 2571 2620 2624 Interea
2667 2570 2888 2642 quidam
2933 2572 3238 2644 presbyter,
3284 2571 3502 2626 nomine
3531 2585 3596 2626 ac
3635 2569 3835 2626 merito

2231 2657 2472 2723 BonitUS,
2507 2658 2591 2713 his
2623 2659 2903 2732 diligentia
2933 2661 3170 2729 attentis,
3203 2660 3393 2715 institit
3419 2659 3602 2714 divino
3637 2658 3839 2714 sancti-

2233 2762 2339 2816 que
2367 2747 2619 2818 martyris
2664 2765 2854 2804 amore
2896 2751 3212 2815 conductus,
3264 2749 3554 2805 ecclesiam
3595 2747 3838 2820 martyrii

2232 2843 2632 2902 reconstruere,
2694 2837 2986 2909 locumque
3017 2847 3073 2892 ut
3103 2846 3185 2894 est
3212 2839 3374 2893 hodie
3401 2836 3718 2892 habitationi
3745 2852 3834 2892 re-

2232 2932 2459 2978 struere.
2495 2924 2652 2994 Quod
2682 2933 2860 2981 autem
2893 2926 3030 2980 inter
3059 2933 3258 2982 caetera
3285 2943 3451 2981 unum
3495 2925 3698 2982 ibidem
3726 2925 3834 2980 mi-

2229 3011 2471 3066 raculum
2501 3028 2534 3067 a
2582 3014 2828 3069 Bonimio
2870 3015 3154 3070 sacerdote
3197 3015 3368 3085 ipsius
3409 3013 3584 3069 Boniti
3631 3021 3832 3084 nepote

2233 3101 2610 3170 comperimus,
2645 3102 2918 3158 sufﬁciens
2949 3103 3018 3158 ad
3040 3104 3094 3158 id
3108 3104 3254 3175 quod
3282 3103 3461 3176 agitur
3480 3103 3832 3173 interponere

2223 3189 2608 3258 judicavimus.
2642 3192 2831 3246 Aiebat
2879 3193 3024 3246 enim
3067 3191 3204 3246 inter
3243 3193 3360 3247 haec
3387 3209 3508 3264 quae
3537 3193 3606 3246 ab
3635 3191 3828 3246 eodem

2229 3293 2330 3332 suo
2377 3279 2645 3334 avunculo
2685 3280 2876 3335 referri
2923 3281 2991 3336 de
3040 3289 3229 3336 sancto
3277 3279 3476 3350 saepius
3522 3280 3824 3344 asserebat,

2229 3367 2382 3437 quasi
2411 3367 2574 3422 modo
2600 3368 2745 3424 idem
2788 3369 3009 3424 Bonitus
3041 3385 3240 3440 equum
3271 3369 3374 3424 sibi
3407 3369 3688 3440 quondam
3717 3366 3833 3422 fur-

2227 3455 2324 3509 tim
2366 3457 2698 3512 subtractum
2743 3457 3174 3528 interpellatione
3224 3457 3410 3513 domui
3461 3457 3642 3513 Savini
3673 3472 3833 3512 recu-

2144 3572 2194 3635 C
2227 3559 2421 3635 perare
2450 3546 2731 3600 meruerit.
2763 3548 2921 3618 Equo
2951 3545 3221 3618 siquidem
3251 3545 3483 3616 perdito,
3517 3545 3650 3617 quid
3679 3544 3832 3600 face-

2220 3642 2320 3699 ret,
2355 3633 2570 3689 frenum
2609 3651 2826 3691 necnon
2873 3642 2926 3690 et
2971 3635 3164 3690 sellam
3218 3634 3447 3704 accepit,
3501 3641 3668 3706 atque
3713 3641 3833 3690 ante

2217 3723 2391 3778 sancti
2421 3723 2687 3778 tumulum
2711 3724 2791 3779 sic
2811 3723 3164 3794 increpitans,
3186 3739 3534 3794 maerensque
3551 3722 3780 3793 projecit
3810 3739 3822 3776 :

2218 3813 2312 3875 Te,
2364 3811 2553 3882 inquit,
2598 3821 2784 3866 sancte
2827 3821 3054 3882 martyr,
3119 3812 3288 3868 cultui
3342 3827 3440 3866 seu
3488 3811 3829 3870 venerationi

2219 3899 2456 3956 ecclesia
2483 3900 2578 3954 tibi
2609 3900 2830 3966 refecta,
2862 3917 2964 3972 pro
3013 3916 3180 3971 parvo
3209 3899 3417 3972 possim
3448 3908 3501 3955 et
3532 3899 3829 3955 laborando

2219 3987 2524 4055 restituere,
2575 3997 2649 4056 tu,
2693 3990 2830 4060 proh
2861 3989 3032 4056 nefas,
3063 4005 3264 4061 equum
3296 3989 3430 4043 mihi
3459 3988 3568 4042 tuis
3597 3988 3825 4054 meritis,

2219 4085 2277 4132 ut
2305 4085 2550 4148 poteras,
2581 4093 2692 4134 non
2740 4077 3046 4134 custodisti.
3095 4078 3364 4150 Equidem
3424 4077 3610 4132 servio
3654 4077 3830 4134 eccle-

2221 4165 2380 4232 siam,
2430 4182 2560 4220 num
2606 4167 2821 4236 patior?
2869 4165 3028 4234 Quod
3068 4165 3116 4220 si
3153 4173 3357 4221 rectum
3407 4165 3642 4232 videtur,
3689 4167 3830 4220 Deus

2219 4255 2518 4321 discernat,
2551 4263 2717 4327 tuque
2745 4256 3042 4327 perpende,
3076 4255 3316 4326 mihique
3346 4271 3545 4327 equum
3573 4255 3822 4310 restitue.

2220 4343 2347 4398 Haec
2391 4351 2446 4399 et
2493 4343 2654 4414 plura
2704 4351 2995 4415 postquam
3037 4343 3118 4399 sic
3161 4343 3326 4398 veluti
3364 4345 3511 4413 juste
3541 4343 3830 4415 querelans

2217 4431 2414 4501 intulit,
2458 4447 2710 4488 reversus
2739 4433 2806 4487 ad
2836 4433 3078 4500 domum,
3111 4440 3270 4489 nocte
3292 4431 3826 4504 superincumbente,

2218 4521 2432 4592 placido
2481 4537 2540 4575 se
2589 4521 2772 4592 sopori
2817 4521 3060 4587 donavit,
3091 4520 3291 4576 deinde
3331 4520 3464 4592 galli
3487 4536 3624 4576 voce
3653 4517 3825 4575 somni

2221 4620 2501 4682 torporem
2547 4608 2794 4682 linquere
2836 4609 3107 4664 monentis
3137 4609 3425 4682 evigilans,
3458 4607 3694 4665 oﬂicium
3723 4622 3824 4664 no-

2220 4699 2460 4756 cturnale
2507 4706 2669 4770 atque
2717 4697 3030 4752 matutinale
3097 4705 3223 4754 ante
3285 4698 3458 4754 sancti
3519 4697 3825 4769 sepulcrum

2219 4795 2534 4844 reverenter
2581 4787 2740 4843 solito
2787 4787 3103 4858 complevit.
3160 4787 3280 4856 Quo
3327 4795 3568 4858 peracto,
3610 4787 3739 4844 dum
3766 4802 3824 4840 se

2217 4877 2286 4932 ab
2315 4877 2549 4934 ecclesia
2593 4877 2779 4932 domui
2827 4877 3104 4942 redderet,
3157 4893 3330 4950 equus
3375 4893 3551 4948 nuper
3596 4875 3820 4940 furatus,

505 4958 683 5014 taliter
943 4957 1155 5027 jacens,
1212 4963 1479 5029 quatenus
1507 4955 1759 5010 omnibus
1784 4963 2114 5010 contractum
2143 4938 2196 4998 D
2217 4967 2368 5022 nullo
2398 4983 2456 5022 se
2485 4973 2732 5040 regente,
2767 4981 2893 5021 mox
2924 4966 2980 5020 in
3011 4965 3148 5022 facie
3178 4938 3380 5037 pit-gesto
3419 4938 3535 5032 fil“,
3589 4963 3824 5021 domini-

505 5046 784 5114 membris,
819 5063 921 5104 nec
951 5061 1264 5119 assurgere,
1298 5061 1399 5101 nec
1431 5045 1690 5101 incedere
1718 5045 1936 5116 penitus
1967 5044 2118 5100 valc-

2215 5074 2322 5128 que
2370 5056 2718 5128 praesepium,
2765 5063 2950 5126 utpote
2997 5063 3184 5110 notum
3231 5063 3504 5126 repetens,
3557 5053 3824 5110 stabulum

505 5145 604 5192 ret.
636 5135 878 5192 Brachiis
908 5143 1088 5191 tamen
1117 5135 1251 5190 illud
1280 5134 1591 5205 impositum
1623 5133 1857 5206 portavit
1880 5133 1974 5189 .ad
2010 5134 2113 5190 do-
2213 5159 2378 5200 cursu
2406 5145 2715 5218 ingreditur
2747 5163 2761 5199 ε
2795 5143 2941 5216 quod
2972 5143 3262 5216 presbyter
3291 5160 3546 5210 cernens,
3595 5143 3821 5200 Domino

505 5241 674 5293 mum,
708 5223 898 5280 vicinis
928 5233 1082 5298 gesta
1113 5223 1381 5295 replicans
1413 5224 1683 5280 universa.

573 5317 627 5371 4.
673 5313 965 5370 Crescebat
1010 5313 1190 5386 itaque
1234 5313 1544 5382 hujusmodi
1589 5311 1828 5368 narratio
1874 5328 1972 5383 per
1991 5311 2111 5368 dies

503 5411 666 5478 atque
713 5403 1038 5458 dilatabatur
1070 5403 1296 5473 prolixe.
1350 5403 1597 5458 Manebat
1641 5401 1863 5474 quidem
1894 5401 1964 5456 de
1995 5417 2125 5456 san-

504 5500 614 5560 cto,
665 5501 718 5549 et
760 5492 876 5562 ejus
923 5491 1157 5548 ecclesia
1185 5492 1373 5548 vivens
1402 5492 1601 5556 adhuc,
1636 5499 1695 5546 ut
1724 5489 2122 5562 praemisimus,

509 5580 658 5644 fama
690 5600 704 5637 :
734 5582 834 5640 sed
863 5590 1092 5642 eatenus
1143 5597 1250 5655 quo
1293 5579 1456 5637 fuerit
1501 5580 1555 5636 in
1587 5581 1729 5652 loco,
1761 5579 1990 5636 mortuis
2013 5580 2124 5650 jam

2215 5243 2513 5306 sanctoque
2560 5235 2678 5304 ejus
2726 5233 2950 5304 martyri
3002 5233 3200 5288 Savino
3254 5241 3438 5306 grates
3485 5232 3815 5303 rependens,

2223 5324 2606 5379 studiosiorem
2637 5339 2697 5380 se
2727 5323 2986 5395 deinceps
3016 5323 3163 5380 circa
3186 5321 3288 5378 Del
3329 5322 3578 5394 martyris
3624 5321 3818 5377 cultum

2225 5407 2485 5463 exhibuit.

2297 5501 2348 5552 6.
2380 5497 2513 5552 Erat
2541 5497 2777 5568 denique
2824 5496 2909 5552 vir
2937 5495 3194 5568 prosapia
3224 5495 3424 5562 clarus,
3458 5494 3622 5550 rebus
3650 5491 3810 5564 incly-

2226 5595 2332 5644 tus.
2367 5585 2606 5643 Baidilus
2657 5586 2889 5642 clericus
2929 5586 3194 5659 palatinus
3223 5585 3370 5640 abba
3393 5583 3609 5654 Majoris
3636 5596 3818 5638 mona-
