4086 6328
325 299 466 355 1053

1352 293 1473 356 .DE
1508 295 1894 358 TRANSLAT.
1938 296 1996 354 S.
2054 297 2290 355 SAVINI
2345 299 2556 358 MART.

3494 303 3622 359 ιυδι

321 422 471 479 sterii
493 424 848 492 Turonensis,
880 424 1226 482 hereditaria
1269 423 1474 482 ibidem
1523 425 1676 495 juxta
1704 423 1760 478 in
1789 423 1922 480 villa
1951 422 2003 486 A
2021 430 2311 497 antequam
2339 425 2564 480 domum
2589 425 2949 498 pervenisset,
2997 427 3192 484 ducilis
3225 441 3262 484 a
3287 427 3456 486 fundo
3484 427 3617 484 kar-

319 521 670 585 nuncupante
712 514 944 580 Cerisio,
997 515 1118 584 jure
1172 514 1587 586 pmpinquitatis
1627 513 1920 586 possidens

317 601 523 672 predia
555 618 569 658 :
605 603 696 676 qui
726 603 1036 672 hujusmodi
1057 604 1188 658 dum
1217 603 1549 669 advenisset,
1580 602 1781 675 agnitis
1824 617 1922 658 ne-

321 689 508 762 gotiis,
529 691 714 763 incipit
744 693 1000 763 prudenti
1029 692 1213 748 animo
1241 691 1426 747 audita
1454 690 1721 761 meditari,
1755 699 1920 763 atque

321 777 367 832 si
405 778 582 835 taliter
619 796 742 836 esse
770 781 991 852 vulgata
1037 787 1261 852 possent
1311 780 1500 852 sagaci
1525 779 1920 852 perquisitione

317 866 596 934 scrutari;
637 885 870 940 cumque
925 885 989 924 ex
1076 868 1428 940 praesentium
1483 876 1537 924 et
1574 868 1920 940 antiquorum

324 955 606 1023 relatione,
639 956 864 1029 insuper
892 965 944 1013 et
973 957 1363 1014 miraculorum
1417 957 1784 1024 attestatione,
1831 956 1921 1012 id-

322 1058 428 1114 que
455 1043 614 1100 etiam
642 1045 764 1101 loco
794 1047 1085 1116 pandente,
1121 1062 1236 1102 rem
1283 1045 1622 1102 verissimam
1654 1060 1780 1100 esse
1810 1043 1925 1100 col-

317 1130 559 1204 legisset,
593 1133 878 1189 conatibus
893 1134 996 1205 piis
1027 1134 1341 1206 sedulisque
1399 1133 1684 1200 anhelare,
1731 1149 1840 1206 quo
1869 1141 1924 1188 et

315 1219 424 1275 sibi
451 1236 518 1276 ex
547 1221 721 1277 sancti
749 1223 997 1293 martyris
1026 1230 1176 1294 parte
1205 1223 1424 1278 cederet
1481 1223 1676 1294 gratia,
1711 1230 1766 1276 et
1785 1237 1909 1276 san-

317 1315 406 1364 cto
435 1310 660 1382 martyri
692 1327 759 1366 ex
793 1327 1012 1366 suarum
1042 1311 1293 1381 portione
1341 1327 1524 1366 rerum
1547 1309 1922 1381 ampliﬁcare-

319 1404 410 1452 tur
439 1396 696 1471 dignitas.
731 1399 877 1467 Quid
895 1399 1162 1470 inquam?
1192 1401 1252 1454 In
1284 1399 1476 1454 eodem
1515 1398 1740 1470 predio,
1777 1401 1923 1470 quod

323 1501 436 1541 non
473 1494 631 1541 antea
659 1487 878 1542 molitus
907 1485 1102 1554 fuerat,
1140 1487 1196 1542 in
1223 1488 1432 1543 honore
1463 1487 1704 1560 Virginis
1731 1489 1924 1542 matris

327 1575 550 1640 Christi,
582 1575 840 1630 divinitus
883 1576 1082 1630 ardens
1131 1575 1341 1644 condis,
1401 1583 1688 1648 sacratque
1731 1575 1923 1630 basili-

328 1677 470 1730 cam,
503 1662 865 1718 habitationes
897 1663 1042 1730 facit,
1075 1664 1306 1720 clericos
1335 1664 1585 1734 imponit,
1618 1663 1922 1719 necessaria

323 1759 516 1808 cuncta
573 1759 816 1820 exornat,
878 1752 1097 1807 demum
1135 1769 1268 1808 vero
1324 1753 1392 1807 ad
1432 1751 1602 1808 sancti
1661 1752 1923 1807 tumulum

327 1855 454 1897 cum
479 1839 696 1908 ﬁducia,
735 1840 1022 1914 omnisque
1068 1841 1320 1913 obsequii
1363 1841 1647 1912 diligentia
1694 1841 1924 1912 supplex

325 1929 615 1996 accedens,
643 1928 931 1984 celebratis
961 1929 1153 1986 ofﬁciis
1182 1929 1586 2001 missarumque
1620 1929 1919 1998 solemniis,

323 2017 500 2074 Deum
528 2024 888 2091 sanctumque
915 2019 1198 2088 postulans
1229 2026 1542 2090 martyrem,
1579 2026 1636 2073 ut
1663 2017 1743 2072 illi
1773 2019 1922 2090 quod

323 2105 477 2162 nisus
533 2105 710 2162 fuerat
739 2106 1041 2162 concedere
1107 2106 1392 2178 perﬁcere,
1443 2115 1653 2162 tantum
1707 2115 1923 2178 tamque

325 2195 609 2266 capiosum
637 2195 836 2268 pignus
855 2211 885 2249 a
905 2195 1027 2252 loco
1055 2195 1112 2250 in
1139 2212 1248 2268 quo
1288 2197 1506 2266 jacebat
1535 2211 1661 2252 cum
1690 2204 1922 2252 tremore

327 2283 570 2354 psallens
601 2283 915 2354 assumpsit.
948 2284 1065 2338 Ibat
1098 2300 1234 2356 ergo
1261 2283 1463 2340 feretro
1523 2285 1772 2356 corporis
1803 2301 1924 2355 sup-

323 2371 524 2443 posito,
565 2372 867 2444 gaudenter
914 2373 1212 2439 exsultans,
1267 2373 1414 2427 nulla
1466 2372 1568 2427 sibi
1633 2373 1686 2426 in
1735 2380 1922 2428 sancto

325 2475 494 2532 opere
523 2459 850 2532 impediente
879 2460 1211 2527 difﬁcultate,
1247 2477 1531 2533 quousque
1561 2461 1632 2516 ad
1661 2477 1923 2518 reveren-

325 2549 454 2606 dam
481 2549 710 2622 egregio
766 2551 988 2622 martyri
1043 2565 1208 2622 quam
1272 2559 1559 2620 paraverat
1612 2551 1923 2621 perveniret

325 2654 518 2694 urnam
549 2657 564 2704 ;
595 2637 650 2692 in
681 2654 790 2710 quo
845 2638 1164 2710 pretiosum,
1225 2639 1430 2712 gratias
1467 2655 1640 2711 agens
1685 2639 1918 2704 divinas,

325 2741 528 2798 corpus
573 2727 804 2782 honeste
836 2728 1166 2794 recondens,
1219 2728 1402 2782 dotem
1429 2727 1680 2784 ecclesiae
1709 2727 1924 2799 ipsique

323 2815 567 2888 martyri,
601 2823 880 2887 totumque
934 2817 1201 2887 praedium
1256 2815 1625 2888 familiamque
1676 2815 1918 2872 donavit.

323 2905 508 2976 Itaque
537 2905 730 2970 Deum,
763 2905 908 2977 quod
937 2905 1050 2960 suis
1080 2905 1331 2960 annuerit
1359 2905 1519 2974 votis,
1571 2914 1923 2976 sanctumque

325 2992 586 3048 Savinum
640 2991 930 3065 magniﬁce
993 2993 1241 3060 laudans,
1322 2993 1604 3068 gratulans
1661 2993 1824 3048 exivit
1871 3001 1925 3048 et

325 3097 515 3139 ovans.
1162 3092 1169 3098 ’

2019 512 2149 568 ralis
2179 529 2438 584 egressus
2469 513 2522 568 in
2551 522 2772 584 terram,
2804 514 3021 572 nemine
3054 515 3457 585 considerante,
3477 533 3616 588 pro-

2021 600 2150 655 siliit
2183 619 2197 656 :
2227 609 2466 657 attamen
2496 609 2706 657 mustus
2731 603 2877 658 haud
2904 604 3084 659 minus
3120 620 3286 676 quam
3314 605 3362 660 si
3386 605 3615 660 obtura-

2020 696 2133 744 tum
2161 697 2309 745 esset
2364 689 2626 757 foramen,
2673 706 2778 746 nec
2824 708 2931 746 una
2972 691 3167 748 ﬂuerat
3212 701 3386 766 gutta,
3445 693 3613 763 stetit,

2018 785 2451 850 perventumque
2480 779 2548 833 ad
2577 779 2981 850 receptaculum
2997 780 3296 850 plaustrum
3325 797 3448 838 cum
3475 780 3616 838 fuis-

2021 873 2121 933 set,
2153 867 2446 938 presbyter
2490 867 2780 934 accedens,
2842 875 2896 922 et
2949 875 3170 924 tonnam
3218 870 3359 924 hanc
3387 869 3515 925 inde
3571 869 3618 924 si

2022 954 2282 1026 quiddam
2365 953 2586 1010 fecisset
2659 955 3108 1027 circumspiciens
3139 997 3153 1026 ,
3242 957 3620 1014 animadvertit

2020 1050 2209 1114 aperto
2240 1042 2508 1099 foramine
2539 1043 2774 1100 ducilem
2805 1044 3022 1112 abesse,
3055 1045 3334 1101 aestimans
3388 1061 3620 1117 pavens-

2023 1147 2130 1202 que
2152 1131 2285 1185 nihil
2314 1131 2369 1186 in
2399 1148 2466 1188 ea
2518 1133 2684 1187 musti
2740 1133 3090 1200 remansisse,
3151 1131 3388 1189 famulos
3447 1134 3618 1189 vehe-

2019 1219 2188 1274 menti
2211 1219 2396 1276 furore
2423 1229 2728 1277 commotus
2759 1237 2996 1293 arguere
3027 1221 3210 1293 coepit,
3243 1230 3298 1277 et
3326 1239 3490 1294 quare
3513 1222 3620 1278 hoc

2021 1308 2245 1363 minime
2262 1309 2601 1379 providerint
2621 1310 2824 1366 acriter
2849 1319 2908 1366 ut
2935 1309 3104 1365 tristis
3131 1311 3393 1367 invehere
3425 1312 3621 1368 :dum-

2025 1413 2132 1469 quo
2160 1413 2346 1453 amaro
2389 1398 2553 1453 nimis
2603 1399 2786 1454 animo
2846 1399 2925 1455 sic
2971 1399 3226 1470 loquitur,
3277 1416 3416 1454 unus
3473 1407 3621 1456 retro

2023 1501 2313 1542 recurrens
2343 1486 2577 1542 ducilem
2607 1503 2640 1542 a
2667 1494 2819 1542 terra
2837 1503 2945 1544 non
2974 1487 3138 1559 longe
3160 1489 3436 1558 jacentem
3462 1503 3622 1544 rece-

2022 1573 2118 1644 pit,
2151 1582 2313 1646 atque
2343 1574 2412 1629 ad
2455 1583 2731 1646 patentem
2770 1575 2863 1647 qui
2921 1583 3037 1630 erat
3062 1575 3118 1630 in
3148 1584 3310 1631 tonna
3340 1583 3621 1647 pertusum

2023 1661 2302 1734 applicuit.
2339 1661 2460 1731 Quo
2481 1663 2747 1735 apposito,
2780 1664 3098 1738 priusquam
3128 1665 3270 1720 intro
3297 1672 3610 1736 poneretur,

1948 1780 2002 1840 B
2024 1750 2258 1840 impetus
2305 1753 2469 1806 musti
2498 1769 2528 1807 e
2571 1753 2795 1826 regione
2843 1753 3156 1825 prosiliens,
3188 1753 3258 1809 ad
3306 1753 3534 1809 barbam
3567 1759 3622 1808 et

2023 1839 2212 1910 pecius
2248 1840 2582 1914 porrigentis
2610 1841 2844 1897 ducilem
2873 1859 3048 1914 usque
3077 1841 3295 1899 volavit.
3323 1842 3619 1913 Presbyter

2021 1935 2202 1983 autem
2231 1935 2284 1983 et
2314 1929 2406 2000 qui
2451 1929 2720 1998 astabant,
2782 1947 2883 2002 pro
2911 1933 3017 1989 hoc
3047 1931 3194 2004 quod
3213 1930 3334 1986 visu
3370 1930 3619 1986 mirabile

2023 2024 2303 2073 ostensum
2373 2017 2568 2089 fuerat,
2645 2020 2854 2075 attoniti
2929 2027 3270 2092 stupuerunt,
3345 2035 3619 2091 vocesque

2020 2106 2360 2177 hymnidicas
2389 2107 2629 2162 omnium
2665 2109 2878 2165 Factori
2923 2111 3149 2182 ejusque
3179 2116 3370 2166 sancto
3395 2109 3622 2180 martyri

2021 2195 2220 2251 Savino
2249 2196 2307 2251 in
2333 2196 2533 2252 coelum
2590 2197 2782 2252 levatis
2817 2198 3067 2254 manibus
3120 2215 3246 2254 cum
3303 2197 3622 2267 jubilatione

2021 2283 2306 2340 dederunt.
2355 2285 2628 2340 Sacerdos
2667 2302 2796 2341 vero
2844 2287 2946 2342 sub
2993 2287 3181 2342 eadem
3235 2301 3448 2341 summa
3513 2301 3621 2358 qua

2020 2373 2155 2428 illud
2203 2373 2258 2428 in
2297 2365 2516 2428 tonnam
2567 2383 2844 2446 posuerat,
2906 2375 3034 2432 vino
3089 2383 3332 2446 recepto,
3366 2373 3619 2446 ampliori

2021 2469 2146 2518 voto
2177 2469 2230 2516 et
2257 2477 2356 2516 ore
2383 2471 2570 2534 grates
2601 2463 2756 2518 laetus
2804 2464 3054 2519 exsolvit.
3113 2464 3230 2520 Hoc
3263 2469 3317 2518 et
3339 2462 3446 2518 alia
3471 2462 3619 2519 idem

2021 2549 2299 2604 Bonimius
2327 2566 2358 2605 a
2385 2549 2612 2621 prmfato
2659 2551 2854 2608 Bonito
2909 2552 3180 2609 avunculo
3197 2567 3298 2608 suo
3347 2551 3618 2624 frequenti

2023 2634 2193 2689 relatu
2225 2651 2284 2690 se
2312 2637 2593 2706 accepisse
2624 2635 2922 2692 fatebatur.

2096 2726 2182 2778 1ο.
2217 2723 2325 2778 Sed
2343 2725 2472 2796 quid
2497 2725 2730 2795 plurima
2760 2726 2828 2780 de
2861 2733 3047 2781 sancto
3077 2725 3384 2782 scribentes
3423 2724 3617 2782 confe-

2021 2827 2204 2866 remus
2221 2811 2249 2866 ?
2277 2813 2536 2884 Nunquid
2565 2813 2715 2868 illum
2742 2814 2964 2884 majoris
2992 2814 3170 2870 meriti
3199 2831 3265 2870 ex
3297 2815 3401 2871 hoc
3447 2812 3621 2871 facie-

2021 2916 2145 2954 mus
2174 2900 2202 2954 ?
2228 2902 2296 2956 Ut
2335 2901 2400 2968 si,
2430 2901 2584 2956 verbi
2630 2903 2826 2975 gratia,
2853 2903 2921 2958 de
2953 2903 3172 2958 Giboldi
3200 2903 3372 2958 cursis
3409 2902 3621 2966 insera-

2023 3005 2146 3044 mus
2161 2989 2420 3060 perdibus
2442 3007 2564 3045 sese
2595 2991 2889 3046 introrsum
2910 2992 2980 3046 ad
3009 2991 3242 3046 invicem
3275 2991 3619 3062 respicienti-

2025 3078 2142 3143 bus,
2202 3093 2438 3150 moxque
2486 3079 2656 3134 sancti
2711 3087 2938 3150 precatu
2983 3095 3220 3150 superna
3275 3079 3622 3134 miseratione

395 3171 448 3226 7.
473 3171 737 3227 Caeterum
768 3171 898 3226 dum
927 3172 1056 3227 vixit
1085 3187 1196 3227 non
1225 3171 1458 3227 cessavit
1517 3171 1770 3226 conferre
1799 3186 1920 3225 mu—
1953 3140 2002 3202 Ο
2023 3165 2238 3221 directis
2270 3185 2284 3233 ;
2323 3182 2386 3222 ac
2417 3167 2485 3221 de
2545 3167 2702 3222 vinea
2732 3168 2824 3222 illa
2861 3169 3015 3237 juxta
3070 3184 3229 3240 quam
3271 3169 3388 3238 ejus
3416 3182 3619 3238 corpus

323 3275 474 3328 nera,
506 3277 710 3332 augere
767 3259 1051 3326 beneficia,
1113 3260 1308 3332 quibus
1361 3261 1515 3316 locus
1571 3260 1831 3315 ditaretur
1867 3267 1921 3314 et

325 3358 618 3405 cresceret.
651 3349 840 3404 Plures
895 3365 1112 3422 quoque
1168 3349 1430 3403 nobilium
1471 3349 1589 3417 ejus
1613 3354 1768 3403 actus
1799 3348 1919 3403 exi-

323 3439 468 3493 mios
498 3437 704 3508 imitati,
737 3439 1064 3494 addiderunt
1094 3439 1400 3502 thesauros,
1451 3437 1790 3493 contulerunt
1816 3437 1922 3492 alo-

323 3527 444 3595 dos,
478 3527 770 3599 multisque
826 3528 984 3582 donis
1041 3527 1194 3583 locus
1255 3525 1476 3595 eﬂ‘ulsit,
1533 3526 1816 3598 positaque
1847 3525 1923 3579 ibi

321 3617 718 3673 monachorum
749 3633 958 3682 norma,
1017 3615 1264 3672 redditur
1285 3623 1486 3686 quanto
1529 3614 1740 3682 cultior,
1772 3622 1922 3670 tanto

323 3720 551 3776 prorsus
577 3705 957 3762 venerabilior.
1001 3707 1131 3760 Erat
1158 3713 1339 3760 autem
1370 3713 1423 3759 et
1452 3712 1534 3760 est
1565 3703 1668 3758 situ
1699 3703 1919 3770 habilis,

325 3793 584 3848 silvarum
634 3793 1002 3865 arborumque
1031 3791 1428 3850 fructuosarum
1484 3791 1797 3848 amoenitate
1827 3791 1922 3860 ju-

325 3882 554 3952 cundus,
589 3897 711 3938 cum
741 3883 912 3953 pratis
933 3881 1194 3948 etvineis,
1229 3897 1369 3954 aqua
1397 3889 1450 3937 et
1479 3879 1826 3936 molendinis.

322 4025 328 4034 _
397 3975 450 4026 8.
473 3972 622 4044 Ergo
641 3971 920 4026 monachis
957 3979 1084 4042 post
1139 3971 1382 4026 divinum
1419 3969 1754 4041 persolutum
1810 3967 1926 4024 oﬂl-

325 4058 488 4125 cium,
521 4059 779 4130 operibus
833 4075 1112 4128 manuum,
1173 4059 1320 4130 quod
1369 4075 1526 4112 suum
1586 4073 1778 4112 eorum
1819 4065 1922 4122 est,

327 4147 554 4204 sollicite
609 4147 970 4208 studentibus,
1024 4147 1220 4202 domus
1275 4146 1455 4201 omnis
1511 4161 1637 4201 cum
1693 4144 1929 4200 ecclesia

325 4235 579 4293 nobiliori
608 4235 969 4308 ampliorique
1003 4238 1281 4292 schemate
1329 4234 1631 4306 consurgit.
1683 4231 1928 4303 Quorum

320 4325 576 4382 bonitatis
607 4324 924 4396 ordinisque
981 4324 1195 4397 religio,
1256 4325 1374 4378 Deo
1433 4331 1746 4393 sanctoque
1777 4337 1929 4376 mar-

311 4422 438 4489 _tyre
466 4412 822 4487 suffragante,
867 4413 978 4470 illic
1009 4413 1135 4468 talis
1163 4412 1384 4480 exstitit,
1419 4427 1542 4484 quae
1563 4411 1857 4466 multorum
1879 4408 1933 4466 et

2020 3262 2310 3326 pausatum
2340 3254 2457 3325 fuit,
2501 3271 2604 3312 nec
2631 3273 2782 3327 prius
2813 3256 2939 3312 inde
2972 3265 3264 3322 remotum,
3313 3257 3489 3312 donec
3519 3271 3618 3312 ea-

2023 3343 2148 3398 dem
2179 3343 2283 3414 ipsi
2313 3345 2536 3399 daretur
2563 3345 2721 3401 vinea
2749 3365 2764 3410 ;
2800 3346 2887 3400 vel
2907 3346 2975 3401 de
3003 3345 3110 3402 alio
3136 3347 3193 3400 in
3224 3361 3432 3401 somnis
3464 3358 3617 3400 com-

2022 3442 2170 3487 moto
2217 3449 2246 3487 a
2305 3433 2546 3490 Francia:
2590 3436 2830 3506 partibus
2877 3434 3218 3504 adveniente,
3288 3449 3616 3506 manumque

2023 3522 2232 3576 aridam
2262 3522 2353 3576 diu
2383 3523 2634 3590 habente,
2677 3532 2837 3595 atque
2867 3524 3172 3579 interventu
3226 3523 3481 3593 martyris
3510 3522 3620 3577 illic

2025 3611 2299 3681 extemplo
2327 3620 2516 3667 curato
2549 3631 2562 3677 ;
2605 3620 2696 3668 aut
2725 3613 2888 3668 etiam
2919 3614 2988 3668 de
3041 3627 3188 3669 οωοο
3227 3612 3298 3666 ab
3327 3611 3485 3666 annis
3515 3610 3619 3666 tri-

2023 3700 2177 3772 ginta
2223 3699 2424 3754 lumine
2469 3701 2750 3757 oculorum
2778 3701 3012 3772 privato.
3073 3701 3164 3774 qui
3197 3709 3322 3772 post
3349 3705 3620 3756 trecento-

2024 3805 2140 3843 rum
2173 3779 2457 3861 sexaginta
2483 3790 2754 3846 mensium
2784 3791 3053 3847 curricula
3092 3790 3298 3846 ibidem
3341 3789 3620 3844 illumina-

2023 3885 2112 3933 tus
2141 3877 2336 3933 videns
2367 3879 2662 3952 hilarisque
2692 3881 2938 3937 recessit.
2981 3881 3110 3937 Haec
3139 3889 3193 3936 et
3235 3879 3432 3934 similia
3459 3877 3584 3934 beni
3604 3907 3621 3918 -

2027 3968 2229 4040 gnitate
2259 3968 2512 4038 martyris
2541 3969 2610 4022 ad
2639 3969 2756 4038 ejus
2797 3966 2987 4024 limina
3015 3969 3290 4024 debilibus
3331 3981 3616 4034 concessa,

2027 4063 2072 4116 si
2103 4061 2287 4124 modo,
2308 4065 2363 4110 ut
2393 4059 2642 4120 dixerim,
2668 4057 2942 4128 superﬂuo
2964 4056 3187 4128 exsequi
3215 4055 3492 4127 incipiant,
3525 4070 3618 4108 sa-

2026 4161 2385 4222 natorumque
2430 4148 2672 4216 nomina,
2719 4145 2924 4218 patrias
2985 4129 3251 4217 villasque
3310 4143 3365 4198 in
3421 4141 3617 4214 quibus

2029 4249 2154 4298 sunt
2181 4240 2293 4295 nati
2321 4239 2411 4295 vel
2448 4254 2515 4294 ex
2571 4236 2766 4307 quibus
2797 4235 3152 4298 advenerunt,
3203 4233 3250 4289 si
3295 4233 3617 4304 disposuero

2029 4327 2278 4391 recitare,
2312 4339 2400 4378 me
2431 4321 2628 4378 sobriis
2657 4319 2953 4376 lectoribus
2972 4318 3254 4390 avidisque
3281 4315 3620 4372 auditoribus

2031 4415 2250 4471 taedium
2271 4411 2469 4468 inferre
2490 4426 2598 4465 non
2617 4409 2852 4482 abnego.
2885 4409 2983 4463 Est
3013 4416 3195 4464 autem
3223 4420 3478 4462 mensura
3497 4401 3616 4458 dis-

315 4503 552 4560 maxime
573 4510 957 4574 magnatorum
1003 4509 1213 4558 mentes
1260 4501 1330 4557 ad
1381 4500 1742 4557 recolendum
1771 4500 1916 4554 dun-
1943 4498 1996 4558 D
2019 4503 2274 4562 cretionis
2304 4502 2359 4556 in
2389 4499 2588 4556 divinis
2628 4507 2681 4554 et
2726 4497 3122 4571 hagiographis
3161 4495 3436 4552 servanda
3477 4489 3616 4558 scri-_

322 4599 467 4656 taxat
496 4592 968 4664 muneradumque
1025 4591 1208 4648 locum
1249 4589 1479 4646 dulciter
1509 4589 1780 4644 invitaret.
1814 4589 1915 4643 Ta-

315 4681 384 4736 lis
415 4681 615 4750 ﬂoruit,
665 4680 786 4735 talis
844 4696 968 4736 cum
1028 4681 1295 4744 bonarum
1349 4678 1622 4735 actionum
1653 4676 1918 4732 fructibus

323 4771 581 4825 hactenus
601 4776 812 4836 vernat,
846 4769 969 4824 talis
997 4785 1182 4842 quaeso
1214 4777 1268 4824 et
1297 4777 1423 4840 opto
1454 4767 1509 4823 in
1543 4769 1675 4823 Jesu
1703 4766 1917 4823 Christo

324 4867 628 4932 permanet.

396 4961 449 5012 9.
481 4957 596 5014 Nec
625 4956 776 5012 illam
795 4956 918 5012 aliis
945 4955 1164 5011 omissis
1186 4955 1456 5010 silendam
1485 4971 1615 5010 reor
1643 4971 1765 5027 quae
1792 4962 1918 5024 post

321 5046 693 5102 venerabilem
723 5046 839 5115 ejus
869 5045 1118 5116 corporis
1176 5044 1589 5100 translationem
1645 5043 1916 5115 prmeipua

319 5135 463 5191 facta
493 5133 662 5190 fuisse
717 5133 1054 5206 dignoscitur
1109 5133 1298 5200 virtus,
1358 5133 1428 5188 ad
1476 5133 1644 5203 ipsius
1675 5139 1916 5187 sanctam

320 5223 726 5280 evidentissima
755 5222 1132 5277 declarandam
1194 5221 1555 5285 sanctitatem,
1590 5229 1642 5275 et
1672 5220 1800 5292 quia
1827 5221 1916 5276 lo-

320 5329 442 5369 cum
483 5313 628 5368 unde
683 5312 1046 5382 transpositus
1092 5310 1287 5376 fuerat,
1339 5309 1439 5365 etsi
1505 5325 1754 5380 corpore,
1806 5325 1914 5364 non

321 5410 500 5458 tamen
531 5400 754 5456 tuitione
782 5400 1098 5472 reliquerat.
1143 5399 1436 5470 Presbyter
1468 5414 1600 5453 vero
1630 5398 1758 5453 inde
1790 5413 1916 5454 cum

317 5507 416 5562 per
442 5491 692 5546 eamdem
723 5489 864 5545 viam
895 5505 999 5560 qua
1027 5489 1200 5545 sancti
1229 5487 1483 5558 martyris
1513 5503 1712 5558 corpus
1733 5495 1914 5542 trans-

319 5579 486 5637 latum
517 5587 760 5649 venerat,
792 5579 1099 5650 plaustrum
1153 5585 1332 5633 musto
1375 5584 1629 5633 onustum
1660 5575 1910 5644 minaret,

2017 4593 2210 4666 pturis,
2243 4600 2296 4647 et
2325 4591 2371 4646 si
2399 4605 2573 4662 pauca
2607 4589 2675 4644 de
2705 4588 2823 4659 ipso
2862 4587 3187 4654 referamus,
3221 4582 3468 4656 nunquid
3495 4581 3615 4650 ejus

2019 4682 2198 4738 meriti
2240 4680 2563 4751 virtutisque
2619 4677 2853 4750 gratiam
2899 4692 2963 4730 ex
3005 4675 3194 4746 paucis
3245 4671 3616 4728 mutilabimus

2019 4771 2220 4828 dictis?
2275 4771 2388 4825 Hoc
2444 4776 2624 4823 autem
2653 4781 2940 4838 precamur
2968 4763 3199 4820 suﬂiciat
3221 4763 3443 4827 dictum,
3475 4775 3614 4831 pau-

2019 4861 2206 4932 cisque
2236 4860 2570 4924 robo‘ratum,
2605 4855 2750 4928 quod
2782 4855 2973 4911 beatus
3005 4853 3256 4908 Savimus
3295 4851 3372 4906 ita
3411 4849 3613 4906 decen—

2019 4958 2101 5004 ter
2130 4948 2440 5016 translatus,
2473 4945 2744 5018 pretiosus
2781 4959 2844 5000 ac
2871 4942 3145 5016 gloriosus
3186 4941 3418 4996 habetur
3459 4954 3604 4994 mar-

2017 5047 2103 5110 tyr
2143 5037 2359 5092 Christi.
2408 5035 2567 5104 Quod
2613 5041 2720 5089 tam
2775 5033 2892 5104 ipse
2919 5047 3191 5104 quamque
3229 5045 3421 5086 omnes
3451 5027 3614 5085 Chri-

2019 5136 2162 5182 stum
2230 5123 2570 5191 conﬁtentes,
2639 5123 2747 5177 rire
2821 5120 3164 5177 confessores
3247 5119 3608 5190 appellantur,

2017 5217 2233 5273 cuidam
2281 5232 2348 5270 ex
2382 5214 2577 5268 eodem
2614 5209 2949 5266 monasterio
2989 5211 3105 5264 Deo
3139 5207 3372 5280 subique
3417 5207 3614 5262 devoto

2015 5321 2115 5377 per
2141 5303 2526 5360 revelationem
2543 5300 2764 5372 spiritus
2784 5299 3073 5354 ostendere
3095 5297 3285 5364 voluit,
3319 5313 3380 5352 se
3410 5301 3614 5364 marty-

2016 5411 2134 5450 rem
2171 5394 2242 5448 ob
2317 5391 2594 5465 sanguinis
2668 5405 2764 5461 pro
2825 5388 3036 5444 Christo
3090 5387 3411 5445 effusionem
3449 5382 3611 5438 malle

2015 5483 2220 5541 vocari.

2089 5577 2172 5626 tt.
2221 5572 2319 5626 Est
2367 5571 2511 5628 enim
2568 5571 2776 5629 meritis
2823 5570 3009 5638 dives,
3059 5565 3318 5644 precibus
3361 5569 3560 5642 potens
3590 5602 3606 5632 ν
