4086 6316
467 283 608 338 1058

1489 271 1900 332 RATPERTUS
1946 265 2470 327 SANGALLENSIS
2517 267 2754 325 ABBAS.

3625 265 3768 319 1056

463 423 644 478 ipsum
697 421 978 479 rogemus,
1034 404 1321 476 ipsumque
1381 400 1615 456 humiles
1675 398 2058 470 imploremus,
2091 398 2148 458 A
2168 395 2284 464 ejus
2307 401 2730 464 sanctorumque
2759 391 3001 448 omnium
3042 388 3380 446 orationibus
3408 387 3632 479 crimina
3663 405 3764 445 no-

467 477 736 568 quatenus
764 477 835 550 ad
877 509 1000 548 eum
1031 493 1122 564 qui
1169 509 1229 547 se
1271 499 1573 562 martyrem
1621 489 1766 554 fecit,
1817 495 1981 558 atque
2009 487 2066 540 in
2165 491 2273 538 stra
2292 483 2434 538 idem
2467 482 2734 538 Dominus
2764 481 2938 536 solvat
2967 487 3189 550 peccata
3219 494 3315 534 seu
3341 477 3636 568 commissa
3668 493 3766 568 re-

464 565 779 641 ccelestibus
831 581 1071 654 martyrii
1124 580 1352 652 praemio
1403 579 1704 643 coronavit,
1742 592 1843 646 pro
1874 583 2066 630 nostra
2163 573 2310 627 laxet
2338 571 2610 637 universa,
2642 569 2871 642 gloriam
2919 568 3193 638 vitamque
3240 565 3515 623 conferret
3560 565 3764 638 sempi-

465 671 662 728 animm
699 669 1055 742 corporisque
1114 669 1284 724 salute
1313 667 1655 722 intercedere
1691 665 1962 735 dignetur,
2010 670 2067 717 ut

2167 669 2380 717 ternam
2403 659 2458 714 in
2489 659 2689 715 saecula
2719 657 3064 714 saculorum.
3095 657 3291 713 Amen.

469 831 3772 880 ὢ

1397 899 2950 1169 RATPERTUS

1697 1239 2223 1298 SANGALLENSIS
2269 1237 2673 1297 MONACHUS.

1162 1453 1561 1540 NOTITIA
1631 1430 2179 1535 HISTORICA
2266 1452 2365 1536 IN
2440 1453 3084 1540 RATPERTUH.

1372 1619 1554 1692 (Apud
1583 1617 1870 1685 Pertzium,
1903 1617 2248 1676 Monumenta
2280 1618 2464 1676 Germ.
2508 1619 2668 1686 Hist.,
2692 1626 2826 1678 tom.
2850 1621 2944 1693 II.)

549 1827 607 1884 S.
640 1827 782 1884 Galli
807 1826 1178 1882 celeberrimae
1207 1825 1436 1882 abbatia:
1489 1825 1544 1880 in
1579 1824 1824 1898 Helvetia
1857 1823 2080 1879 incuna-
2107 1828 2158 1887 B
2182 1826 2534 1882 teutonismos
2557 1835 2609 1882 et
2638 1828 2832 1882 modos
2861 1827 3117 1898 loquendi
3149 1842 3228 1898 ex,
3254 1825 3454 1889 bibliis,
3475 1825 3694 1898 liturgia
3725 1832 3784 1882 et

479 1899 609 1953 bula
637 1907 692 1954 et
721 1914 881 1954 casus
925 1897 1257 1967 describere,
1309 1897 1594 1952 desinente
1653 1895 1854 1950 saeculo
1908 1911 2074 1960 nono,

482 1970 774 2042 Ratpertus
801 1985 1097 2042 aggressus
1124 1978 1233 2042 est
1289 1968 1594 2042 (Aa),”quod
1625 1967 1920 2042 inemptum
1953 1967 2079 2042 dien

483 2037 686 2096 saec—nlo
717 2037 1006 2094 undecimo
1036 2037 1391 2094 Ekkebardu’s
1409 2037 1498 2103 Ν,
1524 2038 1728 2092 saeculo
1749 2037 2076 2091 duodecimo

482 2111 849 2178 Burcbardus,
883 2110 1083 2166 saeculo
1113 2111 1328 2166 decimo
1375 2111 1532 2164 tertio
1577 2108 1858 2162 Conradus
1891 2108 1957 2160 de
1988 2107 2084 2160 Fa-

457 2181 656 2252 .baria,
713 2181 913 2236 saeculo
969 2181 1182 2236 decimo
1232 2188 1420 2252 quarto
1485 2179 1851 2252 Christianus
1881 2179 2080 2252 Kuehi:

483 2251 710 2307 meister
738 2251 1015 2321 prosecuti
1042 2258 1188 2316 sunt,
1223 2249 1390 2321 opere
1427 2267 1526 2320 pro
1557 2249 1888 2304 addiscenda
1917 2249 2082 2304 medii

485 2267 710 2307 mersrer
738 2267 1015 2376 prosecuti
1042 2267 1188 2316 sunt,
1223 2267 1390 2321 opere
1427 2267 1454 2320 p

485 2323 588 2392 aevi
617 2322 745 2377 inde
771 2338 800 2377 e
828 2322 1068 2392 apprime
1084 2322 1454 2378 accommodo.

557 2386 1075 2463 Ratpertus‘Tiguro
1105 2402 1272 2454 ortus,
1306 2400 1429 2463 post
1457 2391 1700 2446 medium
1731 2389 1917 2446 saeculi
1952 2389 2084 2463 noni

484 2465 542 2520 in
570 2465 627 2520 S.
662 2461 818 2520 Gallo
848 2461 1205 2519 monasticam
1236 2461 1402 2520 vitam
1430 2463 1711 2532 amplexus
1743 2471 1845 2527 est,
1895 2461 2079 2532 magi-

489 2543 630 2592 stros
669 2535 891 2590 sortitus
920 2537 1235 2590 Marcellum
1259 2542 1313 2589 et
1331 2536 1564 2600 Isonem,
1585 2549 1650 2589 ac
1679 2532 2086 2602 condiscipulos

489 2607 546 2662 S.
577 2607 877 2662 Notkerum
935 2606 1232 2673 balbulum,
1284 2605 1608 2672 Tutilonem,
1667 2605 2082 2668 Hartmannum,

488 2677 857 2734 Waltramum
887 2685 940 2731 et
970 2677 1316 2732 Salomonem
1372 2685 1562 2747 postea
1607 2673 1936 2747 Constantia?
1965 2673 2086 2742 epi-

488 2763 735 2818 scopum,
771 2749 917 2818 viros
949 2747 1091 2801 illius
1125 2749 1224 2802 aevi
1254 2744 1732 2818 nominatissimus.
1752 2744 2086 2818 __Pi'aa_iectus

490 2814 728 2899 posthac
774 2817 891 2899 ipse
937 2819 1156 2886 scholis,
1193 2827 1298 2872 tam
1331 2817 1604 2897 indefesso
1644 2814 2088 2894 studiosditteris

491 2885 755 2953 incubuit,
787 2885 966 2959 utnec
994 2885 1437 2959 curacorporis,
1480 2903 1582 2942 nec
1612 2885 1885 2941 communi
1927 2901 2090 2959 prece

490 2960 558 3015 ab
579 2961 660 3016 eis
707 2957 970 3029 avertise
997 2956 1288 3028 pateretur,
1339 2959 1539 3029 quippe
1589 2967 1697 3011 tam
1754 2971 1880 3011 raro
1927 2956 2089 3010 domo

493 3047 773 3112 egressus,
805 3027 1098 3112 ut‘integro
1118 3046 1260 3084 anno
1279 3027 1414 3084 duos
1437 3027 1652 3112 calceos
1668 3043 1777 3082 non
1800 3033 2088 3112 attereret,

491 3099 742 3173 diurnas_
767 3099 1101 3173 psalmorum
1158 3117 1353 3173 preces
1399 3116 1508 3155 non
1537 3099 1918 3173 irequentans
1966 3113 2087 3152 cum

494 3173 638 3228 dicto
673 3189 686 3226 :
719 3169 892 3242 bona:
938 3169 1176 3227 missas‘
1199 3173 1464 3242 facimus,
1501 3170 1548 3224 si
1597 3169 1738 3242 alios

493 3243 772 3300 docemus.
799 3241 933 3296 Cum
962 3242 1013 3297 ei
1040 3239 1382 3298 incumberet
1414 3241 1610 3295 fratres
1629 3240 1700 3294 ob
1731 3239 2027 3293 commissa
2057 3254 2087 3291 a

495 3313 777 3384 superiore
821 3327 888 3366 ex
935 3313 1140 3383 regulae
1200 3314 1255 3368 S.
1317 3311 1600 3384 Benedicti
1649 3309 1972 3384 prrescripto
1994 3309 2088 3384 ‘ad

493 3379 903 3457 fustigationem
947 3379 1356 3457 condemnatos.
1397 3379 1666 3457 columnae
1687 3381 1956 3457 alligatos
1986 3379 2086 3434 ila-

493 3451 655 3538 gellis
703 3454 934 3538 caedere,
967 3455 1018 3508 id
1076 3471 1275 3538 munus
1315 3452 1726 3538 inuhnjusmodi
1783 3451 2090 3538 o'tiosos‘ret

490 3521 710 3582 inutiles
741 3523 944 3582 acriter
993 3526 1300 3581 exercebat.
1362 3525 1618 3578 Extremo
1670 3521 2090 3576 decumbentem

569 3597 866 3668 adraginta
891 3596 1154 3668 canonici,
1217 3595 1333 3668 ejus
1350 3595 1635 3668 quondam
1688 3593 1964 3668 discipuli,
1999 3591 2091 3668 qui

569 3615 862 3668 aat'aglnta
891 3615 1154 3664 canomcx,
1217 3615 1333 3664 ejus
1363 3615 1635 3666 quondam
1692 3615 1964 3662 urscrpuu,
1999 3615 2091 3664 qu1

491 3615 565 3724 ﬂ:
593 3668 774 3722 multis
803 3665 1137 3723 Alamannize
1165 3666 1414 3723 ecclesiis
1444 3666 1642 3720 festum
1682 3664 1738 3718 8.
1773 3663 1910 3718 Galli
1941 3664 2091 3718 cele—

493 3738 702 3794 braturi
730 3740 1263 3806 huciconvenerant,
1315 3737 1568 3802 invisere,
1606 3751 1837 3806 quorum
1864 3733 2094 3806 quilibet

495 3825 556 3864 se
577 3825 678 3880 pro
709 3825 776 3880 eo
833 3805 1088 3880 defuncto
1145 3809 1383 3880 triginta
1416 3805 1760 3880 missas’Deo
1789 3805 2094 3880 oblaturum

501 3874 826 3950 spondebat.
855 3874 980 3950 Obii
1011 3877 1098 3932 die
1127 3882 1197 3935 25
1222 3874 1504 3942 Octobris,
1541 3877 1690 3931 circa
1745 3879 2090 3950 annumAQOO.

498 3947 581 4022 Ex
611 3949 677 4005 iis
708 3965 828 4022 quae
859 3949 1176 4022 scripserat,
1229 3955 1524 4022 supersunt
1552 3955 1754 4022 praeter
1781 3947 1882 4022 _hos
1926 3947 2096 4022 (lastis

724 4017 930 4094 chartae
960 4017 1343 4094 traditionum,‘
1378 4017 1795 4094 plureshhymni
1827 4017 1967 4072 sacri
1997 4018 2096 4094 abs

495 4087 701 4149 Jodbco
729 4093 928 4162 Mezler
957 4092 1176 4147 Canisio
1233 4087 1411 4148 traditi
1459 4087 1796 4162 publicandi,
1831 4087 2096 4162 et__versio

497 4163 663 4219 latina
699 4163 836 4220 Vitae
879 4161 936 4218 S.
973 4163 1110 4218 Galli
1168 4165 1236 4218 ab
1267 4164 1403 4234 ipso
1427 4159 1496 4234 ad
1535 4177 1694 4234 usum
1742 4159 1930 4234 populi
1961 4161 2097 4234 rhy-

495 4235 646 4291 thmo
661 4235 960 4291 Teutonico
991 4231 1351 4290 concinnatae.
1385 4233 1572 4303 Stylus
1603 4233 1742 4300 ejus,
1778 4231 1878 4303 etsi
1909 4231 2101 4303 tersior

498 4305 567 4362 sit
600 4321 668 4362 ac
705 4314 837 4362 astas
871 4307 990 4375 ejus
1027 4307 1084 4360 in
1140 4305 1416 4376 plerisque
1452 4301 1702 4372 ‘ferebat,
1749 4301 2098 4357 nihilominus

567 4430 642 4498 (α)
667 4431 874 4484 Notitias
897 4444 1008 4482 suas
1030 4430 1198 4481 hausit
1245 4443 1306 4480 ex
1331 4427 1454 4478 Vitis
1495 4429 1597 4498 SS.
1622 4427 1926 4498 Columbam,
1952 4427 2098 4498 Galli,

499 4503 548 4552 et
567 4494 774 4563 Otmari,
801 4511 862 4550 ex
888 4499 1202 4560 antiquorum
1227 4498 1426 4547 Patrum
1475 4494 1836 4557 traditionibus,
1871 4494 2100 4556 librisque

1779 3172 1967 3246 facere
1997 3184 2090 3223 eas
2115 3183 2164 3246 ο

2179 1898 2371 1970 regula
2399 1899 2455 1953 S.
2509 1899 2785 1954 Benedicti
2827 1897 3111 1970 mutuatos
3145 1897 3331 1970 refert,
3387 1913 3452 1954 ac
3513 1897 3786 1970 quasdam

2179 1968 2403 2040 rustica:
2426 1970 2718 2024 Latinitatis
2767 1985 2932 2024 voces
2961 1986 2991 2023 a
3013 1969 3364 2040 scriptoribus
3408 1968 3594 2024 seaculi
3639 1983 3698 2022 vx
3720 1975 3785 2040 iet

2179 2055 2256 2093 vn
2289 2039 2439 2093 libris
2467 2040 2706 2094 invectas
2735 2041 2914 2095 habet.
2953 2041 3060 2095 Pro
3093 2037 3247 2094 more
3289 2048 3563 2096 auctorum
3613 2037 3786 2094 medii

2179 2110 2280 2165 aevi
2311 2125 2441 2164 vera
2471 2127 2700 2164 narrans
2731 2110 2932 2166 fallitur
2965 2111 3016 2165 in
3049 2110 3358 2181 dominibus
3387 2109 3622 2181 propriis
3643 2117 3786 2181 ,aut

2179 2181 2452 2254 aliquibus
2481 2182 2920 2254 circumstantiis,
2965 2198 3103 2254 quos
3152 2180 3331 2236 infide
3361 2181 3637 2254 memoriae
3666 2180 3787 2254 lap-

2183 2251 2287 2306 snsi
2307 2252 2480 2307 relata
2528 2252 2911 2318 referentibus,
2973 2251 3025 2308 ét
3053 2253 3318 2308 librorum
3377 2268 3481 2322 ope
3511 2251 3787 2306 destitutis

2183 2323 2448 2378 accidisse
2479 2339 2636 2379 nemo
2667 2323 2972 2378 mirabitur.
3002 2324 3297 2378 Primaevus
3319 2323 3559 2378 Casuum
3585 2323 3788 2377 borum

2183 2402 2360 2448 textus
2405 2395 2581 2448 autori
2627 2411 2844 2449 cozevus
2887 2403 2969 2449 est
3021 2413 3035 2458 ;
3087 2394 3134 2448 is
3165 2395 3435 2465 reperitur
3478 2393 3535 2447 in
3575 2393 3788 2465 codice

2183 2482 2239 2519 n.
2273 2467 2394 2518 614.
2447 2464 2746 2520 canonibus
2795 2465 3039 2520 Remedii
3087 2463 3353 2536 episcbpi,
3400 2472 3452 2519 et
3489 2463 3784 2518 ordinibus

2185 2536 2446 2608 Romanis
2475 2536 2760 2608 colligatus
2793 2555 2808 2601 ;
2844 2544 2929 2590 est
2957 2536 3190 2606 scriptus
3237 2543 3430 2608 ornate
3453 2544 3503 2589 et
3518 2543 3785 2608 correcta

2185 2607 2398 2661 mendis
2428 2606 2710 2662 scriptoris
2740 2623 2906 2661 manu
2935 2623 3121 2662 cornva
3161 2606 3487 2661 emendatis.
3517 2606 3655 2662 Huic
3685 2621 3789 2662 co.-

2185 2677 2292 2731 dici
2335 2685 2482 2731 tanta
2531 2675 2786 2732 fidelitate
2847 2677 3029 2732 studui
3059 2677 3366 2744 inhaerere,
3423 2685 3479 2730 ut
3523 2675 3791 2748 nequein

2187 2763 2338 2812 voce,
2369 2765 2470 2803 nec
2503 2749 2733 2819 syllaba,
2768 2764 2871 2803 nec
2905 2749 3082 2802 littera
3109 2749 3176 2819 ab
3221 2764 3286 2804 eo
3318 2747 3655 2819 secederem,
3699 2747 3793 2800 lit-

2187 2819 2320 2872 teris
2350 2818 2686 2887 majusCulis,
2707 2827 2758 2873 et
2789 2818 3318 2887 interpunctionibus
3348 2818 3608 2887 exceptis,
3637 2834 3782 2889 quae,

2187 2897 2372 2958 utpote
2401 2891 2680 2952 obsoletae,
2724 2906 2832 2944 non
2863 2891 3118 2944 videntur
3163 2907 3286 2944 esse
3325 2889 3379 2943 in
3409 2889 3619 2944 recusis
3649 2888 3786 2943 reti-

2189 2959 2410 3031 nendaa,
2454 2961 2555 3014 etsi
2610 2961 2716 3014 illis
2771 2960 2966 3031 quibus
3033 2962 3304 3016 Romanos
3371 2960 3602 3014 subinde
3657 2975 3788 3014 usos

2191 3029 2359 3102 fuisse
2389 3030 2693 3102 fragmenta
2751 3029 2940 3086 nostra
2992 3031 3244 3102 codicum
3295 3031 3494 3086 saeculo
3532 3046 3611 3102 vn
3639 3038 3788 3102 vetu-

2191 3101 2412 3155 stiorum
2441 3100 2655 3170 docent,
2705 3103 2836 3155 satis
2874 3101 3184 3157 conformes
3243 3102 3366 3156 sint.
3419 3103 3477 3156 In
3525 3100 3610 3156 his
3645 3101 3790 3156 enim

2191 3172 2584 3245 antiquissimis
2613 3173 2831 3245 paginis
2859 3189 2957 3243 pro
2988 3180 3255 3245 commate
3295 3180 3557 3245 punctum
3587 3173 3643 3226 in
3660 3189 3787 3245 me-

2193 3243 2282 3297 dio
2313 3243 2845 3314 lineae,.propuncto
2877 3243 3114 3314 speciem
3171 3244 3442 3314 quandam
3486 3243 3674 3314 puncti
3716 3243 3794 3298 in-

2193 3315 2580 3386 terrogationis
2635 3315 2887 3384 positam,
2949 3323 2997 3386 et
3049 3331 3306 3386 numeros
3363 3315 3692 3370 antecedens
3738 3322 3793 3368 et

2195 3387 2534 3456 subsequens
2591 3393 2850 3454 punctum
2915 3385 3114 3440 habere
3181 3385 3449 3440 videmus.
3515 3386 3792 3441 Habentur

2195 3455 2430 3526 Ratperti
2462 3458 2634 3510 Casus
2661 3456 2828 3512 etiam
2855 3455 2912 3510 in
2941 3457 3063 3511 cod.
3111 3472 3164 3510 n.
3191 3460 3314 3523 615,
3359 3457 3456 3512 sed
3485 3472 3610 3512 cum
3633 3457 3681 3511 is
3721 3457 3790 3510 de

2193 3528 2316 3582 cod.
2351 3544 2405 3582 n.
2441 3530 2542 3582 614
2581 3527 2890 3598 descriptus
2941 3527 3264 3597 reperiatur,
3299 3535 3352 3582 et
3383 3527 3641 3584 saeculum
3681 3542 3783 3582 vm

2195 3614 2304 3652 non
2361 3606 2600 3668 superet,
2657 3598 3033 3668 seponendum
3093 3614 3214 3654 eum
3280 3614 3405 3654 esse
3455 3599 3788 3667 judi-sabam.

2196 3669 2436 3739 Ratperti
2493 3670 2666 3740 Casus
2723 3669 2898 3740 primo
2951 3669 3120 3740 edidit
3176 3669 3439 3724 Melchior
3498 3669 3790 3726 Goldastus

2199 3738 2335 3795 l606
2368 3738 2738 3805 Francofurti,
2786 3748 3001 3795 secutus
3058 3738 3219 3795 fidem
3262 3755 3355 3794 sex
3396 3740 3666 3808 codicum,
3701 3740 3794 3796 sed

2197 3811 2588 3866 recentiorum.
2631 3811 2764 3879 Quae
2801 3825 2970 3882 causa
3013 3819 3116 3880 est,
3161 3813 3306 3882 quod
3346 3811 3402 3865 in
3431 3811 3549 3879 ejus
3597 3812 3796 3867 editio-

2197 3898 2323 3936 nem
2372 3882 2573 3937 menda
2603 3881 2945 3954 irrepserint,
3006 3898 3165 3954 quae,
3205 3897 3330 3954 cum
3357 3899 3533 3954 neque
3555 3883 3792 3938 editores

2199 3954 2595 4024 subsequentes
2625 3953 2695 4008 ad
2721 3953 2965 4008 codicem
3011 3953 3394 4024 primigenium
3423 3953 3787 4020 recurrerent,

2198 4023 2496 4080 identidem
2527 4040 2718 4080 recusa
2749 4025 3018 4079 videmus.
3184 4023 3193 4024 “
3272 4043 3278 4050 ·

2349 4123 2410 4178 In
2441 4121 2498 4178 S.
2532 4121 2713 4188 Gallo,
2736 4124 2896 4181 1824.

2887 4195 3272 4250 ΙιυειηιοΝευε
3293 4209 3401 4250 von
3431 4198 3578 4265 Amr,

3013 4282 3484 4338 Bibliothecarius.

2201 4429 2251 4476 et
2273 4425 2462 4476 chartis
2486 4427 2783 4477 authenticis
2807 4428 2932 4490 apud
2973 4429 3026 4478 S.
3068 4428 3208 4479 Gallu
3229 4441 3256 4476 11
3279 4429 3550 4481 adservatis
3579 4449 3593 4492 ;
3617 4430 3692 4480 sui
3717 4430 3799 4482 de-

2199 4493 2346 4555 nique
2372 4495 2604 4556 temporis
2620 4495 2834 4546 historia:
2853 4507 2966 4558 pars
2983 4495 3088 4559 ipse
3102 4507 3202 4545 non
3227 4507 3386 4558 parva
3411 4497 3588 4549 fuerat.
3609 4498 3792 4549 Pen".
