4086 6310
307 259 334 310 1
347 256 451 311 057

1231 247 1327 303 DE
1361 247 1647 304 CASIBUS
1697 243 2132 302 MONASTERII

2194 243 2251 299 S.
2302 242 2528 299 GALLI.
3475 247 3614 302 1058

1593 481 2453 620 RATPEHTI

777 711 943 885 DE
1052 707 1636 885 BASIBUS
1745 700 2567 912 MilllASTEBII
2650 702 2773 875 S.
2865 701 3246 877 GALLI

1838 945 2160 1032 LIBER.

467 1115 722 1172 INCIPIT
769 1116 1046 1174 TEXTUS
1088 1117 1181 1172 DE
1233 1115 1530 1171 ORIGINE
1566 1114 1658 1167 ET
1711 1111 2038 1167 DIVERSIS
2105 1108 2398 1253 (magis
2446 1107 2879 1163 MONASTERII
2943 1109 3196 1165 SANCTI
3251 1109 3457 1165 GALLI

1534 1201 1791 1253 EDITUS
1848 1202 1893 1253 Α
1953 1198 2183 1253 ΒΑΤΡΕ
2388 1236 2402 1250 .

1534 1201 1791 1258 EDITUS
1848 1202 1893 1254 Α
1953 1198 2341 1253 RATPERTO
2388 1236 2402 1250 .

390 1475 448 1527 1.
480 1471 770 1545 Postquam
786 1471 1085 1528 beatissimi
1122 1472 1244 1540 viri,
1268 1479 1487 1527 sanctus
1508 1469 1761 1527 videlicet
1782 1469 1919 1524 abba
1943 1467 2001 1528 A
2030 1483 2145 1533 sus,
2182 1482 2291 1521 non
2325 1466 2442 1521 sine
2472 1466 2640 1521 multo
2671 1473 2726 1521 et
2755 1465 3121 1539 ignominiosa
3141 1466 3338 1522 damna
3358 1465 3441 1521 sui
3461 1480 3630 1538 gene-

315 1560 682 1617 Columbanus
707 1578 830 1617 cum
862 1563 1020 1617 beata
1070 1562 1229 1617 Gallo
1275 1561 1604 1632 reliquisque
1645 1557 1925 1629 discipulis

318 1650 447 1716 suis,
481 1650 677 1706 divinae
695 1650 971 1706 charitatis
992 1650 1207 1705 fervore
1227 1650 1498 1714 succensi,
1522 1649 1709 1703 relicta
1733 1647 1925 1703 Hiber-

319 1738 442 1808 nia,
499 1739 816 1809 parentibus
874 1738 1070 1810 spretis
1116 1738 1433 1809 prediisque
1474 1738 1751 1808 paternis,
1827 1752 1926 1807 per

315 1826 493 1882 maria
520 1827 743 1883 diversa
774 1827 1090 1882 Hiberniam
1146 1835 1573 1893 transmearunt,
1626 1834 1678 1880 et
1717 1825 1925 1881 Gallias

319 1915 676 1983 advenerunt,
709 1916 1040 1988 Sigibertum
1072 1916 1217 1971 illius
1238 1915 1532 1987 provinciae
1560 1930 1750 1986 regem
1778 1915 1927 1969 adie-

319 2011 461 2059 runt.
483 2003 608 2072 Qui,
630 2006 851 2076 cognito
868 2021 1061 2060 eorum
1075 2004 1369 2069 desideria,
1385 2003 1735 2059 devotissima
1747 2011 1926 2059 mente

318 2091 539 2147 famulis
569 2093 767 2147 Christi
798 2093 1091 2161 concessit,
1126 2101 1184 2147 ut
1212 2093 1521 2164 ubicunque
1576 2092 1795 2161 vellent,
1827 2092 1929 2147 Dei

321 2180 541 2237 servitio
569 2197 870 2253 congruum
928 2182 1030 2236 sibi
1082 2182 1265 2237 locum
1312 2181 1596 2252 eligerent,
1631 2189 1701 2249 et,
1736 2189 1795 2235 ut
1822 2180 1929 2235 illis

315 2268 584 2340 placeret,
612 2270 946 2336 incolerent;
976 2286 1036 2325 se
1055 2286 1184 2325 vero
1204 2270 1258 2324 in
1283 2270 1492 2326 cunctis
1513 2269 1929 2325 necessitatibus

318 2356 585 2413 fautorem
614 2358 724 2414 illis
754 2375 877 2414 esse
936 2359 1205 2429 promisit.
1269 2358 1429 2426 Quod
1459 2367 1511 2413 et
1568 2357 1930 2429 copiosissimi

318 2444 579 2517 implevit.
615 2446 856 2518 Ingressi
889 2447 1062 2518 igitur
1092 2448 1375 2502 heremum
1408 2463 1528 2517 quae
1557 2447 1808 2520 Vosegus
1838 2463 1935 2502 no-

320 2534 571 2601 minatur,
602 2535 784 2591 locum
823 2536 1148 2590 invenerunt
1206 2535 1500 2606 antiquitus
1558 2536 1780 2605 cultum,
1832 2536 1931 2590 sed

318 2630 448 2678 tunc
501 2631 769 2679 vetustate
827 2624 1146 2694 conlapsum
1201 2624 1525 2694 penitusque
1571 2624 1928 2694 destructum,

321 2710 478 2782 aquis
505 2719 691 2767 tamen
719 2712 912 2768 calidis
943 2712 1275 2782 speciosum,
1311 2712 1531 2766 nomine
1562 2712 1860 2768 Luxovium
1880 2728 1926 2771 b.

2028 1557 2214 1627 risque
2248 1555 2429 1623 futuri,
2466 1556 2696 1610 Sanctos
2725 1555 2919 1610 exinde
2959 1555 3333 1626 perpulerunt.
3366 1555 3500 1611 Inde
3525 1555 3630 1610 iter

2027 1651 2275 1716 agentes,
2309 1651 2675 1721 pervenerunt
2691 1644 2761 1697 ad
2782 1652 3023 1699 castrum
3041 1644 3187 1714 quod
3207 1644 3429 1698 Arbona
3455 1643 3477 1678 ί
3495 1659 3629 1697 nun-

2027 1740 2272 1803 cupatur,
2303 1732 2453 1800 juxta
2474 1732 2656 1787 lacum
2677 1732 3030 1799 Potamicum,
3061 1732 3243 1803 ibique
3271 1749 3301 1787 a
3320 1731 3633 1787 Willimaro

2033 1820 2339 1891 presbitera
2377 1819 2674 1875 honorifice
2704 1820 2962 1891 suscepti,
2979 1828 3187 1890 septem
3208 1820 3327 1875 dies
3345 1819 3633 1875 continuos

2028 1925 2149 1964 cum
2182 1909 2386 1981 gaudio
2416 1918 2855 1979 permanserunt.
2884 1908 2989 1976 Qui
3019 1925 3051 1963 a
3093 1909 3305 1964 Sanctis
3336 1908 3635 1979 interroga-

2029 2005 2136 2065 tus,
2172 1998 2218 2051 si
2247 1997 2410 2053 sciret
2458 1997 2637 2052 lacum
2667 1997 2722 2051 in
2753 1997 3045 2052 solitudine
3094 1997 3313 2053 illarum
3341 1996 3626 2069 proposito

2029 2103 2367 2157 congruum,
2400 2086 2635 2141 ostendit
2692 2087 2771 2141 eis
2830 2087 3007 2142 locum
3052 2085 3508 2155 jucundissimum
3563 2085 3632 2140 ad

2029 2175 2465 2241 inhabitandum,
2497 2175 2717 2230 nomine
2746 2175 3079 2246 Brigantium
3116 2183 3166 2230 ε’.

2109 2264 2295 2336 Ibique
2326 2264 2663 2336 reperientes
2703 2265 2964 2335 templum
2993 2264 3123 2319 olim
3152 2263 3474 2320 Christianae
3503 2262 3638 2319 reli-

2032 2352 2184 2423 gioni
2222 2353 2558 2420 dedicatum,
2591 2368 2736 2407 nunc
2754 2360 2934 2407 autem
2956 2353 3265 2407 daemonum
3312 2351 3639 2422 imaginibus

2030 2441 2301 2510 pollutum
2326 2482 2340 2508 ,
2386 2441 2662 2495 mundado
2710 2448 2762 2495 et
2817 2440 3196 2495 consecrando
3243 2440 3301 2494 in
3344 2439 3637 2510 pristinum

2032 2529 2386 2583 restituerunt
2415 2537 2644 2595 statum,
2667 2536 2832 2599 atque
2846 2544 2943 2599 pro
2966 2529 3160 2582 statuis
3182 2544 3318 2599 quas
3335 2528 3634 2597 ejecerunt,

2033 2625 2238 2672 sanctae
2266 2617 2505 2672 Aurelia:
2527 2617 2785 2688 reliquias
2805 2617 2834 2651 ιι
2852 2617 3053 2671 ibidem
3074 2616 3495 2672 collocaverunt.
3521 2615 3640 2671 Cel-

2030 2706 2167 2760 lulas
2228 2722 2357 2761 vero
2437 2706 2639 2760 ibidem
2699 2713 3076 2762 construentes
3100 2748 3115 2771 ,
3147 2705 3330 2776 ibique
3382 2704 3638 2778 degenda

320 2799 573 2855 Protinus
601 2817 733 2855 vero
775 2800 849 2855 ibi
893 2801 1117 2857 cellulas
1165 2809 1562 2867 construentes,
1622 2799 1767 2856 felici
1822 2801 2002 2882 vitaB
2034 2794 2253 2850 Christo
2293 2795 2501 2850 servire
2543 2794 2809 2861 volentes,
2861 2794 3120 2864 prohibiti
3170 2802 3298 2882 sunt
3343 2809 3374 2882 a
3412 2792 3636 2882 populo,

322 2884 642 2956 Christoque
670 2885 890 2939 amabili
920 2885 1332 2940 conversatione
1357 2901 1530 2956 usque
1587 2886 1660 2940 ad
1684 2892 1931 2957 tempora

326 2973 584 3045 Sigiberti
607 2973 841 3042 junioris
886 2973 1023 3027 filii°
1070 2974 1360 3041 Hiltiberti,
1412 2974 1625 3045 nepotis
1681 2974 1932 3030 videlicet

332 3060 613 3134 Sigiberti,
644 3063 1096 3133 perduraverunt.

399 3149 502 3219 Qui
519 3150 683 3206 etiam
705 3151 1153 3224 benignissimam
1175 3167 1303 3221 erga
1324 3150 1553 3206 Sanctos
1572 3151 1758 3206 habuit
1779 3168 1934 3206 men-

328 3254 461 3294 tem.
499 3239 608 3294 Sed
636 3239 1017 3294 Brunnehildis
1054 3240 1178 3295 avia
1233 3239 1404 3309 ipsius
1461 3240 1738 3312 Sigiberti,
1798 3256 1934 3295 uxor

330 3335 509 3383 autem
535 3328 1045 3399 prioriS‘Sigiberti,
1080 3328 1245 3398 plena
1267 3328 1548 3394 daemonis,
1584 3329 1932 3383 tenebrarum

328 3417 492 3485 socia,
527 3416 661 3472 lucis
691 3417 924 3482 inimica,
986 3417 1237 3472 omnibus
1285 3417 1444 3472 bonis
1501 3417 1790 3483 contraria,
1824 3434 1935 3473 non

324 3520 489 3577 passa
518 3514 601 3561 est
631 3506 861 3561 Sanctos
890 3506 945 3560 in
974 3505 1067 3561 illo
1115 3506 1415 3561 consistere
1465 3522 1654 3578 regno,
1705 3522 1808 3562 nec
1839 3524 1933 3562 re—

331 3594 553 3665 quievit,
591 3595 768 3650 donec
789 3610 884 3650 eos
901 3594 1027 3649 inde
1054 3596 1414 3665 perturbaret.
1451 3594 1556 3663 Qui
1577 3594 1769 3651 relicta
1791 3603 1935 3650 terra

323 3681 421 3738 illa
450 3691 738 3755 spretaque
768 3680 974 3738 diaboli
1005 3681 1133 3751 tilia,
1167 3684 1234 3738 ad
1264 3684 1579 3738 Latharium
1609 3700 1799 3756 regem
1817 3701 1937 3755 per-

328 3781 613 3828 venerunt.
647 3775 693 3827 A
727 3787 833 3843 qua
851 3771 1246 3845 benignissime
1275 3773 1535 3843 suscepti,
1560 3789 1683 3828 cum
1702 3773 1933 3839 honore,

327 3869 388 3917 ut
416 3860 726 3932 cupiebant,
760 3861 829 3916 ad
878 3861 1317 3917 Theodebertum
1374 3878 1561 3934 regem
1619 3862 1937 3917 Austrasio-

327 3965 450 4005 rum
478 3958 603 4004 sunt
648 3949 917 4020 perducti.
952 3952 997 4004 A
1055 3966 1162 4022 qua
1219 3959 1438 4022 accepta
1492 3959 1778 4022 potestate,
1839 3967 1940 4021 per

328 4039 705 4096 Alemanniam
734 4039 913 4095 locum
944 4039 1183 4110 eligendi
1211 4048 1392 4110 aptum
1424 4040 1622 4095 divinae
1672 4040 1937 4108 servituti,

329 4126 670 4184 Tuconiam‘l
702 4128 1060 4192 advenerunt,
1099 4144 1219 4199 qua:
1249 4136 1331 4183 est
1359 4128 1429 4182 ad
1461 4136 1637 4198 caput
1661 4128 1762 4183 laci
1777 4127 1943 4184 .Turi-

2036 2884 2193 2952 cujus
2222 2899 2351 2954 pars
2381 2884 2552 2952 major
2581 2883 2760 2938 adhuc
2804 2882 3087 2937 erroribus
3128 2881 3411 2937 diabalicis
3438 2881 3638 2936 illude-

2036 2972 2212 3026 batur.
2268 2972 2507 3043 Indeque
2580 2972 2836 3042 expulsus
2893 2979 3115 3026 auctore
3152 2971 3404 3027 Cunzone
3478 2970 3636 3036 duce,

2038 3069 2256 3114 sanctus
2287 3061 2656 3115 Columbanus
2694 3077 2819 3115 cum
2867 3060 2981 3113 suis
3010 3060 3077 3114 ad
3124 3058 3420 3132 Agilolfum
3449 3073 3640 3130 regem

2036 3149 2531 3221 Langobardorum
2551 3149 2811 3219 perrexit,
2837 3156 3027 3203 sancto
3046 3147 3298 3202 videlicet
3320 3146 3477 3202 Gallo
3492 3144 3643 3200 infir-

2035 3238 2223 3291 mitate
2254 3238 2474 3292 detento
2504 3237 2560 3290 in
2593 3237 2699 3291 illis
2718 3237 2967 3308 partibus
2984 3236 3261 3291 derelicto.
3285 3235 3457 3303 Quem
3477 3234 3641 3291 etiam

2037 3328 2109 3380 ab
2159 3326 2404 3381 laborem
2461 3326 2672 3380 itineris
2729 3334 2927 3397 putans
2989 3334 3213 3381 sanctus
3269 3324 3642 3380 Columbanus

2038 3415 2421 3487 aegritudinem
2456 3416 2732 3481 simulare,
2767 3414 3001 3470 aﬂicium
3033 3415 3110 3468 illi
3139 3413 3326 3469 altaris
3344 3413 3639 3479 interdixit,

2038 3505 2168 3558 dum
2198 3504 2315 3575 ipse
2350 3504 2717 3559 Columbanus
2760 3504 2816 3557 in
2846 3504 2949 3559 hac
2993 3504 3099 3558 vita
3127 3502 3436 3558 mansisset.
3468 3501 3484 3536 ί
3512 3503 3644 3557 Hec

2038 3600 2219 3647 autem
2249 3593 2437 3647 omnia
2458 3593 2705 3664 quisquis
2720 3592 2935 3663 plenius
2956 3592 3095 3648 scire
3123 3591 3288 3661 cupit,
3316 3599 3369 3646 et
3390 3590 3643 3662 quedam

2040 3681 2097 3735 in
2127 3683 2233 3737 hoc
2265 3682 2533 3752 opusculo
2580 3681 2883 3753 sequentia,
2917 3698 2946 3735 a
2979 3681 3137 3736 nobis
3166 3696 3300 3735 vero
3358 3696 3424 3734 ex
3461 3679 3645 3752 aliqua

2039 3778 2193 3839 parte
2223 3779 2494 3836 contacta,
2529 3770 2584 3824 in
2613 3770 2768 3825 libris
2815 3779 3035 3827 actuum
3074 3770 3392 3825 earumdem
3422 3776 3644 3825 sancto-

2039 3876 2162 3913 rum
2212 3859 2578 3930 jplenissime
2634 3860 2852 3933 digesta
2896 3860 3150 3931 reperiet.
3225 3859 3341 3915 Nos
3378 3874 3526 3927 vero,
3587 3865 3645 3914 ut

2043 3948 2330 4019 cmpimus,
2365 3966 2429 4003 ex
2487 3949 2630 4005 notis
2688 3965 2809 4019 qum
2843 3956 2968 4003 sunt
3024 3948 3337 4004 necessaria
3374 3962 3545 4018 pauca
3576 3962 3643 4001 ex

2040 4044 2197 4105 parte
2230 4044 2538 4109 tangamus,
2574 4044 2625 4090 et
2671 4038 2739 4090 ad
2775 4037 2977 4091 intacta
3023 4036 3202 4101 citius,
3235 4037 3352 4090 Deo
3378 4036 3639 4104 donante,

2040 4140 2419 4194 properemus.
2446 4125 2614 4195 Igitur
2642 4125 2833 4179 beatus
2863 4125 3053 4179 Gallus
3082 4131 3206 4195 post
3236 4122 3407 4179 felicis
3427 4122 3642 4178 disces-

330 4216 465 4283 cini;
512 4216 607 4271 ubi
647 4232 770 4272 cum
801 4216 1103 4271 consistere
1160 4216 1381 4285 vellent,
1442 4216 1812 4287 papulumquc
1871 4216 1937 4269 ab
1970 4210 2018 4241 υ
2044 4228 2165 4266 sum
2222 4213 2469 4285 magistri
2526 4213 2769 4268 studiose
2827 4213 2989 4283 cmpit
3044 4212 3314 4284 inquirere
3368 4211 3551 4267 locum
3588 4210 3645 4265 in

330 4320 514 4361 errore
543 4305 853 4361 daemonum
883 4320 1149 4361 revocare
1177 4336 1243 4344 —
1274 4321 1399 4358 nam
1429 4305 1609 4361 adhuc
1640 4305 1799 4359 idolis
1830 4303 1936 4359 im-

326 4393 688 4449 molabant—
720 4393 876 4449 Gallo
930 4394 1073 4449 idola
1103 4410 1243 4450 vana
1298 4392 1717 4465 cont‘ringentoe
1772 4402 1825 4449 et
1882 4394 1937 4447 in

329 4480 509 4539 lacum
542 4482 779 4539 vicinum
809 4482 1181 4553 demergente,
1204 4482 1439 4554 populus
1460 4483 1517 4536 in
1536 4482 1669 4537 iram
1701 4499 1936 4539 conver-

404 4640 429 4669 ι
448 4627 710 4689 Ratpertus
736 4625 1056 4691 (Rathgeber)
1085 4630 1368 4678 constanter
1386 4630 1587 4678 vocatur
1606 4630 1655 4678 et
1677 4640 1772 4677 non
1796 4627 1937 4678 Ruh-

330 4698 503 4760 pertus
546 4693 929 4759 (Ruhebringer)
981 4695 1060 4744 vel
1107 4695 1381 4756 Budpertus
1429 4693 1840 4759 (Larmmacher).
1890 4695 1937 4745 Is

331 4761 515 4826 Tiguro
541 4775 593 4812 sc
617 4766 784 4811 natum
822 4761 983 4823 prodit
1023 4761 1158 4811 hisce
1195 4762 1346 4812 codici
1395 4763 1565 4827 Tiguri
1602 4766 1853 4814 asservata
1875 4764 1935 4814 de

332 4826 422 4881 SS.
447 4828 609 4879 Felice
633 4834 682 4879 et
703 4828 885 4891 Regula
906 4828 1156 4891 inscriptis
1182 4829 1400 4879 versibus
1423 4848 1435 4877 :

463 4938 698 4995 Obsecro,
723 4937 785 4987 da
810 4937 1006 4986 veniam
1032 4937 1244 4999 patriam
1269 4938 1507 4998 repedare
1536 4939 1797 5002 gradatim,

465 5005 617 5067 Quam
643 5005 841 5065 cupiens
862 5003 1073 5054 Felicem
1100 5004 1260 5054 visere
1285 5018 1425 5055 curro
1452 5007 1796 5068 propinquam,

464 5073 853 5133 Germanamque
878 5070 1001 5134 ejus,
1025 5083 1131 5132 quae
1157 5073 1339 5133 Regula
1361 5072 1471 5133 jure
1493 5076 1713 5122 vocatur.

399 5228 425 5265 ι)
451 5208 667 5260 Luwcuil
689 5208 740 5257 in
760 5207 995 5257 comitatu
1021 5208 1328 5272 Burgundiaa.

399 5311 714 5375 cSigibertus
732 5310 897 5371 junior
939 5311 1066 5361 ﬁlius
1107 5311 1399 5362 Theoderici
1442 5312 1503 5373 ll,
1549 5311 1850 5364 Childeberti
1894 5314 1936 5364 ΙΙ

331 5392 501 5442 nepos,
527 5377 795 5442 Sigibertil
821 5389 1063 5441 pronepos
1087 5379 1196 5429 fuit.

399 5507 424 5547 ἀ
446 5490 599 5542 Hodie
622 5491 816 5554 Tuggen
842 5488 905 5540 ad
929 5490 1054 5540 ostia
1080 5489 1377 5552 Lintomagi.

394 5622 418 5650 e
435 5593 577 5647 Ionas
602 5593 652 5645 in
675 5593 788 5646 Vita
810 5593 866 5646 S.
892 5592 1185 5648 Golumbani
1208 5591 1420 5645 Wodani
1443 5590 1571 5645 idola
1596 5591 1771 5646 fuisset
1802 5594 1929 5647 scri-

2038 4301 2263 4356 herema
2276 4318 2341 4355 ex
2363 4302 2466 4355 alia
2487 4310 2642 4373 parte
2663 4301 2847 4357 castrii
2865 4301 2891 4335 ¹ί
2908 4301 3113 4373 praefati
3132 4300 3361 4371 Alpibus
3381 4299 3639 4372 contigua

2038 4389 2237 4444 divinis
2270 4390 2622 4445 famulatibus
2654 4399 2861 4461 aptum,
2898 4407 3061 4461 quem
3089 4398 3142 4445 et
3185 4389 3458 4444 inventum
3489 4387 3645 4459 aquis

2037 4477 2371 4550 planitieque
2394 4479 2726 4555 jucundum,
2761 4479 2899 4535 duce
2927 4479 3164 4551 quodam
3194 4476 3486 4533 Willimari
3515 4492 3642 4548 pre-

2036 4614 2109 4664 bit
2132 4616 2402 4677 Ratpertus
2429 4615 2478 4663 in
2504 4616 2558 4665 S.
2585 4614 2711 4666 Galli
2750 4614 2998 4666 cantilena
3044 4613 3190 4677 Iovis,
3236 4611 3558 4665 Ekkehardus
3584 4610 3647 4662 IV

2036 4681 2165 4731 Iovis
2192 4685 2240 4731 et
2264 4682 2494 4745 Neptuni.

2104 4766 2295 4815 fHodie
2332 4767 2514 4827 Arbon,
2541 4766 2772 4817 Romanis
2819 4767 2977 4819 Arbor
3011 4766 3146 4828 felix,
3173 4777 3200 4815 a
3224 4767 3277 4815 S.
3314 4764 3451 4816 Callo
3489 4764 3648 4814 tribus

2038 4831 2173 4883 horis
2196 4833 2382 4882 distans
2416 4834 2667 4896 Oppidum.

2105 4923 2130 4960 ε
2154 4916 2305 4966 Hodie
2331 4917 2554 4982 Bregenz
2579 4919 2628 4966 in
2652 4930 2876 4980 supremo
2903 4918 3036 4968 lacus
3060 4917 3295 4968 Potamici
3322 4928 3456 4967 smu.

2104 5001 2287 5052 hDivaa
2335 5000 2501 5063 hujus,
2553 5015 2659 5063 qua:
2707 5006 2756 5051 et
2798 5002 3106 5063 Argentorati
3157 5001 3408 5052 colebatur
3456 5000 3648 5064 (Gallia

2039 5067 2371 5129 Christiana),
2403 5068 2521 5117 nulli
2548 5069 2816 5131 scriptores
2863 5070 2990 5118 sacri
3017 5068 3287 5119 meminere
3311 5083 3325 5131 ;
3351 5068 3547 5119 videtur
3572 5067 3651 5116 his

2037 5133 2087 5183 in
2113 5138 2260 5184 terris
2285 5136 2503 5185 Romano
2515 5147 2620 5185 rum
2646 5142 2869 5199 tempore
2902 5136 3190 5198 martyrium
3218 5148 3382 5200 passa.

2104 5219 2117 5255 ί
2154 5220 2268 5268 Haec
2293 5222 2398 5281 post
2425 5231 2591 5269 vocem
2630 5220 2978 5280 aegritudinem
3020 5233 3048 5269 a
3084 5226 3328 5284 scriptore
3351 5221 3531 5271 omissa
3551 5218 3648 5269 alia

2036 5298 2209 5335 manus
2233 5300 2398 5335 coaeva
2423 5287 2666 5347 adposuit,
2693 5292 2957 5348 secutaque
2995 5286 3208 5339 indolem
3252 5288 3531 5338 Teutonicaa
3557 5286 3650 5336 lin-

2037 5364 2141 5414 gua:
2163 5365 2250 5414 pro
2274 5359 2492 5403 maneret
2514 5353 2714 5415 scripsit
2738 5355 3022 5406 mansisset.

2099 5447 2240 5563 islssge
2276 5446 2403 5496 liber
2441 5446 2717 5497 adhucdum
2764 5447 2906 5499 adest
2948 5449 2999 5500 in
3046 5448 3344 5500 bibliotheca
3387 5447 3441 5497 S.
3491 5444 3644 5506 Galli,

2036 5526 2089 5564 Π.
2110 5526 2228 5563 ῧῧό.

2102 5588 2130 5630 ¹ι
2152 5598 2335 5662 Nempe
2359 5597 2562 5652 Arboris
2584 5597 2766 5651 felicis.
