4086 6306
501 232 642 286 1059

1623 231 1762 288 RAT
1770 231 2033 288 PERTUS
2089 229 2618 291 SANGALLENSIS
2655 234 2892 292 ABBAS.

3670 241 3803 296 1060

501 369 724 441 sybiteri
744 370 1004 437 ‘diacono,
1036 387 1159 426 cum
1189 371 1555 444 gratulatione
1587 373 1828 444 suscepit
1857 389 1966 428 non
1995 354 2180 428 mi-A
2208 367 2617 427 concesserunt.
2681 360 2866 415 ευδῐθῐ·
2921 367 3112 416 Ποιδΐθ
3167 360 3516 428 curamus;
3577 377 3805 434 quorum

504 459 668 526 nima,
692 459 982 530 ipsumque
1010 459 1190 516 locum
1215 460 1436 530 jejuniis
1465 469 1518 516 et
1548 461 1882 517 orationibus
1911 477 2106 518 conse-

499 547 726 616 orando,
759 547 1016 603 cellulam
1046 547 1272 614 ibidem,
1304 548 1360 602 in
1391 565 1496 620 qua
1526 549 1644 620 ipse
1672 558 1725 604 et
1763 566 1886 606 cum
1911 565 1978 605 eo
1996 551 2104 604 Do-

502 634 650 690 mino
679 634 930 694 servituri
955 645 1382 700 commanerent,
1417 637 1666 692 celeriter
1705 635 1995 694 aediﬁcavit
2016 641 2104 692 ln-

499 731 648 779 terea
669 723 910 794 prmdicti
931 724 1086 780 ducis
1102 725 1372 780 Cunzonis
1389 724 1572 792 ﬁliam,
1595 741 1852 797 sponsam
1873 735 1898 761 ⁸
1921 726 2106 782 videli-

501 821 586 868 cet
613 811 764 884 regis
797 812 1078 885 Sigiberti,
1133 813 1353 884 spiritus
1392 814 1660 886 malignus
1688 814 1904 881 invasit,
1939 831 2102 886 quem

499 917 623 956 cum
661 901 907 972 episcOpi
931 915 1109 974 arege
1143 902 1354 968 directi,
1391 919 1618 974 quorum
1653 903 1814 958 etiam
1848 903 2102 958 credebat

499 989 792 1055 sanctitati,
814 989 882 1043 ab
905 1005 972 1044 ea
1003 989 1278 1060 expellere
1313 1005 1422 1044 non
1456 990 1779 1061 potuissent,
1807 992 1905 1046 sed
1936 991 2100 1046 etiam

498 1094 623 1135 cum
643 1077 946 1150 ignominia
961 1077 1032 1132 ab
1065 1093 1131 1132 eo
1151 1078 1364 1148 expulsi
1397 1077 1658 1145 fuissent,
1679 1079 1868 1135 beatus
1909 1079 2100 1134 Gallus

498 1183 609 1224 non
625 1167 817 1238 prima,
842 1166 1060 1236 sedjam
1071 1167 1598 1238 secundalegatione
1621 1176 1780 1240 atque
1793 1167 2096 1224 humillima

501 1256 897 1328 supplicatione
928 1255 996 1310 ab
1039 1255 1234 1311 eodem
1265 1256 1404 1312 duce
1426 1266 1700 1328 suscepta,
1723 1257 1906 1314 locum
1923 1257 1977 1311 in
1991 1273 2096 1330 quo

497 1345 682 1416 puella
737 1345 1056 1411 vexabatur,
1114 1345 1442 1415 presbytero
1495 1345 1816 1413 comitante,
1851 1346 2091 1413 devenit,

499 1435 820 1505 hostemque
851 1433 1149 1506 malignum
1194 1433 1440 1489 oratione
1490 1434 1776 1505 praemissa
1804 1450 1837 1490 a
1865 1451 2098 1506 pervasa

498 1522 662 1579 domo
691 1522 985 1594 imperiosa
1009 1537 1144 1578 voce
1174 1530 1428 1594 potenter
1449 1523 1624 1592 ejecit,
1659 1523 1903 1595 patrique
1933 1523 2094 1594 puel-

495 1611 605 1668 lam
634 1609 873 1667 reddidit
901 1627 1111 1677 sanam,
1145 1611 1434 1684 statimque
1463 1612 1533 1666 ad
1553 1612 1770 1668 dilecte
1787 1612 2094 1667 solitudinis

2207 446 2431 502 nomina
2457 448 2576 503 hac
2607 456 2762 502 sunt:
2795 448 3136 504 Willibertus
3195 449 3444 506 videlicet
3495 451 3803 522 presbyter,

2206 543 2259 590 et
2291 535 2439 590 I‘alto
2470 536 2554 592 vir
2583 535 2830 603 illustris,
2863 537 3155 608 Tagoberti
3210 538 3415 594 scilicet
3449 540 3596 613 regis
3624 554 3804 595 cama-

2205 623 2374 678 rarius
2403 631 2456 678 et
2487 633 2678 694 postea
2707 641 2893 680 comes
2919 626 3162 695 ejusdem
3192 627 3324 698 pagi
3350 643 3382 680 a
3410 627 3606 700 quibus
3661 627 3804 683 idem

2205 719 2448 778 sanctus,
2481 729 2604 768 cum
2634 713 2689 767 in
2721 729 2956 784 corpore
2971 714 3198 781 viveret,
3221 731 3345 770 eum
3367 715 3808 787 augmentatione

2203 800 2364 869 hujus
2394 800 2500 856 loci
2527 817 2637 857 non
2668 817 2854 874 parva,
2897 801 3137 858 maxima
3185 803 3531 860 veneratione
3591 803 3808 860 habitus

2203 896 2304 942 est.

2271 991 2324 1044 2.
2359 989 2428 1041 At
2448 995 2736 1060 postquam
2768 987 2837 1044 de
2868 1004 3094 1060 corpore
3124 989 3372 1061 spiritum
3419 990 3722 1046 transmisit
3741 990 3807 1046 ad

2201 1083 2400 1145 astras,
2433 1092 2463 1130 a
2483 1077 2894 1132 successoribus
2923 1077 3148 1133 istorum
3169 1080 3324 1135 locus
3344 1078 3445 1135 iste
3471 1079 3542 1134 ob
3561 1095 3808 1135 amorem

2202 1163 2384 1221 Sancti
2414 1163 2662 1220 similiter
2690 1173 3072 1238 augmentatus
3127 1175 3212 1222 est
3239 1183 3412 1239 usque
3439 1169 3508 1224 ad
3555 1175 3808 1239 tempora

2200 1253 2380 1308 Caroli
2401 1252 2446 1307 ἀ.
2481 1253 2724 1308 Taltonis
2752 1269 2884 1310 vero
2911 1254 3055 1309 ﬁlius
3083 1254 3180 1310 fuit
3196 1256 3452 1324 Thiotolt,
3473 1257 3624 1326 cujus
3661 1255 3808 1311 ﬁlius

2199 1341 2368 1405 Pollo,
2403 1341 2640 1396 Pollonis
2673 1349 2854 1398 autem
2885 1341 3030 1398 filius
3059 1343 3446 1415 Waldpertus;
3479 1345 3568 1417 qui
3614 1344 3808 1418 genuit

2197 1430 2658 1492 Waldrammum.
2688 1431 2812 1502 Ipse
2840 1431 3618 1490 veroWaIdrammus°locum
3639 1433 3806 1488 istum

2195 1518 2252 1572 in
2274 1519 2528 1574 omnibus
2548 1519 2618 1574 ob
2639 1535 2882 1576 amorem
2904 1522 3077 1577 sancti
3099 1521 3240 1576 Galli
3261 1538 3463 1594 augere
3483 1523 3806 1578 desiderans

2197 1607 2612 1679 regularemque
2639 1608 2772 1662 inibi
2802 1610 2969 1664 vitam
2995 1609 3279 1666 instituere
3310 1611 3554 1681 cupiens,
3608 1610 3807 1666 Otma-

497 1701 805 1756 chariorem
834 1701 993 1756 rediit
1022 1700 1219 1755 aulam.
1261 1699 1519 1756 Praefatus
1549 1701 1714 1774 igitur
1743 1717 1838 1756 rex
1867 1701 2095 1756 audiens
2123 1708 2176 1768 Β
2196 1712 2316 1751 rum
2363 1704 2613 1752 sanctum
2667 1697 2845 1752 virum
2873 1713 2907 1752 a
2964 1698 3196 1760 Victore.
3267 1699 3470 1754 Rhetite
3525 1699 3807 1756 Curiensis

495 1789 736 1862 puellam
765 1805 795 1843 a
823 1789 1077 1860 passione
1107 1797 1251 1844 tanta
1281 1797 1540 1855 sanatam,
1564 1789 1678 1844 suis
1699 1805 1822 1844 eam
1852 1805 2093 1860 praesen-

498 1878 606 1935 tari
625 1878 854 1949 jubebat
881 1877 1212 1949 aspectibus.
1247 1877 1382 1946 Quae
1429 1877 1764 1950 interrogata
1785 1895 1815 1932 a
1845 1878 2092 1949 principe

496 1975 803 2030 memorata
831 1967 900 2022 de
929 1983 1094 2023 causa
1119 1966 1434 2024 salvationis
1465 1984 1596 2036 suae,
1644 1975 1887 2022 sanctum
1916 1965 2092 2022 virum

496 2074 623 2115 cum
677 2057 886 2112 actibus
932 2055 1078 2126 suis,
1113 2064 1168 2111 et
1213 2055 1492 2112 beneficiis
1541 2055 1686 2111 circa
1725 2073 1783 2110 se
1812 2072 1912 2126 per
1941 2055 2092 2110 illum

497 2143 752 2203 exhibitis
780 2144 972 2200 ordine
1012 2145 1222 2215 pandit,
1255 2144 1519 2214 adjiciens
1548 2153 1601 2200 et
1633 2160 1856 2218 rogans,
1891 2153 1946 2198 ut
1976 2144 2094 2215 ipse

497 2252 622 2292 cum
649 2250 764 2290 sum
792 2232 962 2306 gratia
989 2233 1207 2304 pietatis
1231 2233 1549 2306 dignaretur
1573 2231 1780 2289 fovere.
1815 2233 1976 2302 Quod
1996 2250 2094 2288 rex

497 2324 738 2396 benigne
780 2321 1104 2393 suscipiens,
1159 2322 1314 2392 cujus
1342 2322 1550 2378 heremi
1579 2325 1782 2394 hospes
1811 2321 2088 2390 exstiterit,

494 2411 794 2485 inquisivit,
845 2410 1294 2483 comperiensque
1343 2419 1600 2467 narrante
1653 2411 1833 2483 puella
1863 2411 2093 2482 aliisque

493 2499 748 2558 ﬁdelibus
767 2499 919 2570 viris,
936 2517 1002 2555 ex
1021 2507 1174 2570 parte
1190 2501 1260 2555 ad
1283 2499 1491 2572 regiam
1509 2508 1853 2572 potestatem,
1874 2499 2092 2555 aliunde

491 2605 622 2648 vero
650 2590 720 2646 ad
747 2588 1154 2661 possessionem
1185 2589 1448 2644 nobilium
1477 2589 1728 2646 viliorum
1759 2604 1785 2641 b
1815 2589 2092 2660 pertinere

490 2681 760 2736 herenum
806 2695 863 2734 ιιι
904 2693 1012 2750 qua
1069 2678 1299 2734 Sanctus
1355 2678 1734 2734 commanebat
1788 2694 1915 2735 cum
1955 2677 2088 2745 suis,

492 2767 761 2841 protimus
789 2774 997 2838 partem
1025 2767 1196 2840 regiae
1225 2767 1483 2838 potestati
1523 2767 1808 2824 cedentem
1863 2766 2092 2838 praefato

493 2858 696 2915 Sancto
722 2871 822 2911 sua
851 2855 1166 2911 auctoritate
1195 2855 1520 2911 contradidit
1549 2863 1590 2922 °,
1626 2863 1679 2911 et
1709 2855 2002 2922 constituit,
2037 2863 2095 2910 ut

491 2953 606 3002 tam
667 2944 784 3016 ipse
839 2959 1004 3016 quam
1058 2943 1265 3016 posteri
1324 2944 1444 3014 ejus
1471 2944 1694 3011 ibidem,
1739 2944 1944 3000 scilicet
1977 2945 2093 3013 ejus

493 3033 744 3106 exemplo
793 3033 1026 3088 Domino
1082 3032 1338 3088 servituri
1394 3033 1574 3089 locum
1625 3031 1913 3104 praefatum
1969 3048 2092 3089 cum
2111 3066 2160 3130 α

489 3121 1003 3192 circumjecentibus
1025 3121 1285 3178 silvarum
1306 3121 1608 3178 commodis
1639 3139 1737 3194 per
1759 3121 1974 3194 regium
2003 3137 2094 3177 au-

489 3213 793 3270 ctoritatem
853 3210 1113 3282 deinceps
1169 3209 1482 3266 ﬁrmissime
1523 3211 1843 3266 retinerent.
1877 3213 2092 3266 Etuta

487 3301 638 3358 nullo
669 3302 772 3356 hoc
805 3300 1164 3370 imposterum
1193 3300 1398 3356 destrui
1429 3299 1654 3367 valeret,
1679 3300 1919 3371 proprias
1949 3316 2086 3357 auc-

489 3389 724 3447 toritatis
761 3387 1075 3444 ﬁrmissima
1120 3388 1526 3460 conscriptione
1567 3389 1779 3444 munire
1825 3389 2085 3460 decrevit,

489 3478 658 3554 quod.
688 3485 748 3533 ut
775 3477 914 3533 bene
963 3477 1254 3550 cogitavit,
1287 3477 1488 3548 optime
1544 3476 1791 3548 perfecit.
1851 3476 2090 3533 Cunzoni

485 3583 703 3642 quoque
722 3566 849 3623 duci
867 3565 1210 3638 praecepit,ut
1230 3582 1354 3622 cum
1374 3566 1620 3621 omnibus
1639 3566 1820 3622 eidem
1839 3567 2090 3622 heremo-

485 3655 682 3713 vicinis
701 3654 1116 3711 necessitatibus
1132 3655 1308 3711 sancti
1328 3654 1712 3726 Gallizsedulus
1731 3671 1798 3712 ac
1814 3655 2088 3712 studiosus

486 3745 667 3800 fautor
684 3744 965 3809 existeret,
993 3751 1048 3797 et
1073 3743 1130 3797 in
1158 3743 1420 3810 aediﬁciis,
1457 3751 1510 3799 et
1529 3744 1584 3798 in
1605 3743 2088 3816 qualibuscumque

487 3833 654 3890 rebus
682 3831 828 3886 illius
857 3830 1124 3902 indigeret
1146 3831 1354 3898 solatio,
1381 3833 1523 3902 quod
1546 3840 1600 3887 et
1633 3833 1828 3888 devote
1855 3833 2090 3904 comple-

485 3923 581 3980 vit.
614 3919 734 3991 Qua
789 3919 1112 3976 auctoritate
1152 3920 1354 3992 talique
1381 3919 1653 3976 firmitatis
1681 3921 2088 3992 conscriptione

485 4012 640 4069 locus
692 4010 794 4066 iste
829 4017 976 4065 tutus
1033 4011 1102 4064 ab
1159 4010 1491 4067 adversariis
1542 4027 1716 4082 usque
1745 4011 1812 4066 ad
1841 4019 2088 4082 tempore.

483 4099 660 4172 Pipini
706 4107 761 4155 et
815 4099 996 4154 Caroli
1025 4099 1346 4170 permansit.
1379 4099 1689 4172 Religiosos
1717 4101 1884 4156 etiam
1912 4101 2083 4169 viros,

484 4190 578 4262 qui
606 4188 858 4245 eumdem
889 4195 1140 4245 sanctum
1168 4189 1225 4242 in
1261 4205 1362 4244 sua
1393 4197 1773 4260 susceperunt,
1809 4190 2085 4260 ejusdem-

485 4293 592 4351 que
637 4277 846 4334 heremi
877 4276 967 4347 jus
1013 4277 1400 4333 hereditarium
1444 4277 1521 4332 illi
1575 4277 1896 4349 potestativa
1924 4295 2086 4334 manu

2193 1784 2408 1849 comite,
2484 1784 2814 1854 impetravit,
2867 1785 3026 1858 eique
3095 1787 3290 1843 cellam
3341 1787 3620 1858 praefatam
3674 1804 3806 1845 cum

2193 1873 2444 1929 omnibus
2470 1873 2540 1928 ad
2569 1889 2691 1929 eam
2719 1873 3114 1944 pertinentibus
3143 1877 3560 1944 commendavit,
3631 1876 3807 1933 abba-

2193 1971 2412 2034 temque
2442 1961 2734 2028 constituit,
2767 1970 2824 2016 ut
2852 1962 2910 2016 in
2938 1963 3056 2019 Vita
3083 1963 3254 2034 ipsius
3283 1963 3600 2036 plenissime
3628 1965 3806 2022 conti-

2191 2059 2368 2106 netur.
2401 2051 2596 2106 Postea
2624 2066 2755 2106 vero
2785 2059 3028 2122 tempore
3075 2053 3407 2122 procedente
3464 2061 3629 2126 atque
3654 2062 3802 2110 statu

2191 2139 2505 2196 monasterii
2530 2139 2586 2194 in
2615 2139 2810 2194 melius
2837 2139 3170 2212 proﬁciente,
3202 2141 3460 2212 praefatus
3487 2143 3802 2198 Waldram-

2193 2246 2315 2284 mus
2327 2229 2578 2284 eumdem
2595 2228 2850 2284 abbatem
2871 2228 3150 2285 Otmarum
3163 2231 3390 2302 Pippino
3407 2231 3523 2303 regi
3565 2248 3809 2303 praesen-

2195 2317 2344 2383 tavit,
2376 2317 2590 2388 ipsique
2619 2317 2739 2390 regi
2769 2317 3178 2390 monasterium,
3209 2319 3355 2390 quod
3385 2321 3566 2378 adhuc
3613 2321 3800 2378 haere-

2193 2406 2388 2462 ditario
2441 2407 2565 2476 jure
2617 2406 2674 2460 in
2727 2422 2826 2461 sua
2880 2405 3098 2463 tenebat
3152 2415 3438 2479 potestate,
3496 2425 3622 2465 cum
3675 2408 3800 2481 ipso

2192 2495 2398 2566 pariter
2437 2495 2634 2550 abbate
2686 2495 3030 2550 contradidit.
3091 2497 3174 2550 Ea
3223 2497 3475 2553 videlicet
3527 2513 3710 2565 causa,
3743 2506 3801 2553 ut

2191 2584 2311 2655 ipse
2341 2583 2514 2639 abbas
2545 2583 2768 2656 ejusque
2827 2599 3170 2640 successores
3209 2584 3352 2640 idem
3406 2586 3799 2643 monasterium

2194 2671 2350 2745 regia
2377 2671 2694 2729 auctoritate
2721 2671 3038 2741 retinentes,
3077 2673 3279 2728 nullius
3335 2673 3530 2730 deinde
3583 2675 3799 2731 violen-

2193 2762 2266 2816 tia
2293 2770 2693 2833 premerentur,
2727 2761 2824 2816 sed
2853 2762 3227 2818 tantummodo
3241 2779 3432 2835 regum
3451 2763 3795 2833 jussionibus

2195 2851 2494 2906 obedirent.
2527 2849 2684 2918 Quod
2716 2849 3000 2906 benivolus
3028 2851 3284 2922 princeps
3335 2851 3573 2924 benigne
3613 2853 3795 2910 susci-

2193 2939 2371 3011 piens,
2402 2939 2581 2994 statim
2609 2941 2769 3009 hujus
2797 2955 2976 2995 causae
3002 2939 3458 3012 conscriptionem
3486 2939 3608 2997 ﬁeri
3651 2957 3795 3014 pra:-

2194 3028 2370 3100 cepit;
2403 3028 2610 3084 scilicet
2652 3037 2710 3083 ut
2763 3028 3018 3084 monachi
3075 3029 3318 3098 ejusdem
3372 3029 3479 3087 loci
3535 3030 3797 3104 deinceps

2189 3125 2512 3188 potestatem
2543 3117 2805 3172 haberent
2839 3117 3089 3173 abbatem
3119 3117 3324 3190 eligere
3352 3117 3476 3186 sibi,
3507 3126 3671 3191 atque
3698 3135 3796 3176 so-

2188 3205 2254 3261 lis
2283 3205 2658 3262 tantummodo
2688 3205 2912 3279 regibus
2941 3206 3299 3276 subjacerent.
3337 3205 3515 3276 Quam
3543 3207 3795 3264 conscri-

2187 3294 2430 3366 ptionem
2461 3295 2932 3363 suasauctoritatis
2961 3295 3248 3368 signaculo
3277 3295 3614 3353 conﬁrmavit
3641 3297 3682 3364 ί,
3714 3304 3798 3352 at-

2189 3401 2296 3456 que
2325 3383 2579 3440 abbatem
2608 3383 2787 3456 ipsum
2816 3384 2872 3439 in
2903 3400 3003 3440 sua
3031 3385 3274 3454 remisit;
3307 3386 3399 3458 qui
3418 3387 3564 3442 idem
3593 3401 3793 3442 mona-

2188 3468 2414 3524 sterium
2440 3485 2541 3540 per
2569 3484 2742 3524 annos
2791 3470 2856 3522 40
2915 3467 3144 3525 feliciter
3198 3469 3354 3537 rexit,
3415 3470 3792 3527 Waldrammo

2187 3557 2448 3630 praedicto
2474 3561 2544 3616 20
2575 3558 2732 3612 annis
2779 3557 3028 3613 solatium
3093 3557 3172 3614 illi
3226 3567 3536 3630 praestante.
3599 3559 3791 3616 Postea

2186 3663 2336 3718 vero,
2369 3647 2440 3702 ob
2471 3663 2631 3719 quam
2662 3663 2900 3713 causam,
2935 3654 2990 3702 et
3017 3646 3252 3720 quando,
3285 3657 3338 3704 et
3384 3648 3617 3721 qualiter
3646 3647 3791 3705 idem

2187 3735 2360 3792 abbas
2389 3752 2424 3792 a
2451 3735 2683 3792 Warino
2714 3744 2766 3792 et
2780 3734 3105 3792 Ruadhardo
3133 3745 3162 3781 ε
3182 3735 3373 3793 exsilio
3385 3737 3695 3804 damnatus,
3718 3737 3789 3794 ad

2185 3833 2504 3896 perpetuam
2534 3825 2604 3880 sit
2657 3840 2917 3881 coronam
2971 3825 3289 3898 perductus,
3337 3825 3391 3881 in
3447 3826 3602 3882 libris
3657 3827 3791 3883 Vita:

2183 3905 2377 3980 ipsius,
2413 3909 2504 3980 qui
2536 3909 2675 3965 scire
2696 3909 2990 3979 desiderat,
3020 3909 3255 3981 pleniter
3281 3911 3509 3984 degesta
3526 3911 3784 3983 reperiet.

2187 3999 2315 4053 Post
2343 3999 2462 4055 haec
2490 4015 2620 4054 vero
2651 3998 2924 4071 Sydonius
2953 3999 3384 4055 Constantiensis
3439 4000 3663 4072 praesul,
3697 3999 3786 4074 qui

2184 4095 2237 4142 et
2265 4087 2678 4158 monasterium,
2711 4088 2858 4161 quod
2887 4089 3043 4144 Auva
3069 4087 3096 4123 ιι
3119 4096 3446 4158 nominatur,
3475 4088 3533 4144 in
3571 4104 3670 4145 sua
3695 4105 3790 4160 po-

2186 4184 2378 4232 testate
2415 4177 2666 4244 habebat,
2727 4176 3111 4251 instigantibus
3166 4176 3405 4249 prazfatis
3459 4178 3748 4236 comitibus
3767 4223 3781 4246 ,

2185 4266 2348 4336 ccepit
2371 4265 2648 4337 inquirere
2675 4265 3067 4322 monasterium
3097 4275 3370 4340 nostrum,
3396 4275 3451 4323 et
3467 4267 3524 4322 in
3540 4275 3785 4341 potesta-

550 4449 576 4478 ο.
598 4431 800 4485 Multum
820 4431 1002 4500 negotii
1022 4433 1129 4482 haec
1152 4443 1351 4500 sponsa,
1378 4443 1525 4500 quam
1550 4436 1718 4484 auctor
1737 4432 1860 4484 Vitae
1883 4433 1936 4484 S.
1960 4433 2085 4484 Galli
2101 4432 2154 4492 D
2251 4447 2274 4474 ο
2298 4434 2673 4497 Waltrammus,
2709 4436 2764 4486 ut
2799 4435 2972 4486 charta
3016 4435 3130 4486 anni
3167 4435 3266 4487 779
3309 4437 3538 4500 testatur,
3563 4434 3783 4488 tribunus

482 4501 826 4561 Frideburgam
852 4498 1090 4559 nominat,
1130 4498 1333 4548 eruditis
1368 4498 1660 4561 Sigibertum
1697 4513 1928 4563 sponsum
1952 4500 2088 4552 adin-

482 4569 651 4621 venire
675 4578 772 4616 non
797 4565 1064 4616 scientibus
1089 4565 1379 4616 facessebat.

547 4649 574 4686 δ
599 4651 707 4713 His,
733 4661 910 4712 nempe
938 4648 1224 4700 Taltonibus
1263 4649 1346 4699 illa
1387 4648 1521 4699 silva:
1561 4661 1698 4712 pars,
1726 4661 1832 4712 qua:
1854 4649 2090 4701 humilior

481 4722 533 4772 et
555 4717 851 4781 Thurgoviae
893 4716 1014 4766 locis
1051 4716 1200 4766 cultis
1239 4716 1504 4778 proximior
1545 4719 1671 4779 erat,
1717 4717 2081 4782 adpertinebat,

481 4797 588 4848 qua
612 4797 723 4836 cum
747 4783 1006 4834 rotundum
1043 4795 1230 4846 quoque
1271 4785 1485 4834 montem
1527 4784 1961 4847 complectebatur,
1989 4783 2086 4834 cel-

481 4853 579 4902 lam
605 4853 659 4902 S.
685 4850 815 4902 Galli
841 4850 1136 4912 attingebat,
1164 4862 1270 4912 quae
1294 4850 1428 4914 hinc,
1454 4851 1661 4902 incertis
1685 4863 1875 4915 quoque
1919 4854 1969 4902 et
2005 4851 2085 4900 in-

479 4917 915 5035 meniltisginibus,
957 4916 1063 4978 jam
1111 4917 1161 4966 in
1201 4917 1410 4981 illorum,
1457 4917 1562 4980 jam
1587 4919 1637 4970 in
1661 4919 1790 4981 regis
1817 4919 1964 4970 fundo
1989 4917 2084 4970 sita

649 4997 709 5034 lci
733 4997 812 5034 ur.
1855 5007 1878 5025 .

483 4995 592 5036 esse
613 4984 812 5035 dicitur.
1855 5007 1878 5025 .

547 5091 570 5120 ο
593 5087 711 5138 Post
728 5085 953 5138 devictos
978 5098 1107 5138 anno
1133 5085 1228 5137 497
1254 5087 1552 5139 Alamannos
1592 5088 1824 5138 mahnam
1847 5088 2082 5139 Helvetiae

482 5158 671 5218 partem
695 5152 812 5204 ﬁsco
836 5155 972 5215 regio
990 5155 1217 5216 cessisse,
1247 5154 1400 5218 liquet
1420 5168 1480 5206 ex
1505 5156 1618 5216 hac,
1649 5159 1698 5206 et
1717 5155 1824 5205 aliis
1858 5155 2084 5206 donatio-

476 5222 641 5283 nibus,
685 5232 806 5283 quas
851 5233 994 5284 reges
1039 5223 1336 5273 Francorum
1393 5223 1684 5286 parthenoni
1721 5221 2007 5286 Sekingensi
2032 5222 2082 5274 in

475 5289 709 5350 Glarona,
727 5288 959 5349 Tigurino
977 5289 1027 5338 in
1053 5289 1154 5346 Uri,
1180 5291 1479 5340 monasterio
1497 5289 1802 5341 Murbacensi
1822 5291 2078 5350 Lacernae,

479 5355 725 5407 nobilibus
748 5355 935 5407 Alsatis
958 5357 1092 5408 circa
1127 5357 1511 5423 Windonissam,
1536 5357 1832 5422 Lucernam,
1859 5362 1910 5409 et
1932 5356 2084 5408 Werd

479 5423 832 5476 contradldere.

476 5423 832 5476 contradldere.

543 5515 570 5557 ἀ
593 5518 776 5582 Nempe
797 5515 1030 5570 Martelti.

2183 4502 2290 4552 erat
2309 4501 2545 4552 territorii
2571 4501 2748 4565 vicini;
2774 4503 2818 4554 is
2841 4514 2902 4554 ex
2920 4514 3071 4554 uxore
3090 4502 3344 4554 Waltrada
3359 4505 3525 4567 genuit
3547 4503 3785 4554 Waltber-

2187 4571 2311 4632 tum,
2337 4569 2418 4631 qui
2441 4569 2748 4634 praecipitato
2783 4581 2912 4620 anno
2937 4583 3046 4620 cum
3073 4571 3246 4620 matris
3268 4583 3327 4620 ac
3350 4571 3558 4621 fratrum
3583 4582 3779 4622 assensu

2184 4636 2238 4688 S.
2267 4635 2408 4686 Gallo
2432 4633 2620 4702 vineas,
2647 4649 2788 4699 agros
2813 4641 2863 4688 et
2890 4637 3144 4688 ecclesiam
3169 4636 3220 4686 in
3243 4633 3605 4688 Rumanisborn
3632 4635 3781 4702 (nunc

2188 4703 2502 4767 Romishorn)
2553 4703 2776 4767 contulit,
2821 4706 2872 4754 et
2907 4703 2989 4766 jus
3025 4704 3075 4754 in
3115 4704 3252 4767 sylva
3295 4705 3594 4755 monasterio
3623 4703 3782 4756 vicina

2182 4768 2350 4886 lingua
2366 4768 2632 4888 decedendi,
2682 4782 2864 4834 porcos
2907 4770 3158 4835 pascendi,
3205 4774 3256 4822 et
3299 4771 3550 4822 runcando
3594 4771 3782 4822 novalia

2285 4849 2365 4887 ten
2399 4851 2436 4887 ι.

2184 4848 2436 4887 monendi.

2249 4940 2268 4978 ί
2286 4949 2447 5012 Neque
2472 4948 2588 5012 hoc,
2613 4958 2775 5010 neque
2817 4959 2965 5011 supra
3013 4950 3339 4998 memoratum
3383 4945 3660 5000 donationis
3701 4945 3778 4999 di-

2181 5015 2344 5078 ploma
2362 5017 2640 5080 supersunt.

2249 5120 2276 5158 ε
2293 5117 2526 5168 Warinus
2551 5117 2696 5167 trium
2715 5128 2950 5180 pagorum
2963 5115 3124 5166 lacum
3140 5115 3440 5168 Potamicum
3461 5116 3770 5168 ambientium

2180 5195 2344 5233 comes
2369 5187 2496 5246 erat,
2539 5184 2854 5247 Thurgoviae,
2893 5184 3182 5246 Linzgoviaa,
3230 5187 3280 5234 et
3325 5183 3568 5247 Hegovia.
3611 5183 3770 5235 Com

2189 5251 2342 5300 Trad.
2369 5249 2420 5300 8.
2453 5250 2602 5302 Galla.
2633 5252 2694 5300 Et
2716 5250 2970 5302 Ruadhart
2992 5262 3120 5300 anno
3163 5250 3261 5300 769
3301 5251 3480 5313 legitur
3522 5263 3682 5302 comes
3720 5249 3766 5300 in

2180 5317 2324 5366 Baar.
2355 5319 2444 5366 loc.
2479 5317 2565 5367 cit.
2593 5317 2709 5378 Quis
2733 5321 2956 5368 utrorum
2993 5317 3262 5369 Well'orum
3286 5317 3429 5382 stirpi
3455 5318 3768 5369 adnumeran-

2179 5384 2268 5434 dus
2305 5384 2389 5448 sit,
2424 5384 2688 5434 incertum.

2247 5478 2276 5515 ιι
2301 5486 2454 5550 Augia
2477 5461 2616 5538 dives
2639 5485 2694 5538 in
2717 5486 2874 5539 insula
2897 5497 3052 5552 prope
3068 5486 3406 5538 Constantiam
3427 5485 3541 5538 sita.
