4086 6306
321 248 452 306 1064

1315 250 1408 305 DE
1447 245 1735 305 casmus
1791 215 2222 303 MONASTEan
2277 251 2339 306 s.
2399 249 2626 306 GALLI.

3507 249 3643 306 1063

321 380 434 428 tem
493 372 839 445 episcopatus
887 373 1158 448 redigere.
1208 373 1449 444 Quibus,
1499 383 1555 430 ut
1605 373 1684 428 illi
1741 371 1936 428 solatio
1964 369 2158 430 Asua.
2197 374 2498 445 Episcopus
2527 383 2707 430 autem
2737 383 2920 432 cartas
2965 381 3351 446 utrorumque,
3385 389 3520 446 quas
3549 390 3644 429 rex

325 469 533 529 essent,
567 461 831 518 beneﬁcia
863 463 1144 535 promisit,
1178 471 1343 535 atque
1387 463 1610 518 donavit
1640 471 1684 528 ι,
1713 460 1946 515 Warino

330 549 586 606 videlicet
609 551 766 617 Vina,
803 560 856 606 et
889 551 1147 624 Turinga,
1181 560 1233 606 et
1262 552 1424 623 Engi,
1457 539 1786 607 Ruadhardo
1816 565 1945 604 vero

327 639 659 712 Antolvinga
681 649 734 694 et
756 641 1054 708 Uzinhaha,
1078 640 1262 694 Miloni
1281 649 1465 694 autem
1485 641 1753 695 advocato
1775 638 1947 708 ipsius

325 727 680 797 monasterii,
714 737 772 782 ut
809 728 887 782 illi
939 728 1192 783 solatium
1242 728 1603 782 subtraxisset
1645 722 1690 796 δ,
1740 735 1947 781 sextam

327 815 552 883 villam,
613 833 734 888 qua:
790 817 1096 873 Heimbach
1152 825 1525 887 nuncupatur,
1599 814 1943 871 contradidit.

333 902 512 974 Quam
540 905 610 960 ob
641 921 753 959 rem
783 905 1038 976 praefatus
1070 905 1362 976 Sydonius,
1388 905 1533 978 quod
1564 903 1815 976 nequiter
1843 919 1950 958 cm.

329 992 429 1064 pit,
461 992 844 1048 auxiliantibus
875 993 1076 1067 iniquis
1105 994 1446 1065 principibus
1467 994 1705 1065 pessime
1737 993 1809 1048 ad
1841 991 1944 1056 sui,

333 1089 393 1137 ut
423 1091 615 1153 postea
644 1099 734 1137 res
764 1083 978 1146 docuit,
1011 1083 1419 1138 damnationem
1465 1081 1720 1153 perfecit,
1753 1097 1948 1136 mona-

337 1169 673 1242 steriumque
703 1171 882 1242 ipsum
913 1172 969 1225 in
991 1173 1080 1242 jus
1111 1171 1462 1242 episcopatus
1496 1171 1726 1243 redegit.
1776 1169 1950 1242 Igitur

2045 461 2164 518 ﬁeri
2189 464 2469 534 praecepit,
2503 480 2688 520 secum
2717 463 2958 519 retinuit.
2984 463 3117 519 Cum
3143 463 3310 536 igitur
3337 463 3484 518 idem
3511 478 3649 534 prae-

2045 552 2131 606 sul
2156 551 2317 607 tinem
2348 553 2452 606 sibi
2482 553 2767 623 praesentis
2801 553 2922 608 vita:
2954 560 3312 625 cognosceret
3340 551 3647 619 imminere,

2047 649 2324 710 assumpta
2355 640 2694 713 Augensium
2725 640 2953 695 fratrum
2982 648 3132 696 carta
3161 641 3230 694 ad
3262 640 3440 710 ipsum
3469 655 3650 696 mona-

2047 729 2270 783 sterium
2299 729 2537 793 devenit,
2571 736 2782 784 cartam
2811 736 2990 783 autem
3024 727 3250 783 fratrum
3277 729 3346 784 de
3377 736 3653 784 monaste-

2047 817 2128 872 rio
2178 817 2351 872 sancti
2395 817 2534 872 Galli
2564 817 2616 871 in
2651 817 2866 874 scriniis
2917 817 3347 872 Constantiensis
3390 816 3654 873 Ecclesia

2047 904 2367 978 dereliquit,
2409 921 2474 962 eo
2516 906 2662 978 quod
2705 906 3010 961 noluissent
3055 914 3310 976 nepotem
3357 905 3501 960 illius
3549 905 3656 960 sibi

2048 995 2325 1060 abbatem,
2357 993 2494 1050 sicut
2521 995 2733 1066 pridem
2763 993 3158 1065 promiserant,
3192 993 3415 1066 eligere.
3447 994 3651 1050 Sense-

2048 1091 2166 1137 rant
2196 1082 2338 1137 enim
2369 1091 2573 1138 cartam
2602 1099 2635 1138 a
2663 1099 2792 1154 rege
2824 1083 3005 1138 datam
3035 1082 3265 1137 multum
3295 1098 3418 1137 esse
3449 1082 3652 1152 depra-

2049 1179 2246 1238 vatam,
2283 1179 2337 1226 et
2361 1171 2530 1226 multo
2559 1171 2736 1235 aliter,
2772 1187 2932 1242 quam
2976 1187 3070 1226 rex
3109 1171 3329 1240 juberet
3358 1177 3410 1226 et
3438 1186 3526 1226 res
3553 1186 3654 1226 eo-

337 1259 634 1330 praedictus
701 1260 990 1331 episcopus
1039 1259 1237 1315 fratres
1285 1261 1341 1314 in
1388 1259 1720 1315 monasterio
1777 1259 1955 1314 sancti
2049 1276 2169 1314 rum
2211 1259 2510 1332 indigeret,
2544 1277 2666 1314 esse
2711 1260 3093 1331 conscriptam.
3139 1259 3355 1315 Idcirco
3402 1267 3656 1330 nepotem

338 1347 480 1403 Galli
508 1347 692 1403 multis
740 1349 950 1418 injuriis
1001 1365 1219 1419 semper
1265 1347 1544 1415 afﬁciens,
1581 1347 1820 1420 quodam
1861 1347 1951 1401 die
2047 1348 2190 1403 illius
2247 1347 2351 1402 sibi
2405 1349 2652 1403 abbatem
2710 1349 2914 1422 eligere
2971 1348 3340 1420 neglexerant.
3397 1347 3659 1404 Similiter

338 1435 503 1492 etiam
534 1436 830 1506 majoribus
861 1437 972 1503 ibi,
1008 1437 1054 1491 si
1083 1437 1249 1508 aliqui
1280 1445 1459 1492 essent
1505 1437 1608 1491 sibi
1652 1435 1943 1504 contrarii,
2049 1446 2230 1492 autem
2261 1445 2313 1492 et
2343 1436 2542 1491 fratres
2571 1437 2796 1492 alterius
2836 1436 3152 1491 monasterii
3197 1435 3460 1492 fecerunt.
3497 1439 3656 1493 Post-

334 1523 632 1580 aﬁlicturus
654 1525 960 1590 calumniis,
985 1525 1380 1580 monasterium
1404 1525 1742 1579 turbulentus
1765 1524 1950 1596 ingre-
2049 1542 2210 1598 quam
2241 1525 2405 1598 igitur
2431 1526 2686 1596 praefatus
2732 1526 3022 1596 episcopus
3070 1525 3178 1580 vita
3223 1525 3486 1592 excessit,
3537 1528 3656 1581 Au-

337 1613 502 1679 ditur,
535 1623 586 1668 et
617 1629 738 1669 cum
771 1622 896 1668 ante
926 1613 1331 1670 confessionem
1359 1623 1381 1648 °
1413 1613 1587 1670 sancti
1617 1613 1760 1669 Galli
1791 1612 1950 1684 quasi
2049 1631 2249 1685 genses
2282 1616 2576 1686 quemdam
2607 1631 2796 1670 senem
2817 1615 3197 1686 presbyterum
3227 1623 3279 1669 et
3307 1615 3655 1686 monachum,

338 1709 595 1756 oraturus
643 1703 994 1771 constitisset,
1027 1702 1158 1774 quid
1187 1703 1242 1756 in
1272 1711 1453 1756 mente
1487 1701 1756 1769 habuerit,
1789 1717 1950 1772 pcnna

339 1789 588 1862 corporis
617 1798 670 1846 et
697 1790 911 1846 illuvies
960 1791 1195 1858 ventris,
1229 1799 1285 1845 ut
1330 1790 1386 1844 in
1413 1791 1534 1844 Vita
1582 1789 1756 1844 sancti
1805 1788 1946 1844 Galli

340 1879 600 1950 scriptum
622 1887 722 1944 est,
747 1879 1138 1938 manifestavit:
1171 1895 1278 1950 quo
1307 1879 1647 1934 redundante
1680 1877 1948 1949 supplicio

339 1967 409 2022 ad
438 1971 645 2022 Auvam
675 1968 940 2038 perlatus,
975 1968 1043 2023 de
1076 1967 1262 2024 cloaca
1293 1967 1542 2038 corporis
1571 1967 1737 2022 vitam
1767 1965 1950 2022 exala-

339 2054 414 2112 vit
444 2055 663 2127 plenam
691 2055 942 2111 miseriis.

415 2199 468 2252 3.
502 2197 629 2252 Post
655 2197 809 2266 cujus
839 2197 1047 2253 obitum
1075 2197 1373 2264 Johannes,
1397 2197 1700 2253 monachus
1730 2198 1950 2268 Augen-

341 2284 452 2356 sis,
487 2286 813 2342 Constantia:
844 2286 1134 2358 episcopus
1161 2287 1466 2352 ordinatus,
1497 2287 1784 2341 amborum
1812 2285 1952 2355 regi-

339 2390 468 2442 men
513 2375 753 2446 suscepit
799 2375 1194 2432 coenobiorum.
1242 2374 1347 2444 Qui
1395 2383 1502 2429 tres
1549 2383 1776 2446 nepotes
1821 2389 1950 2430 suos

341 2462 614 2523 educavit.
647 2463 846 2536 quibus
887 2465 1152 2520 honorem
1201 2480 1356 2518 suum
1413 2463 1468 2518 in
1505 2463 1675 2518 tribus
1703 2463 1812 2518 illis
1842 2461 1948 2518 loci

343 2551 508 2607 situm
552 2560 676 2623 post
722 2569 876 2607 suum
933 2553 1241 2608 discessum
1287 2552 1619 2608 distribuere
1666 2551 1950 2624 cogitavit.

342 2639 464 2710 Quo
495 2641 700 2714 agnito,
732 2640 927 2696 fratres
959 2641 1241 2713 utriusque
1263 2641 1498 2697 coanobii
1519 2641 1836 2712 episcopum
1861 2654 1954 2711 pa-

339 2728 477 2784 riter
521 2729 790 2795 adierunt,
824 2737 1085 2801 rogantes
1115 2736 1171 2784 ut
1201 2729 1485 2803 privilegia
1517 2729 1596 2784 eis
1623 2729 1764 2800 apud
1793 2728 1951 2800 prin-

339 2816 520 2888 cipem
561 2819 867 2889 acquireret
891 2862 903 2885 ,
937 2833 1002 2875 ac
1034 2826 1362 2890 potestatem
1408 2819 1648 2890 eligendi
1689 2819 1914 2874 abbates
1935 2860 1947 2884 ,

343 2920 404 2961 se
445 2921 606 2976 vero,
639 2906 684 2961 si
715 2907 817 2962 hoc
867 2905 1056 2978 ﬁeret,
1107 2908 1332 2963 eosdem
1378 2906 1521 2961 illius
1568 2914 1798 2978 nepotes
1849 2906 1954 2961 sibi

341 2994 568 3050 abbates
597 2995 871 3050 electuros
899 2995 1120 3067 polliciti
1152 3003 1298 3051 sunt.
1320 2995 1480 3065 Quod
1517 2995 1608 3052 ille
1647 2994 1945 3064 consensit,

342 3097 408 3138 ac
453 3098 514 3140 se
559 3082 823 3138 facturum
873 3085 1142 3155 promisit.
1175 3087 1445 3156 Tempore
1477 3101 1606 3140 vero
1652 3091 1948 3150 transacto,
1979 3085 2030 3148 C.

339 3171 570 3227 Carolus
589 3188 683 3228 rex
705 3189 830 3228 cum
853 3173 1168 3246 Hildigarda
1197 3174 1433 3247 conjuge
1455 3189 1554 3228 sua
1577 3175 1806 3229 Romam
1826 3186 1953 3242 pro-

341 3259 608 3332 fecturus,
641 3261 1016 3317 Constantiam
1058 3263 1298 3318 advenit.
1332 3264 1568 3333 Tempus
1598 3277 1732 3318 vero
1779 3277 1951 3333 opor-

346 3355 539 3404 tunum
568 3365 628 3406 se
655 3350 932 3406 invenisse
975 3350 1376 3420 existimantes,
1424 3350 1708 3423 utriusque
1751 3365 1951 3405 mona-

341 3437 497 3493 sterii
545 3437 742 3494 fratres
789 3455 892 3510 pro
945 3441 1205 3510 praedicta
1264 3440 1594 3496 necessitate
1651 3439 1952 3510 principem

342 3525 565 3594 adeunt,
608 3527 836 3600 ejusque
887 3527 1232 3583 clementiam
1277 3528 1646 3600 interpellant.
1680 3529 1796 3584 Rex
1824 3543 1954 3584 vero

342 3614 683 3687 episc0pum,
733 3617 866 3688 quid
896 3617 965 3672 de
994 3618 1100 3673 hoc
1142 3617 1221 3672 illi
1265 3617 1529 3688 placeret,
1575 3617 1952 3690 interrogavit.

340 3702 651 3775 Episcopus
705 3713 884 3760 autem
929 3713 1148 3762 aeternae
1195 3706 1541 3762 beatitudinis
1571 3705 1776 3779 gaudia
1803 3705 1956 3760 illum

341 3791 538 3848 exinde
585 3801 976 3865 percepturum
1019 3795 1330 3866 respondit,
1366 3794 1412 3850 si
1440 3795 1604 3850 talem
1653 3802 1706 3851 et
1749 3802 1956 3850 tantam

344 3879 696 3937 securitatem
727 3881 946 3937 famulis
969 3883 1168 3938 Christi
1187 3883 1392 3956 absque
1414 3884 1526 3938 ulla
1545 3882 1958 3956 perturbatione

343 3968 581 4026 Domino
610 3971 886 4027 serviendi
916 3973 1265 4028 concederet.
1298 3972 1459 4042 Quod
1488 3973 1719 4028 audiens
1739 3990 1835 4028 rex
1867 3988 1959 4046 ga-

347 4057 502 4115 visus
547 4066 664 4129 est,
699 4067 752 4114 et
777 4059 1026 4132 protinus
1072 4061 1361 4132 utriusque
1402 4062 1639 4118 omnobii
1681 4061 1954 4127 fratribus,

344 4147 524 4204 sancti
552 4146 694 4203 Galli
723 4148 930 4204 scilicet
960 4156 1014 4204 et
1041 4150 1347 4222 Augensis,
1385 4149 1696 4204 firmissima
1723 4149 1960 4205 auctori-

342 4243 456 4291 tate
482 4235 831 4310 privilegium
851 4246 1098 4309 optatum
1125 4239 1469 4305 contradidit,
1493 4255 1558 4295 ac
1576 4239 1780 4309 scripta
1807 4254 1960 4292 emu-

345 4323 530 4380 nitatis
555 4325 628 4381 ad
657 4326 776 4382 hac
805 4327 998 4382 eadem
1029 4327 1312 4383 retinenda
1340 4325 1460 4382 ﬁeri
1507 4327 1797 4399 praecepit,
1837 4342 1959 4398 quae

345 4411 627 4488 signaculo
682 4431 796 4471 suae
854 4415 1188 4472 auctoritatis
1243 4415 1478 4473 ﬁrmavit
1519 4417 1567 4485 ά,
1620 4415 2026 4506 constituensD

343 4509 507 4574 atque
535 4503 880 4576 pmcipiens,
911 4513 968 4560 ut
991 4514 1118 4576 post
1145 4516 1378 4562 mortem
1407 4505 1650 4578 episcopi
1695 4505 1950 4560 monachi

344 4591 731 4664 praedictorum
789 4595 1248 4651 monasteriorum
1303 4603 1633 4668 potestatem
1684 4595 1951 4650 haberent

346 4679 452 4736 sibi
479 4680 717 4753 eligendi
747 4681 990 4750 abbates,
1016 4692 1069 4739 et
1089 4692 1146 4740 ut
1166 4685 1299 4740 nulli
1319 4686 1526 4758 absque
1547 4683 1770 4758 regibus
1798 4683 1952 4738 dein-

345 4781 478 4841 ceps
507 4777 691 4825 essent
720 4771 968 4840 subjecti.
1004 4772 1220 4828 Fratres
1263 4775 1426 4846 igitur
1457 4775 1565 4830 laeti
1594 4773 1870 4830 redierunt
1898 4773 1954 4826 in

411 4921 436 4948 ι
458 4915 784 4966 Asservantur
806 4914 965 4966 adhuc
991 4917 1196 4981 chartae,
1224 4917 1398 4980 quibus
1422 4919 1476 4970 S.
1513 4919 1641 4970 Galli
1682 4917 1955 4970 cmnobium

342 4997 484 5048 villas
521 4999 610 5050 has
653 4999 929 5062 acquisivit.
955 5001 1112 5052 Viniaa
1151 5003 1212 5054 de
1257 5016 1388 5054 anno
1411 5005 1530 5066 754,
1556 5005 1783 5068 Βυιιὶιιεω
1806 5015 1956 5067 prope

343 5083 606 5136 Buchhorn
627 5083 689 5135 de
715 5084 832 5148 732,
858 5085 1088 5137 Uzinahaa
1113 5087 1175 5138 ad
1201 5086 1360 5140 lacum
1384 5088 1676 5152 Tigurinum
1701 5089 1764 5140 de
1790 5089 1910 5138 745.

411 5191 438 5228 b
461 5185 809 5236 'l'eutonismus
831 5199 922 5250 pro
946 5187 1282 5240 subtraheret.

416 5300 439 5329 ο
463 5269 616 5320 Hodie
639 5271 1016 5334 presbyterium.

416 5360 443 5400 d
481 5354 557 5404 Ex
599 5355 693 5405 hoc
735 5355 1002 5418 diplomate
1045 5355 1314 5408 Vuramsite
1361 5356 1582 5419 civitate,
1628 5358 1661 5408 8
1702 5356 1766 5408 Id.
1812 5358 1956 5414 Mart.

341 5449 472 5490 anno
513 5439 574 5488 12
609 5440 748 5504 regni
791 5439 908 5491 dato
947 5443 1132 5492 erroris
1179 5440 1483 5492 convincitur
1522 5442 1810 5506 Ratpertus.
1854 5443 1960 5492 Non

345 5523 484 5576 enim
507 5535 618 5575 cum
641 5525 860 5590 Joanne,
885 5525 971 5578 sed
995 5525 1083 5577 abs
1107 5526 1291 5580 Joanne
1313 5525 1584 5592 proabbate
1608 5537 1721 5580 cum
1760 5525 1960 5579 Sidonio

1979 1727 2031 1786 B
2049 1703 2268 1758 nomine
2297 1704 2537 1769 Petrum,
2566 1703 2668 1757 sibi
2691 1704 2972 1776 elegerunt
2995 1703 3243 1758 abbatem
3273 1719 3398 1760 cum
3427 1702 3658 1759 consilio

2049 1791 2384 1864 Hildigardae
2415 1793 2640 1865 reginae,
2676 1793 2831 1862 cujus
2853 1792 3015 1848 etiam
3038 1792 3366 1861 adminiculo
3395 1809 3486 1848 res
3513 1793 3659 1865 apud

2049 1880 2172 1935 illos
2237 1880 2311 1936 ita
2371 1881 2638 1952 perstitit,
2691 1881 2816 1952 quia
2875 1897 2906 1935 a
2962 1881 3202 1936 Geroldo
3248 1881 3470 1949 comite,
3523 1898 3657 1954 ger-

2049 1985 2214 2024 mano
2261 1969 2538 2041 praedictae
2580 1971 2806 2041 reginae,
2840 1971 2993 2026 locus
3022 1969 3140 2041 ipse
3169 1970 3402 2026 maxime
3449 1971 3659 2027 consti-

2051 2059 2115 2113 tit
2157 2067 2212 2114 et
2262 2059 2586 2132 augebatur.
2637 2059 2822 2114 Nostri
2866 2075 2998 2114 vero
3027 2069 3049 2094 ε
3077 2058 3393 2114 Waltonem
3441 2075 3658 2117 concae-

2049 2147 2328 2212 nobitam,
2391 2147 2566 2204 virum
2623 2148 2958 2219 sapientem,
3031 2146 3135 2202 sibi
3188 2148 3467 2216 abbatem,
3525 2165 3658 2223 rege

2050 2235 2425 2307 permittente,
2483 2237 2894 2292 constituerunt.
2948 2235 3056 2291 Sed
3103 2251 3213 2293 non
3260 2236 3316 2291 in
3359 2234 3524 2294 finem
3567 2254 3659 2294 res

2048 2325 2122 2380 ita
2152 2324 2470 2396 permansit,
2506 2334 2562 2380 ut
2590 2325 2645 2380 in
2679 2325 3034 2396 sequentibus
3079 2324 3364 2383 manifeste
3411 2326 3660 2384 declara-

2051 2413 2250 2468 bimus.

2127 2504 2175 2557 4.
2210 2503 2336 2558 Post
2366 2501 2575 2557 obitum
2605 2519 2738 2559 vero
2767 2502 3031 2558 Johannis
3057 2501 3300 2574 episcOpi
3328 2502 3506 2576 Egino
3535 2503 3657 2577 epi-

2053 2591 2226 2662 scopii
2265 2591 2695 2646 Constantiensis
2737 2591 2864 2661 jura
2912 2591 3166 2663 suscepit,
3199 2591 3291 2664 qui
3319 2608 3446 2648 mox
3475 2593 3661 2650 omnia

2051 2679 2370 2735 insidiarum
2401 2697 2610 2754 genera
2639 2680 2784 2736 circa
2812 2680 3199 2736 monasterium
3228 2689 3478 2736 nostrum
3509 2699 3658 2740 exer-

2052 2786 2179 2825 cere
2208 2785 2318 2824 non
2349 2779 2620 2836 metuens,
2656 2769 2814 2826 sicuti
2861 2769 3134 2842 Sydonius
3164 2779 3413 2828 sanctum
3462 2771 3658 2830 Otma-

2053 2875 2193 2929 rum,
2227 2857 2298 2913 ita
2322 2866 2374 2913 et
2404 2857 2506 2914 iste
2537 2857 2853 2914 Waltonem
2890 2858 3150 2930 persequi
3179 2859 3340 2930 coepit
3371 2860 3626 2918 abbatem
3645 2904 3658 2929 ,

2055 2955 2322 3018 quatenus
2365 2947 2562 3002 iterum
2589 2963 2852 3018 perverso
2896 2961 3046 3003 more
3094 2956 3506 3005 antecessorum
3535 2966 3662 3007 suo-

2055 3053 2174 3090 rum
2206 3036 2545 3107 episcopatui
2589 3036 2878 3105 subjiceret
2909 3036 3322 3092 monasterium.
3355 3037 3527 3108 Hujus
3553 3037 3664 3111 igi-

2053 3132 2142 3179 tur
2170 3124 2250 3179 rei
2281 3124 2452 3196 gratia
2491 3123 2839 3196 optimatibus
2887 3125 3038 3197 regis
3083 3123 3289 3196 praedia
3318 3133 3371 3181 et
3397 3126 3662 3199 pecunias

2051 3212 2276 3268 contulit
2305 3211 2574 3280 infinitas,
2607 3212 2838 3286 illosque
2869 3213 2939 3268 ad
2968 3229 3294 3270 consensum
3338 3231 3497 3270 suum
3525 3232 3658 3288 pro-

2051 3317 2284 3367 vocans,
2335 3301 2794 3374 muneribusque,
2828 3310 2883 3357 ut
2912 3301 3170 3374 scriptum
3200 3310 3309 3373 est,
3355 3303 3521 3359 etiam
3568 3322 3662 3362 sa-

2053 3391 2295 3463 pientum
2351 3391 2569 3446 obtutus
2627 3407 2944 3459 excaecans,
2995 3392 3142 3463 quod
3183 3391 3434 3464 nequiter
3461 3395 3658 3466 coepit,

2054 3481 2270 3536 illorum
2321 3479 2650 3536 adminiculo
2704 3480 2942 3552 pessime
2991 3481 3307 3552 complevit;
3359 3480 3664 3556 iterumque

2054 3569 2447 3624 monasterium
2468 3585 2579 3624 non
2597 3569 2740 3640 ω(ιυὶ
2761 3569 3139 3626 observatione
3163 3571 3443 3644 episcopio
3467 3573 3662 3644 subjici

2055 3657 2199 3715 fecit.
2241 3657 2468 3714 Carolus
2503 3673 2634 3714 vero
2663 3675 2893 3714 serenus
2920 3668 3214 3733 angustus,
3247 3677 3373 3718 cum
3401 3661 3665 3720 voluisset

2055 3747 2374 3821 prmdictum
2403 3748 2653 3804 abbatem
2681 3764 2805 3804 cum
2835 3748 3094 3821 episcopo
3134 3749 3446 3821 paciﬁcare,
3483 3767 3550 3809 eo
3577 3751 3664 3808 vi-

2059 3836 2258 3894 delicet
2274 3845 2452 3908 pacto,
2485 3845 2542 3892 ut
2567 3837 2812 3909 episcopi
2839 3846 3116 3910 praecepto
3145 3839 3428 3910 obediens,
3451 3840 3665 3898 abbatis

2059 3927 2240 3983 locum
2269 3927 2325 3980 in
2354 3927 2686 3982 monasterio
2732 3935 2952 4000 ageret;
2998 3927 3252 3998 praefatus
3281 3928 3506 3996 Waldo,
3551 3946 3662 3987 non

2059 4015 2247 4071 valens
2277 4015 2478 4070 diutius
2516 4031 2760 4085 praesens
2805 4015 3005 4070 intueri
3051 4023 3256 4071 tantam
3305 4017 3663 4086 dejectionem

2063 4119 2307 4169 suorum,
2338 4103 2448 4158 tale
2490 4101 2664 4158 fertur
2693 4103 2814 4174 regi
2855 4102 3073 4158 dedisse
3121 4119 3446 4174 responsum
3476 4121 3490 4160 :
3524 4107 3664 4163 Cum

2061 4193 2234 4257 enim,
2268 4190 2461 4263 inquit,
2495 4193 2668 4247 semel
2697 4208 2906 4248 manus
2934 4195 3132 4248 vestrae
3151 4192 3558 4251 dominationis
3577 4195 3664 4252 in»-

2059 4297 2305 4352 gressus,
2342 4283 2520 4335 tanta?
2557 4280 2918 4337 celsitudinis
2959 4282 3146 4338 merui
3191 4281 3438 4339 dominio
3480 4285 3660 4341 subli-

2062 4369 2230 4435 mari,
2265 4385 2617 4442 nequaquam
2643 4371 2892 4442 posthaec
2921 4369 3056 4426 dum
3087 4370 3287 4427 horum
3315 4373 3493 4428 trium
3520 4372 3664 4444 digi-

2059 4461 2248 4514 torum
2268 4459 2513 4530 vigorem
2534 4458 2826 4530 integrum
2855 4463 3036 4526 teneo,
3059 4489 3128 4498 —-
3148 4475 3272 4514 nam
3296 4458 3528 4531 scriptor
3547 4468 3664 4517 erat

2051 4546 2300 4614 eximius,
2324 4577 2392 4586 —
2414 4547 2630 4602 vilioris
2659 4564 2912 4620 persona:
2941 4549 3201 4604 manibus
3217 4563 3304 4604 me
3325 4549 3557 4606 subdere
3577 4550 3666 4608 de.

2051 4638 2221 4692 crevi.
2257 4636 2439 4708 Itaque
2468 4653 2595 4692 cum
2625 4652 2898 4692 consensu
2927 4637 3098 4708 ipsius
3125 4637 3466 4708 imperatoris
3489 4637 3559 4693 ad
3589 4638 3664 4694 vi-

2054 4726 2236 4782 cinum
2267 4725 2678 4791 monasterium,
2713 4727 2858 4798 quod
2891 4728 3040 4781 Auva
3085 4725 3412 4794 nominatur,
3456 4725 3661 4786 ibidem

2055 4817 2280 4882 episcopo
2303 4821 2499 4880 pactum
2526 4817 2620 4867 hoc
2643 4817 2818 4868 initum
2845 4817 2952 4867 fuit.

2122 4964 2141 4989 ε
2165 4956 2329 5006 Hicin
2353 4955 2538 5008 codicis
2579 4957 2730 5006 nostri
2771 4955 2990 5018 margine
3033 4967 3177 5005 manu
3212 4955 3378 5006 seaculi
3422 4969 3510 5007 xm
3553 4958 3661 5009 haec

2057 5039 2302 5092 adduntur
2327 5054 2340 5091 :
2375 5042 2644 5103 Ruperlum
2669 5040 2769 5090 sibi
2794 5041 3154 5090 constituerunt
3171 5038 3410 5102 abbatem,
3439 5054 3534 5104 quo
3553 5045 3666 5104 post

2057 5138 2206 5176 unum
2237 5139 2414 5176 annum
2457 5127 2684 5188 defuncto
2713 5125 3000 5186 Waltonem,
3029 5127 3124 5174 etc.
3161 5125 3432 5188 Rupertum
3470 5137 3662 5190 quoque

2058 5211 2368 5260 Hermannus
2390 5211 2704 5272 Contractus,
2744 5212 2795 5260 et
2834 5213 2937 5261 tres
2979 5209 3209 5260 abbatum
3235 5210 3444 5274 catalogi
3469 5210 3660 5262 saeculis

2059 5308 2244 5358 xi,xn,
2267 5308 2358 5345 xui
2398 5295 2662 5359 conscripti
2703 5295 2958 5345 abbatibus
2998 5297 3051 5345 S.
3093 5294 3221 5346 Galli
3259 5298 3602 5356 annumerant,
3629 5307 3659 5344 a

2060 5379 2234 5442 quibus
2257 5391 2284 5430 e
2308 5383 2476 5430 contra
2500 5379 2900 5430 Constantienses
2923 5379 3178 5444 episcopos
3195 5379 3450 5443 Joannem,
3476 5377 3660 5442 Egino-

2062 5475 2197 5528 nem,
2226 5469 2276 5515 et
2297 5463 2618 5516 Wolneozum
2641 5462 2922 5516 excludunt.
