4086 6310
508 185 645 240 1063

1504 183 1914 240 RATPERTUS
1973 182 2498 240 SANGALLENSIS
2543 184 2788 240 ABBAS.

3682 182 3815 240 1068

506 317 955 377 commoraturus,
1000 308 1236 366 devenit.
1283 308 1390 366 Ubi
1439 319 1629 381 postea
1687 309 1858 365 abbas
1907 309 2184 371 electusA
2215 309 2452 365 nasterio
2479 317 2642 381 atque
2671 324 2859 364 secum
2886 315 3097 363 cartam
3135 315 3404 379 portante,
3437 307 3698 380 episcopo
3730 325 3819 364 res

507 407 670 472 atque
725 399 1042 466 ordinatus,
1095 399 1164 453 ad
1210 398 1457 454 ultimum
1503 399 1895 454 monasterium
1944 398 2120 454 sancti

503 488 750 560 Dionysii
779 497 804 523 ⁸
832 487 1070 558 suscepit
1103 488 1430 561 regendum.

577 581 628 633 ὅ.
661 578 812 632 Tunc
841 577 1134 648 praedictus
1177 577 1468 648 episcOpus
1518 592 1808 632 assumens
1843 577 2116 648 quendam

505 666 884 739 presbyterum
907 666 1181 720 forensem
1201 664 1250 732 δ,
1280 666 1500 721 nomine
1533 665 1890 731 Werdonem,
1925 665 2120 720 obtulit

507 771 630 810 eum
673 756 740 808 ad
776 762 1023 810 nostrum
1079 755 1492 818 monasterium,
1547 761 1603 808 ut
1653 754 1907 808 abbatem
1963 753 2118 807 illum

507 842 912 909 constituisset;
963 859 1052 908 ne,
1095 843 1141 897 si
1179 843 1248 898 de
1294 841 1578 897 monachis
1623 842 1831 897 eisdem
1879 842 2120 913 aliquem

507 931 836 998 ordinasset,
868 947 956 986 res
984 931 1053 986 ab
1083 946 1148 986 eo
1179 930 1526 1002 aliquatenus
1575 931 1772 986 cedere
1817 930 2114 985 videretur.

509 1019 685 1090 Quem
728 1029 909 1076 tamen
950 1019 1198 1074 monachi
1229 1019 1285 1073 in
1315 1019 1409 1074 tali
1453 1019 1637 1073 habitu
1677 1027 2118 1074 commanentem

506 1109 732 1164 minime
773 1115 1123 1179 susceperunt
1171 1108 1444 1163 abbatem.
1489 1107 1649 1176 Quod
1685 1121 1808 1163 cum
1857 1107 2121 1162 sensisset

508 1197 655 1254 idem
683 1197 914 1266 Werdo,
946 1212 1068 1252 cum
1112 1197 1536 1252 conversatione
1581 1196 1823 1251 habitum
1871 1195 2114 1264 mutavit,

509 1293 563 1343 et
593 1294 716 1341 tunc
744 1285 959 1340 demum
1005 1285 1342 1341 monachicis
1375 1285 1594 1340 indutus
1623 1284 1960 1340 vestimentis
2001 1300 2122 1339 sus-

509 1381 719 1446 ceptus,
751 1381 934 1446 atque,
982 1381 1038 1428 ut
1084 1373 1398 1429 decreverat
1451 1373 1766 1445 episcopus,
1819 1373 1990 1428 abbas
2037 1381 2121 1428 est

508 1463 808 1520 ordinatus.
840 1463 991 1518 Tunc
1019 1478 1171 1527 vero,
1207 1462 1442 1534 quodam
1471 1478 1748 1532 perversa:
1791 1460 1919 1516 fidei
1961 1469 2118 1534 pacto

505 1551 649 1607 inter
678 1551 996 1622 episcopum
1026 1558 1078 1606 et
1106 1551 1358 1606 abbatem
1391 1558 1583 1606 contra
1613 1551 2000 1606 monachorum
2030 1566 2122 1604 ne-

507 1640 790 1696 cessitates
811 1637 1023 1707 effecto,
1047 1655 1138 1694 res
1161 1647 1362 1695 nostrae
1388 1639 1563 1710 magis
1584 1655 1649 1694 ac
1670 1639 1849 1711 magis
1878 1639 1934 1692 in
1963 1639 2118 1694 deso-
2135 1669 2189 1729 B

507 1727 768 1784 lationem
796 1744 1029 1802 vergere
1057 1736 1360 1799 coeperunt,
1393 1744 1514 1783 cum
1546 1727 1602 1782 hi
1633 1728 1726 1799 qui
1757 1736 1960 1783 tutores
1991 1744 2115 1783 esse

508 1817 828 1886 debuerant,
865 1815 1201 1883 afﬂixissent,
1224 1826 1277 1872 et
1297 1816 1478 1871 nullus
1513 1824 1662 1872 esset
1684 1833 1750 1871 ex
1771 1817 1993 1882 nostris,
2025 1813 2120 1888 qui

511 1921 609 1962 eos
654 1905 947 1976 prohibere
994 1905 1281 1976 potuisset.
1329 1905 1651 1961 Habuerunt
1705 1914 1887 1960 autem
1938 1905 2118 1960 adhuc

505 1993 700 2050 fratres
762 1993 1074 2050 monasterii
1131 1993 1306 2050 nostri
1372 1992 1744 2048 firmissimum
1811 1993 2116 2049 emunitatis

505 2091 862 2155 praeceptum,
895 2084 1040 2154 quod
1068 2083 1243 2138 beatae
1272 2083 1546 2138 memoriae
1595 2084 1828 2138 domnus
1857 2082 2117 2154 Pippinus

509 2187 608 2228 rex
636 2171 744 2226 illis
775 2170 942 2226 scribi
980 2171 1237 2240 jusserat,
1269 2172 1598 2243 propriaque
1641 2188 1803 2226 manu
1845 2171 2118 2226 ﬁrmatum

507 2259 937 2326 contradiderat,
968 2259 1023 2314 iu
1061 2277 1170 2332 quo
1221 2260 1384 2314 etiam
1431 2260 1660 2314 multum
1703 2259 1897 2316 confisi
1940 2268 2065 2314 sunt
2099 2277 2113 2314 :

508 2349 657 2421 quod
686 2348 846 2403 etiam
889 2347 1034 2404 idem
1077 2348 1370 2419 episcopus
1411 2349 1650 2404 maximo
1693 2349 1873 2404 studio
1919 2349 2117 2420 saepius

507 2435 895 2508 investigabat,
921 2437 1018 2492 sed
1042 2436 1291 2493 invenire
1311 2453 1418 2493 non
1438 2445 1663 2508 poterat.
1688 2439 1870 2508 Ipsum
1899 2453 2116 2509 quoque

507 2533 858 2598 praeceptum,
891 2525 1038 2598 quod
1083 2526 1337 2596 superius
1365 2543 1397 2580 a
1426 2527 1624 2582 Carolo
1654 2525 1983 2597 imperatore
2015 2526 2116 2580 sub

505 2615 755 2670 Johanne
795 2613 1054 2685 episcopo
1099 2613 1304 2670 factum
1349 2613 1804 2684 monstravimus,
1853 2603 2114 2671 adhuc‘in

509 2702 837 2758 Constantia;
866 2702 1080 2758 scriniis
1129 2704 1428 2771 detentum,
1461 2720 1492 2758 a
1519 2704 1803 2760 monachis
1834 2720 1943 2759 non
1973 2703 2116 2760 reci-

505 2791 778 2863 piebatur,
813 2807 879 2847 eo
912 2791 1078 2863 quod,
1109 2799 1168 2846 ut
1195 2792 1452 2862 superius
1479 2792 1734 2859 diximus,
1767 2793 2115 2863 depravatum

509 2888 674 2952 atque
704 2887 893 2936 contra
921 2879 1264 2950 imperatoris
1291 2889 1621 2952 praeceptum
1662 2881 1991 2953 illorumque
2021 2897 2116 2936 ne-

508 2969 822 3027 cessitatem
853 2967 1046 3024 fuisset
1075 2969 1464 3040 conscriptum.
1499 2969 1736 3042 Contigit
1764 2978 1944 3025 autem
1973 2977 2114 3025 tem-

507 3073 642 3130 pore
705 3057 944 3130 quodam
973 3027 1347 3114 Wolfhariuin
1403 3027 1712 3114 Reminseih
1755 3059 2073 3130 episcopum
2098 3102 2110 3126 ,
2145 3027 2194 3088 Ο

507 3146 784 3218 legatione
814 3162 846 3202 a
875 3146 1078 3202 domno
1121 3147 1316 3202 Carolo
1365 3147 1466 3202 sibi
1510 3147 1769 3216 injuncta,
1795 3148 2030 3217 justitias
2060 3147 2116 3202 in

507 3235 704 3292 Rhetia
725 3235 986 3292 Curiense
1008 3234 1288 3292 faciendas
1304 3245 1346 3306 °,
1369 3238 1437 3291 ad
1457 3237 1632 3308 ipsum
1654 3253 1857 3308 pagum
1875 3237 2112 3306 venisse,

508 3324 745 3397 indeque
794 3340 1078 3380 reversum
1121 3325 1190 3379 ad
1221 3334 1467 3380 nostrum
1514 3326 1906 3380 monasterium
1951 3326 2116 3380 deve-

509 3413 679 3480 nisse,
712 3412 917 3486 ibique,
949 3422 1108 3484 prout
1145 3415 1254 3469 illis
1299 3414 1528 3469 facultas
1557 3422 1694 3482 erat,
1730 3415 1965 3488 benigne
1996 3432 2116 3470 sus-

509 3510 721 3574 ceptus,
749 3502 946 3558 devoto
974 3503 1197 3558 servitio
1229 3511 1558 3558 sustentatus
1591 3511 1692 3558 est.

581 3591 757 3660 Quem
815 3607 940 3647 cum
998 3608 1108 3647 non
1158 3591 1351 3647 lateret
1408 3592 1678 3648 calumnia
1737 3600 1790 3647 et
1832 3593 2112 3663 injustitia,

511 3696 646 3752 quas
677 3680 822 3750 passi
853 3689 974 3734 sunt
1005 3680 1197 3736 incolae
1227 3681 1543 3736 monasterii
1575 3681 1766 3740 nostri.
1799 3682 2117 3753 prmdictum

513 3767 820 3824 emunitatis
848 3777 1178 3839 praceptum
1229 3769 1331 3824 sibi
1376 3771 1670 3825 ostendere
1703 3771 1934 3842 rogavit,
1969 3772 2117 3843 quod

511 3872 638 3914 cum
667 3855 893 3912 vidisset
921 3872 987 3913 ac
1014 3856 1357 3930 perlegisset,
1387 3858 1633 3912 hortatus
1673 3867 1755 3913 est
1783 3875 1898 3924 eos,
1932 3867 1988 3914 ut
2017 3876 2117 3929 per

437 3966 442 3970 '
510 3944 747 4018 aliquem
802 3943 968 4000 fidum
1022 3946 1296 4002 hominem
1346 3944 1616 4002 firmitatis
1662 3957 1868 4003 cartam
1913 3949 2115 4003 domno

508 4035 825 4107 imperatori
869 4034 1186 4108 dirigerent,
1223 4052 1280 4092 se
1311 4053 1442 4093 vero
1475 4055 1562 4092 res
1591 4053 1774 4093 eorum
1805 4046 1962 4094 notas
2009 4037 2115 4092 im-

508 4125 751 4197 peratori
783 4123 1072 4194 facturum,
1107 4135 1269 4198 atque
1308 4127 1564 4181 auxilium
1611 4127 1716 4181 illis
1763 4127 2116 4198 praebiturum

508 4213 776 4285 promisit.
812 4215 976 4284 Cujus
1019 4215 1249 4270 consilio
1298 4217 1722 4282 consentientes,
1755 4216 1968 4270 cuidam
2014 4233 2114 4270 va—

511 4302 647 4358 sallo
675 4302 1045 4373 imperatoris,
1079 4303 1298 4358 nomine
1327 4303 1724 4374 Engilrammo,
1750 4304 1803 4358 in
1833 4305 1986 4374 cujus
2010 4303 2114 4361 [ide

2216 398 2480 465 innotuit,
2533 397 2622 470 qui
2670 397 2915 468 protinus
2961 395 3180 452 directis
3226 395 3303 450 illi
3350 395 3666 452 muneribus
3712 412 3820 451 non

2215 488 2418 559 parvis,
2459 485 2748 558 prinfatum
2786 494 3008 551 certam,
3043 485 3183 542 sicut
3224 485 3316 540 diu
3345 485 3564 556 cupivit,
3613 484 3822 556 accepit

2217 585 2380 648 atque
2411 575 2466 630 in
2499 592 2650 630 suam
2699 583 3022 646 potestatem
3065 574 3298 647 redegit.
3348 574 3536 630 Statim
3567 589 3702 630 vero
3730 590 3820 630 cu-

2217 665 2374 736 piens
2405 664 2622 736 penitus
2653 680 2873 719 omnem
2901 680 3054 734 spem
3083 663 3385 719 securitatis
3414 662 3616 718 nostris
3644 661 3821 718 aufer-

2218 770 2299 819 re,
2334 754 2403 808 ad
2433 753 2609 824 ipsum
2657 753 3045 808 monasterium
3091 751 3257 818 venit,
3299 759 3458 823 atque
3505 750 3822 808 cautissime

2217 841 2636 913 investigatione
2665 841 2981 913 perquisivit
3001 839 3047 894 si
3075 839 3272 896 alicubi
3303 839 3520 912 aliquod
3549 839 3823 911 exemplar

2218 930 2388 1002 ipsius
2421 938 2586 986 cartae
2615 929 2844 986 inveniri
2875 929 3139 1001 potuisset
3161 929 3200 982 τ.
3235 927 3393 998 Quod
3439 945 3564 984 cum
3608 943 3822 1000 nequa-

2220 1035 2380 1090 quam
2411 1018 2728 1086 invenisset,
2765 1018 2892 1090 quia
2922 1018 3143 1073 omnino
3172 1033 3282 1072 non
3309 1025 3445 1086 erat,
3475 1017 3716 1072 delatum
3745 1024 3824 1072 est

2219 1107 2290 1174 ei,
2339 1107 2486 1178 quod
2534 1106 2884 1180 Amalgarius
2913 1115 2942 1151 ε
2971 1107 3274 1162 monachus
3304 1114 3356 1162 et
3392 1105 3658 1162 diaconus
3703 1121 3823 1160 eam

2220 1195 2516 1267 exemplari
2544 1195 2762 1250 tradere
2791 1195 3068 1250 voluisset.
3101 1195 3267 1264 Cujus
3307 1193 3434 1250 facti
3461 1194 3590 1251 licet
3619 1193 3712 1250 ille
3741 1211 3826 1249 se-

2219 1300 2386 1340 curus
2416 1291 2580 1352 esset,
2627 1292 2810 1338 tamen
2855 1299 3195 1355 nequaquam
3226 1283 3296 1338 de
3323 1283 3429 1339 hoc
3474 1281 3638 1338 aliter
3680 1282 3825 1353 apud

2220 1373 2536 1443 episcopum
2567 1389 2627 1428 se
2655 1372 2828 1444 potuit
2874 1387 3159 1442 excusare,
3193 1371 3298 1427 nisi
3327 1370 3383 1426 in
3412 1371 3604 1426 altario
3650 1370 3826 1426 sancti

2220 1461 2360 1516 Galli
2389 1477 2510 1516 cum
2534 1462 2842 1530 juramento
2870 1461 3129 1527 firmaret,
3154 1477 3258 1516 nec
3285 1477 3346 1516 se
3374 1476 3492 1516 eam
3519 1459 3632 1515 ullo
3661 1459 3826 1515 modo

2217 1550 2421 1605 habere
2452 1550 2731 1620 scriptam,
2765 1565 2866 1606 nec
2895 1549 2951 1604 in
2980 1549 3162 1621 aliquo
3189 1549 3312 1605 loco
3342 1549 3484 1606 scire
3530 1565 3656 1605 esse
3697 1565 3830 1604 con-

2219 1639 2496 1709 scriptam.
2555 1639 2705 1694 Tunc
2757 1639 2977 1694 demum
3032 1638 3356 1710 episcopus,
3423 1653 3654 1694 securus
3717 1653 3828 1693 suae

2217 1727 2511 1784 voluntatis
2561 1726 2806 1797 effectus,
2851 1725 3009 1782 rediit
3057 1727 3112 1780 in
3156 1743 3281 1794 sua,
3331 1735 3494 1799 atque
3540 1725 3827 1782 monachis

2217 1816 2436 1884 nostris,
2469 1815 2560 1888 qui
2591 1833 2776 1872 secum
2807 1815 2950 1870 soliti
2990 1823 3146 1870 erant
3191 1815 3532 1883 commorari,
3565 1814 3723 1887 quasi
3757 1813 3828 1870 ob

2217 1905 2376 1959 aliam
2406 1921 2632 1961 causam
2663 1921 2695 1960 a
2726 1922 2785 1960 se
2814 1905 2962 1960 foras
2991 1905 3350 1972 transmissis,
3383 1921 3515 1975 sepe
3553 1919 3829 1960 memora-

2219 2000 2328 2048 tam
2362 2002 2563 2050 cartam
2593 1993 2816 2067 ignibus
2853 1993 3071 2048 tradidit
3109 2001 3269 2066 atque
3298 1993 3354 2048 in
3381 1993 3630 2049 favillam
3672 1993 3830 2050 rede-

2219 2082 2316 2156 git,
2349 2090 2407 2137 ut
2432 2090 2622 2154 postea
2652 2098 2742 2138 res
2772 2082 2931 2138 nobis
2960 2082 3210 2138 innotuit.

2288 2171 2648 2242 Temporibus
2697 2187 2824 2227 vero
2869 2171 3176 2238 transactis,
3209 2170 3386 2244 Egino
3429 2171 3726 2243 episcopus
3755 2170 3825 2226 ﬁ-

2217 2275 2342 2314 nem
2371 2260 2495 2315 vitae
2525 2261 2794 2330 presentis
2823 2259 3033 2330 accepit
3058 2275 3203 2316 anno
3223 2259 3294 2316 ab
3316 2259 3684 2316 incarnatione
3713 2261 3824 2316 Do-

2216 2348 2350 2403 mini
2399 2353 2522 2418 813,
2551 2365 2694 2404 anno
2735 2357 2915 2404 autem
2961 2349 3180 2420 imparii
3205 2349 3232 2384 ιι
3263 2348 3441 2404 Caroli
3486 2349 3824 2405 serenissimi

2217 2437 2432 2508 augusti
2465 2438 2548 2492 46.
2583 2438 2711 2492 Post
2739 2437 2890 2506 cujus
2919 2437 3126 2493 obitum
3155 2438 3528 2509 episcopatum
3558 2439 3825 2494 Constan-

2217 2525 2408 2581 tiensis
2451 2525 2716 2582 Ecclesia:
2758 2526 2987 2598 adeptus
3035 2535 3118 2582 est
3165 2526 3454 2598 Wolfleoz,
3503 2525 3824 2583 monasterii

2218 2614 2393 2670 sancti
2425 2613 2568 2670 Galli
2594 2613 2918 2670 caanobiota.

2291 2706 2343 2757 6.
2380 2703 2662 2758 Werdone
2711 2720 2843 2758 vero
2890 2703 3082 2758 abbate
3129 2711 3317 2774 postea
3361 2703 3528 2760 vitam
3577 2702 3820 2771 ﬁniente,

2220 2791 2534 2858 Cozbertus,
2569 2791 2812 2860 ejusdem
2845 2792 3290 2865 congregationis
3319 2793 3639 2860 monachus,
3665 2808 3699 2848 a
3717 2792 3829 2848 fra-

2217 2879 2393 2934 tribus
2443 2889 2526 2936 est
2569 2881 2709 2935 abba
2755 2881 2991 2951 electus,
3039 2889 3092 2936 et
3137 2881 3442 2946 ordinatus,
3494 2881 3576 2936 vir
3623 2889 3824 2936 statura

2217 2984 2508 3038 procerus,
2570 2969 2837 3040 sapientia
2903 2986 3118 3042 quoque
3173 2985 3495 3041 morumque
3559 2969 3822 3041 dignitate

2215 3057 2546 3129 prtecipuus,
2579 3073 2724 3112 anno
2753 3059 2820 3112 ab
2849 3058 3225 3114 incarnatione
3275 3059 3490 3114 Domini
3518 3061 3645 3125 8‘16,
3675 3074 3820 3113 anno

2217 3154 2398 3202 autem
2441 3146 2656 3218 imperii
2705 3147 3006 3202 Hludowici
3053 3147 3423 3219 imperatoris,
3473 3145 3570 3202 filii
3611 3145 3823 3218 praefati

2218 3235 2401 3290 Caroli
2445 3235 2682 3308 augusti,
2715 3236 2872 3292 tertio
2899 3234 2932 3290 ί.
2967 3236 3100 3291 Cum
3131 3235 3296 3308 igitur
3321 3235 3572 3291 Wofleoz
3601 3235 3821 3307 episco-

2217 3340 2320 3394 pus
2349 3340 2504 3379 more
2533 3333 2939 3381 antecessorum
2971 3341 3190 3380 suorum
3221 3325 3378 3380 etiam
3410 3340 3606 3380 causas
3632 3340 3820 3380 mona-

2217 3414 2367 3468 sterii
2427 3429 2538 3468 sum
2595 3413 2882 3482 subjiceret
2938 3413 3162 3479 ditioni,
3220 3413 3413 3470 incolae
3467 3414 3816 3481 monasterii,

2219 3501 2375 3574 quasi
2405 3503 2459 3557 in
2487 3503 2711 3574 proprio
2757 3503 2928 3558 fratre
2966 3510 3019 3558 et
3047 3519 3334 3572 converso,
3389 3503 3818 3560 consolationem

2216 3590 2286 3645 in'
2304 3608 2370 3646 eo
2402 3609 2460 3647 se
2491 3591 2695 3650 habere
2722 3607 2886 3663 posse
2916 3590 3108 3649 confisi
3136 3601 3289 3659 sunt;
3321 3592 3412 3648 ille
3439 3608 3570 3648 vero
3598 3608 3707 3648 non
3737 3608 3821 3649 so-

2215 3681 2330 3735 lum
2357 3680 2536 3736 mitior
2563 3681 2775 3736 caeteris
2804 3696 2911 3736 non
2951 3681 3208 3748 existens,
3238 3681 3414 3753 aliqua
3446 3680 3503 3735 in
3531 3689 3687 3752 parte
3713 3681 3818 3736 illis

2218 3771 2287 3826 de
2309 3769 2505 3841 quibus
2535 3769 2682 3825 venit
2708 3769 2970 3840 pepercit,
3007 3770 3104 3826 sed
3137 3770 3318 3836 etiam,
3350 3771 3408 3824 in
3433 3779 3696 3842 quantum
3719 3785 3816 3842 po-

2217 3858 2335 3924 tuit,
2369 3875 2522 3914 more
2551 3859 2878 3914 Hieroboam
2908 3859 3136 3932 digitum
3169 3875 3322 3914 suum
3350 3859 3518 3915 dorso
3561 3866 3814 3915 anteces-

2217 3963 2402 4002 sorum
2431 3963 2657 4003 suorum
2687 3964 2822 4022 erga
2851 3948 2955 4004 sibi
2983 3948 3256 4017 subjectos
3294 3948 3632 4021 grossiorem
3662 3947 3816 4004 exhi-

2215 4035 2347 4092 bere
2378 4036 2630 4103 tentavit,
2681 4039 3090 4110 monachosque
3120 4037 3188 4094 de
3219 4037 3416 4110 quibus
3462 4036 3646 4104 exivit,
3691 4053 3813 4094 ces-

2215 4135 2368 4182 sante
2398 4125 2636 4196 priorum
2675 4127 2943 4197 exemplo,
2977 4125 3220 4200 affligere
3266 4143 3376 4182 non
3424 4126 3648 4182 destitit.
3683 4125 3815 4194 Qua:

2215 4215 2417 4282 omnia,
2452 4223 2648 4286 quanta
2679 4223 2730 4271 et
2763 4215 2945 4288 qualia
2973 4215 3188 4282 fuerint,
3221 4231 3330 4272 non
3357 4217 3512 4272 decet
3542 4215 3816 4271 memoriae

2216 4305 2464 4370 tradere;
2496 4312 2680 4360 tamen
2717 4304 3028 4360 necessaria
3057 4304 3182 4362 huic
3212 4305 3376 4360 textui
3423 4304 3809 4370 subnectimus,

511 4390 739 4446 multum
788 4391 1218 4462 praesumebant,
1269 4392 1443 4460 ipsam
1489 4401 1694 4448 cartam
1741 4393 1906 4450 immo
1955 4393 2184 4454 totiusD
2215 4394 2314 4448 sed
2359 4401 2410 4448 et
2453 4392 2801 4464 paucissima.
2853 4393 3004 4448 Idem
3051 4409 3287 4465 namque
3335 4393 3646 4464 episcopus,
3690 4406 3811 4448 cum

513 4479 820 4536 securitatis
850 4480 876 4515 ἀ
915 4496 1070 4552 spem
1111 4481 1653 4536 commendaverunt.
1703 4482 1805 4551 Qui
1852 4484 2016 4539 etiam
2059 4484 2115 4538 in

513 4569 700 4624 altario
759 4569 931 4624 sancti
988 4568 1132 4624 Galli
1182 4567 1385 4636 juravit
1435 4586 1492 4624 se
1535 4571 1708 4642 ipsam
1755 4581 1951 4628 certam
1996 4575 2116 4644 regi

511 4657 873 4729 perlaturum,
921 4665 1081 4728 atque
1119 4656 1252 4726 ipsis
1295 4659 1574 4714 monachis
1631 4659 1940 4716 cautissime
1991 4679 2114 4716 esse

514 4746 888 4810 redditurum;
931 4745 1106 4817 quod,
1152 4745 1416 4801 suadente
1458 4747 1708 4815 diabolo,
1755 4749 1908 4804 aliter
1953 4765 2114 4822 quam

512 4833 854 4904 promisisset
883 4843 904 4870 θ
931 4832 1124 4890 effecit.
1160 4833 1407 4906 Denique
1455 4836 1771 4894 discedente
1798 4855 1864 4894 eo
1893 4839 1961 4894 de
1991 4855 2114 4895 mo-

585 5001 611 5028 ι
632 4985 832 5038 Parisiis
852 5001 980 5038 anno
1006 4987 1123 5040 796.
1149 4989 1405 5040 Mabillon.
1431 4991 1612 5044 Annal.

578 5077 608 5115 ιι
632 5070 686 5122 Id
710 5075 786 5122 est
807 5073 1116 5124 sacerdotem
1138 5075 1438 5126 saecularem.

579 5163 602 5192 ε
625 5155 764 5205 Hunc
787 5157 1110 5210 Wolfharium
1149 5159 1238 5209 sub
1279 5160 1451 5210 Carolo
1487 5163 1556 5212 M.
1585 5162 1785 5213 missum
1819 5161 2114 5214 dominicum

512 5221 670 5285 egisse
696 5225 903 5276 testatur
926 5227 1096 5277 Mai-tot
1119 5226 1168 5276 in
1194 5226 1320 5277 Hist.
1348 5228 1630 5280 lthemensi.

580 5315 606 5354 ἀ
629 5314 682 5366 ld
709 5318 806 5380 est,
827 5314 907 5378 jus
929 5317 1099 5369 libera:
1123 5319 1372 5370 electionis
1395 5320 1644 5372 abbatum.

511 5402 731 5532 9θῖῐὲθῶ
741 5401 1110 5456 Teutomsmum
1135 5405 1331 5470 Ρθηίίυν
1352 5405 1885 5472 Plusquamperfectum
1909 5420 1994 5473 pro
2014 5408 2114 5459 Im-

2219 4497 2410 4539 omnes
2467 4483 2782 4538 monasterii
2828 4498 3023 4539 causas
3071 4483 3203 4550 sibi,
3263 4482 3572 4554 ubicunque
3621 4481 3808 4543 vellet.

2217 4572 2415 4627 adferri
2441 4571 2713 4641 jussisset,
2747 4570 3098 4626 nihilominus
3125 4571 3191 4626 ad
3222 4571 3406 4626 libilus
3443 4587 3571 4626 suos
3619 4568 3812 4641 sazpius

2217 4661 2361 4716 idem
2391 4661 2780 4716 monasterium
2809 4660 3070 4727 invisens,
3101 4677 3292 4716 omnes
3321 4659 3520 4716 ibidem
3569 4659 3809 4716 ministe-

2215 4749 2416 4804 riorum
2459 4749 2878 4806 consuetudines
2905 4749 2974 4804 ad
3003 4766 3129 4804 suas
3157 4749 3459 4805 detorserat
3489 4747 3809 4819 voluptates.

2215 4839 2461 4910 Denique
2524 4838 2747 4895 cellario
2803 4838 3122 4910 cunctisque
3177 4837 3442 4893 similibus
3495 4833 3808 4892 monasterii

2281 5003 2296 5038 '
2319 5005 2450 5056 idem
2475 5005 2836 5056 Teutonismus.

2283 5098 2306 5132 0
2326 5089 2638 5150 Amalgerum
2658 5091 2810 5142 officia
2835 5089 3056 5154 portarii,
3079 5089 3341 5151 cellerarii,
3363 5087 3607 5153 praepositi
3631 5087 3804 5138 abiisse

2213 5157 2396 5207 charta:
2438 5157 2750 5208 traditionum
2791 5163 3050 5209 testantur.
3096 5158 3218 5208 Eum
3260 5161 3375 5208 ante
3411 5157 3565 5208 altare
3604 5166 3802 5206 aureum

2211 5223 2390 5342 sedéiIBo5
2435 5234 2578 5274 orare
2634 5227 2960 5289 consuevisse,
3016 5225 3186 5276 scribit
3229 5224 3545 5276 Ermenricus
3587 5222 3639 5273 in
3684 5220 3800 5273 Cod.

2212 5303 2264 5341 n.
2397 5327 2409 5340 .

2279 5374 2303 5407 ιι
2330 5375 2498 5426 Melius
2530 5377 2670 5440 regni
2693 5377 2938 5429 Francici.

2285 5455 2298 5492 ¹
2322 5461 2418 5512 Seu
2443 5464 2634 5524 quarto.
