4086 6298
271 267 413 319 1065

1337 259 1433 346 13E
1462 255 1748 314 CASIBUS
1776 252 2207 312 MONASTERU
2241 257 2296 310 s.
2331 255 2557 311 GALLI.

3421 253 3558 304 1066

272 387 504 444 officinis
531 385 755 442 laicales
782 383 1027 456 praefecit
1079 399 1360 455 personas,
1415 383 1516 437 sibi
1564 382 1868 438 forinsecus
1896 377 1952 438 A
1972 379 2122 434 noris
2151 394 2321 435 causa
2348 377 2773 434 deosculandum
2802 374 3150 432 contradidit.
3174 373 3383 430 Deinde
3412 380 3568 430 carta

276 476 589 531 ministrare
618 474 841 540 solitas;
875 473 1161 543 nullusque
1191 488 1378 527 eorum
1408 471 1500 542 qui
1529 471 1599 525 ad
1628 471 1745 525 haec
1775 484 1872 524 ea-

279 567 405 620 dem
434 563 730 618 ministeria
760 561 1034 618 constituti
1077 560 1286 615 fuerant
1332 560 1742 627 monachorum,
1788 556 1875 612 vel

278 653 479 707 intrare
509 659 597 706 aut
627 652 694 706 de
721 649 806 704 his
837 649 1176 720 aliquatenus
1203 648 1392 703 habuit
1419 655 1738 718 potestatem
1767 653 1875 699 tra-

282 751 434 800 ctare
459 741 545 798 vel
575 740 776 795 habere
797 749 841 794 ε.
900 739 1078 807 Quare
1129 737 1375 810 contigit,
1427 753 1538 791 non
1567 736 1742 791 solum
1771 734 1876 788 alia

281 829 617 898 necessaria,
653 829 750 883 sed
789 827 953 883 etiam
999 827 1223 892 victum,
1275 842 1585 896 supremum
1626 823 1878 880 videlicet

284 918 530 990 corporis
559 915 1002 980 sustentaculum,
1038 914 1257 970 omnino
1288 913 1541 968 fratribus
1586 911 1873 967 defecisse.

282 1008 468 1062 Tantm
497 1005 661 1078 igitur
690 1019 851 1060 causa
881 1003 1224 1059 necessitatis
1271 1001 1648 1057 Hludowicum
1692 998 1878 1070 piissi-

283 1111 437 1150 mum
494 1094 878 1164 imperatorem
932 1091 1130 1146 fratres
1183 1090 1252 1144 de
1308 1088 1638 1145 monasterio
1709 1087 1880 1142 sancti

287 1182 431 1238 Galli
485 1181 754 1248 adierunt,
811 1180 1038 1251 ejusque
1094 1177 1436 1234 clementiam
1485 1193 1597 1232 sum
1643 1174 1880 1231 miseriae

286 1271 531 1327 solamen
561 1285 682 1325 esse
711 1268 1027 1339 poscebant.
1073 1266 1378 1337 Episcopus
1423 1280 1640 1335 quoque
1689 1263 1884 1318 eodem

285 1368 535 1430 tempore
580 1373 826 1428 praesens
883 1356 1089 1421 aderat,
1138 1354 1588 1425 coepiscoporum
1645 1350 1884 1407 confisus

290 1447 508 1514 solatio,
538 1445 874 1516 aliorumque
904 1442 1251 1498 familiarium
1297 1442 1463 1514 regis,
1515 1456 1653 1513 quos
1694 1455 1885 1495 omnes

287 1553 400 1592 suae
426 1535 598 1607 partis
641 1533 848 1589 sciebat
899 1548 1021 1587 esse
1065 1530 1543 1586 adminiculatores
1592 1529 1886 1590 monacho-

287 1639 520 1695 rumque
549 1621 913 1679 adversarios.
947 1619 1232 1674 Maximam
1261 1627 1441 1673 tamen
1482 1633 1596 1673 suae
1642 1617 1886 1688 pertina-

1975 467 2206 522 traditur
2235 467 2468 540 legenda
2480 508 2494 522 .

2055 573 2190 627 Cum
2219 589 2352 629 vero
2381 572 2625 628 audisset
2653 571 2941 643 episcOpus
2971 579 3159 627 contra
3189 585 3348 624 suum
3375 569 3564 624 decre-

1976 676 2090 722 tum
2147 671 2310 721 carta:
2361 662 2662 734 procedere
2717 668 2941 729 textum,
3000 659 3248 730 protinus
3296 657 3569 713 recusavit

1977 755 2155 823 istam,
2187 767 2440 806 asserens
2480 763 2813 821 perversam,
2866 747 3138 818 aliamque
3189 747 3414 817 cupiens
3457 761 3570 800 suae

1976 840 2353 914 perversitatis
2409 839 2466 893 in
2520 837 2869 908 praesentiam
2941 835 3156 891 adferre
3221 834 3567 905 scripturam.

1979 930 2137 998 Quod
2165 927 2449 984 benivolus
2478 926 2776 997 imperator
2804 941 2914 980 non
2943 924 3238 990 consensit,
3285 923 3382 978 sed
3411 929 3574 977 tanta;

1980 1017 2316 1074 auctoritatis
2346 1015 2652 1070 firmitatem
2680 1013 2963 1069 monachis
2987 1011 3325 1068 restituendo
3363 1017 3574 1066 contra-

1981 1107 2134 1174 didit,
2168 1113 2227 1160 ut
2248 1104 2407 1160 liberi
2427 1104 2493 1158 ad
2515 1119 2614 1158 sua
2636 1103 2948 1168 redeuntes,
2972 1109 3296 1171 potestatem
3319 1099 3576 1170 deinceps

1982 1193 2222 1267 eligendi
2279 1193 2508 1247 abbates
2563 1191 2832 1247 haberent
2865 1234 2877 1257 ,
2945 1189 3262 1260 nullamque
3331 1194 3578 1258 potesta-

1983 1291 2090 1337 tem
2122 1279 2366 1352 episcopi
2395 1279 2604 1350 absque
2623 1277 2926 1350 magisterii
2947 1292 3116 1333 causa
3132 1275 3389 1347 spiritalis
3417 1287 3582 1344 super

1984 1387 2080 1426 eos
2135 1369 2397 1440 deinceps
2455 1367 2760 1434 haberent;
2806 1374 3034 1438 excepto
3092 1364 3332 1437 quodam
3387 1378 3558 1418 censu

1986 1474 2149 1531 quem
2181 1458 2249 1512 de
2277 1456 2608 1512 monasterio
2638 1456 2708 1512 ad
2725 1455 3097 1526 episcopatum
3117 1451 3358 1525 persolvi
3378 1451 3581 1506 debere

1987 1546 2218 1618 singulis
2249 1545 2427 1611 annis,
2460 1545 2565 1601 hoc
2592 1552 2674 1601 est
2693 1560 2860 1599 unum
2882 1559 3084 1615 equum
3107 1550 3159 1597 et
3180 1557 3346 1597 unam
3365 1538 3582 1595 unciam

1987 1636 2102 1690 auri
2123 1634 2168 1702 ά,
2221 1649 2389 1705 supra
2431 1641 2737 1688 memorata
2780 1641 2980 1689 carta°
3009 1631 3302 1688 asserebat.
3356 1629 3584 1699 Insuper

283 1713 376 1768 tie
406 1710 658 1767 ﬁduciam
687 1709 870 1764 habuit
898 1709 955 1762 in
985 1708 1221 1779 quadam
1253 1715 1416 1773 carta,
1443 1723 1573 1794 quae
1602 1705 1886 1794 diabolicis
1915 1729 1968 1788 B
1993 1723 2153 1780 etiam
2181 1723 2436 1794 prafatus
2465 1722 2723 1793 princeps
2765 1722 2835 1776 ad
2882 1729 3236 1794 augmentum
3281 1717 3584 1775 securitatis

288 1798 780 1855 machinationibus
811 1813 844 1851 a
873 1796 1110 1868 quodam
1140 1795 1346 1850 diaboli
1380 1793 1626 1849 ministro
1656 1793 1890 1849 conscri-

293 1896 405 1959 pta,
437 1903 545 1942 non
575 1887 752 1941 solum
780 1885 926 1940 idem
954 1884 1360 1949 monasterium,
1413 1883 1512 1937 sed
1559 1891 1612 1937 et
1639 1882 1742 1936 alia
1770 1881 1892 1936 loca

293 1991 406 2032 non
435 1990 606 2046 pauca
646 1972 939 2028 falsissime
977 1969 1256 2028 canebatb
1287 1973 1358 2026 ad
1400 1970 1662 2042 episcopii
1707 1978 1893 2041 partes

297 2063 452 2135 quasi
512 2061 839 2118 hereditario
900 2061 1022 2130 jure
1096 2060 1387 2130 pertinere.
1455 2058 1708 2114 Monachi
1765 2073 1894 2113 vero

299 2159 523 2208 econtra
552 2149 755 2206 nullam
785 2148 852 2205 eo
888 2157 1134 2220 tempore
1182 2164 1292 2203 suae
1338 2147 1644 2203 securitatis
1689 2153 1896 2202 cartam

297 2241 622 2305 habuerunt,
681 2254 808 2305 una,
858 2245 918 2292 ut
971 2236 1337 2308 praediximus,
1381 2243 1742 2304 concremata,
1793 2233 1897 2290 alia

299 2345 452 2398 vero,
487 2328 623 2384 sicut
653 2327 811 2382 etiam
843 2325 1056 2398 praefati
1086 2320 1293 2392 sumus,
1327 2341 1490 2396 quam
1521 2325 1800 2394 suscipere
1828 2323 1897 2378 ob

299 2417 534 2488 aliquam
592 2431 815 2472 causam
861 2414 1113 2470 monachi
1158 2413 1466 2479 noluerunt,
1520 2413 1588 2467 ab
1641 2412 1898 2483 episcopo

300 2506 540 2561 detenta.
591 2504 724 2558 Cum
781 2518 910 2559 vero
958 2501 1239 2557 altercatio
1286 2501 1426 2556 inter
1483 2501 1802 2572 episcopum
1847 2506 1901 2554 et

301 2593 603 2648 monachos
632 2591 870 2646 oriretur
891 2604 1075 2646 coram
1095 2589 1362 2661 principe,
1388 2589 1701 2661 episcopum
1718 2587 1898 2659 petiit:

302 2689 361 2737 ut
390 2697 488 2736 sua
517 2688 660 2736 carta
688 2695 876 2735 coram
903 2679 1236 2749 imperatore
1265 2678 1555 2748 legeretur,
1603 2684 1656 2731 et
1699 2692 1901 2732 secun-

303 2771 434 2824 dum
461 2785 579 2825 eam
617 2785 708 2823 res
755 2767 1202 2837 dijudicarentur.
1255 2768 1439 2837 Ipsam
1486 2773 1684 2832 autem,
1739 2780 1904 2837 quam

304 2874 470 2929 supra
501 2855 1064 2924 commemoravimus,
1099 2854 1312 2910 mendis
1335 2854 1711 2925 plenissimam
1758 2869 1904 2924 prae-

305 2945 446 3002 ferre
467 2954 490 2980 °
520 2943 797 3018 cogitavit.
832 2943 941 2998 Sed
970 2943 1154 3000 divina
1184 2943 1357 3014 pietas
1386 2943 1519 3010 suis,
1571 2943 1771 3015 quibus
1796 2943 1904 2997 hu—

302 3049 466 3090 mana
496 3034 720 3090 deerant
745 3032 955 3099 solatia,
992 3047 1228 3103 superna
1258 3033 1482 3105 dignata
1509 3038 1609 3100 est,
1663 3031 1904 3086 interce-

303 3124 466 3179 dente
499 3130 686 3178 sancto
718 3121 895 3187 Gallo,
929 3121 1175 3176 conferre
1208 3121 1465 3175 subsidia.
1510 3119 1758 3191 Denique
1790 3119 1904 3190 epi-

306 3227 529 3283 scopus,
562 3226 688 3266 cum
717 3210 786 3265 de
815 3208 1067 3264 manibus
1097 3209 1300 3280 proprii
1329 3208 1560 3263 ministri
1581 3223 1696 3264 suae
1719 3207 1908 3263 volun-

303 3300 431 3355 tatis
461 3315 519 3355 se
547 3305 763 3370 putaret
791 3298 1039 3368 accipere
1069 3305 1293 3367 cartam,
1325 3297 1491 3352 immo
1543 3296 1719 3352 sancti
1767 3295 1907 3351 Galli

305 3388 539 3444 famulos
571 3386 932 3442 destruendos
959 3385 1284 3442 invidiosam
1304 3385 1633 3457 decipulum,
1652 3400 1762 3440 non
1785 3399 1908 3440 eam

310 3493 476 3549 quam
504 3475 692 3542 voluit,
727 3475 824 3530 sed
853 3473 1098 3546 proﬁcuo
1126 3473 1284 3529 nobis
1305 3489 1496 3530 errore
1515 3474 1679 3529 aliam
1698 3481 1908 3530 cartam

307 3563 626 3636 imperatori
684 3562 1002 3634 cunctisque
1058 3562 1416 3634 principibus,
1462 3578 1643 3618 causae
1691 3562 1907 3633 penitus

310 3655 554 3726 ignarus,
586 3666 772 3709 coram
801 3651 1128 3723 designavit,
1163 3666 1326 3722 quam
1355 3651 1425 3705 ab
1454 3650 1786 3722 imperatore
1807 3653 1912 3706 Ka-

312 3742 436 3798 rolo
466 3741 567 3796 sub
595 3741 845 3796 Johanne
874 3739 1138 3812 episcopo
1167 3739 1327 3795 nobis
1356 3738 1571 3809 factam,
1621 3740 1719 3795 sed
1749 3755 1783 3794 a
1810 3755 1909 3794 no-

312 3830 442 3886 stris
472 3828 914 3886 antecessoribus
945 3828 1015 3883 ob
1063 3827 1288 3897 alicujus
1335 3826 1573 3884 infanda
1618 3827 1911 3884 additionis

314 3919 588 3974 maculam
616 3933 728 3972 non
757 3924 1034 3988 receptam
1065 3933 1228 3990 supra
1255 3917 1699 3974 memoravimus.
1739 3916 1912 3986 Quam

311 4024 435 4065 cum
459 4006 738 4078 piissimus
793 4005 1093 4077 imperator
1149 4006 1515 4077 suscepisset,
1566 4006 1912 4077 sigillumque

314 4096 403 4153 sui
431 4095 601 4167 patris
630 4094 1079 4166 recognoscendo
1109 4094 1331 4149 intuitus
1379 4100 1545 4162 esset,
1596 4093 1910 4150 venerando

314 4183 663 4241 deosculatus
692 4191 792 4252 est,
827 4182 1142 4255 circumque
1173 4182 1514 4248 adstantibus
1535 4181 1785 4238 similiter
1812 4181 1913 4238 ho-

383 4382 408 4412 a
431 4356 562 4420 Lege
590 4375 602 4406 :
631 4355 870 4408 tractandi
912 4355 988 4408 vel
1011 4355 1241 4408 habendi.

388 4449 416 4491 b
439 4444 571 4504 Lege
597 4454 610 4491 :
635 4440 852 4491 cavebat.

386 4535 410 4564 α
437 4528 567 4590 Lege
592 4539 606 4575 :
633 4526 878 4587 proferre.

389 4614 417 4655 ἀ
441 4612 488 4661 ls
511 4611 637 4661 idem
665 4622 860 4673 census,
900 4621 1044 4672 quem
1085 4609 1377 4662 monasteria
1414 4605 1570 4661 libera
1597 4609 1699 4673 regi
1723 4606 1914 4673 persol—
1951 4606 1958 4610 '

319 4679 520 4730 vehant.

323 4832 353 4882 ὁ
389 4785 413 4814 e
435 4762 590 4881 ἥρως
613 4761 902 4812 Adulteram
925 4775 956 4814 a
979 4761 1164 4814 Joanne
1186 4761 1444 4828 adscripsit
1467 4765 1636 4826 postea
1661 4761 1913 4815 Ekkehar-

358 4843 414 4882 us
502 4868 513 4880 .

358 4844 414 4882 118
436 4844 513 4881 ιν.

392 4917 413 4960 f
433 4915 667 4977 Superest
689 4917 783 4966 hoc
805 4915 1018 4978 diploma
1041 4913 1333 4979 Aquisgrani
1359 4913 1390 4964 6
1413 4913 1521 4965 Kal.
1547 4913 1694 4964 Febr.
1703 4949 1720 4976 ,
1741 4925 1866 4964 anno
1884 4913 1915 4963 2

327 4981 540 5045 imperii,
567 4982 734 5033 indict.
763 4983 795 5032 9
819 4983 1004 5034 datum.

398 5096 426 5137 tt
449 5083 568 5146 Ejus
590 5083 939 5147 ichnographia
975 5081 1106 5132 haud
1143 5081 1288 5134 dubie
1313 5095 1341 5132 a
1366 5082 1495 5145 regis
1530 5081 1797 5134 architecto
1821 5083 1916 5147 Gec

329 5161 486 5213 rungo
506 5146 770 5212 delineata,
799 5146 848 5201 et
871 5149 1118 5201 Gozberto
1141 5150 1346 5199 diacono
1369 5150 1536 5210 missa,
1567 5153 1616 5199 et
1639 5150 1786 5212 pedes
1809 5151 1838 5200 5
1861 5146 1921 5212 ‘/,I

333 5218 499 5279 longa,
529 5220 578 5267 et
600 5218 631 5267 2
650 5215 713 5279 ιβ,
736 5219 884 5280 pedes
929 5217 1028 5266 lata
1070 5216 1228 5265 adhuc
1269 5219 1513 5276 superest.
1538 5216 1842 5266 Winiharius
1874 5219 1924 5265 et

335 5283 582 5334 Isenricus
600 5285 828 5334 monachi
855 5283 989 5346 operi
1013 5284 1277 5345 praaerant,
1317 5283 1554 5332 columnae
1594 5283 1796 5345 lapideae
1821 5295 1925 5332 om-

335 5363 426 5402 nes
451 5350 702 5401 immensis
729 5351 931 5400 molibus
952 5350 1166 5400 advectae
1194 5350 1348 5399 fuere.
1376 5349 1598 5410 Epistola
1623 5350 1922 5400 Ermenrioi.

405 5459 431 5500 h
458 5453 552 5502 Pro
575 5451 831 5506 Erlebaldo
856 5463 983 5502 anno
1003 5452 1103 5502 838
1143 5451 1373 5502 defuncto
1417 5453 1587 5513 putant
1635 5450 1780 5514 aliqui
1821 5450 1929 5514 ejus

337 5531 668 5569 successorem
693 5532 721 5568 a
744 5521 976 5583 Ratperto
998 5519 1142 5568 fuisse
1167 5517 1530 5569 nominandum.

552 5619 790 5674 PATROL.
833 5617 1076 5673 CXXVI.

1994 1828 2183 1868 eorum
2211 1820 2412 1867 cartam
2442 1810 2750 1866 emunitatis
2795 1825 2894 1865 sua
2932 1809 3250 1865 auctoritate
3296 1808 3401 1863 illis
3448 1823 3586 1863 con-

1993 1900 2213 1956 tradidit
2229 1901 2268 1955 τ.
2321 1899 2530 1968 Quibus
2574 1898 2832 1970 peractis,
2880 1898 3132 1954 monachi
3177 1913 3299 1953 cum
3345 1912 3444 1951 suo
3491 1896 3588 1950 ab-

1994 1989 2118 2045 bate
2146 1988 2419 2058 Gozperto
2447 1988 2516 2042 ad
2546 1987 2940 2043 monasterium
2973 1986 3184 2042 rediere
3205 1986 3450 2051 letantes,
3475 1984 3591 2055 epi-

1999 2093 2166 2149 scopo
2212 2076 2563 2132 nihilominus
2611 2076 2682 2131 ad
2727 2090 2826 2131 sua
2869 2091 2991 2132 cum
3039 2075 3261 2130 tristitia
3305 2075 3587 2131 redeunte.

1998 2165 2305 2236 Gozpertus
2332 2181 2465 2222 vero
2495 2165 2662 2220 abbas
2691 2181 2799 2220 una
2827 2179 2952 2220 cum
2981 2163 3092 2219 suis
3113 2164 3179 2219 ad
3199 2163 3594 2220 monasterium

1998 2254 2240 2322 rediens,
2297 2253 2447 2309 omni
2501 2253 2681 2309 studio
2737 2253 3019 2326 satagebat
3061 2254 3206 2308 circa
3253 2267 3593 2308 communem

1999 2342 2225 2398 fratrum
2252 2343 2541 2398 utilitatem
2567 2358 2786 2397 omnem
2819 2342 2902 2396 sui
2929 2341 3130 2397 laboris
3160 2334 3456 2412 inpendere
3488 2341 3597 2396 sol-

1999 2430 2232 2497 lertiam,
2291 2437 2492 2486 nostrae
2547 2429 2604 2484 in
2642 2430 2895 2486 omnibus
2939 2429 3100 2485 rebus
3150 2429 3596 2501 congregationis

2000 2519 2312 2590 ubicunque
2340 2519 2514 2590 potuit
2535 2518 2826 2576 commoda
2846 2517 3175 2574 cumulando
3199 2536 3213 2584 ;
3249 2518 3320 2572 ad
3342 2533 3602 2590 augmen-

2003 2614 2117 2662 tum
2148 2622 2362 2678 quoque
2392 2607 2568 2662 nostri
2596 2606 2934 2673 monasterii,
2967 2605 3137 2662 veteri
3171 2606 3463 2673 destructa,
3495 2622 3600 2662 no—

2002 2711 2125 2751 vam
2155 2703 2342 2750 sancto
2390 2695 2552 2750 Gallo
2595 2695 2758 2765 coepit
2805 2693 3080 2750 aedificare
3122 2694 3428 2764 basilicam,
3483 2712 3604 2766 qua:

2003 2783 2166 2838 hodie
2214 2783 2519 2839 rationabili
2564 2799 2917 2856 procerasque
2965 2783 3356 2856 magnitudinis
3400 2791 3607 2839 statura

2006 2871 2357 2928 cernentibus
2387 2880 2609 2943 apparet
2641 2879 2950 2929 constructa
2970 2880 3018 2939 ε,
3065 2888 3209 2928 anno
3236 2871 3490 2929 videlicet
3519 2873 3606 2927 in-

2007 2961 2334 3016 carnationis
2364 2961 2584 3016 Domini
2614 2965 2736 3032 830,
2771 2961 3058 3017 Hludovici
3086 2978 3219 3018 vero
3263 2961 3610 3033 imperatoris

1937 3052 2094 3142 C17.
2130 3049 2307 3118 Quam
2337 3049 2524 3120 utique
2563 3049 2746 3120 spacio
2796 3056 3005 3120 septem
3054 3064 3322 3105 annorum
3368 3050 3437 3104 ad
3484 3050 3608 3121 ple-

2005 3154 2136 3192 num
2166 3135 2487 3193 aedificando
2517 3137 2791 3208 perduxit,
2823 3153 3073 3209 annoque
3109 3153 3255 3193 nono
3305 3137 3610 3194 dedicatio-

2005 3241 2132 3280 nem
2161 3225 2333 3296 ipsius
2367 3225 2608 3281 basilicm
2644 3226 2988 3296 perpetravit,
3041 3226 3492 3282 convenientibus
3538 3227 3609 3281 ad

2006 3313 2152 3368 idem
2200 3313 2595 3369 monasterium
2642 3313 2975 3382 Woltleozo,
3031 3315 3098 3368 ad
3147 3316 3304 3384 cujus
3349 3315 3611 3371 diocesim

2005 3402 2330 3473 pertinebat,
2365 3401 2768 3459 Constantiensi
2796 3403 3074 3474 episcopo,
3110 3421 3325 3476 unaque
3361 3403 3610 3460 Oadalri-

2007 3491 2111 3546 cho
2143 3491 2429 3546 Basiliensi
2459 3491 2738 3562 episcopo,
2769 3492 3063 3548 Erlebaldo
3086 3489 3113 3526 ιι
3143 3508 3358 3564 quoque
3392 3495 3614 3566 Augen-

2009 3577 2083 3633 sis
2113 3579 2428 3634 monasterii
2457 3579 2690 3635 abbatei
2727 3596 2850 3636 cum
2882 3580 3173 3653 aliquantis
3218 3598 3330 3638 suae
3375 3597 3612 3656 congre-

2008 3667 2242 3738 gationis
2275 3667 2524 3722 fratribus
2556 3677 2824 3739 praesente
2855 3671 3150 3724 manentei
3202 3669 3432 3742 aliisque
3480 3671 3613 3726 Ala-

2008 3771 2332 3811 mannorum
2361 3756 2699 3828 principibus
2729 3773 2838 3813 non
2867 3758 3076 3829 paucis.
3111 3758 3472 3815 Dedicatione
3501 3759 3614 3832 igi-

2009 3851 2095 3899 tur
2122 3844 2295 3916 ipsius
2326 3845 2568 3901 basilicae
2597 3845 2836 3919 gloriose
2867 3853 3044 3918 coepta
3065 3854 3119 3902 et
3138 3863 3249 3902 non
3277 3847 3396 3904 sine
3425 3848 3612 3920 signo-

2011 3949 2128 3988 rum
2177 3933 2417 3988 claritate
2465 3935 2772 3991 honorifice
2819 3944 3060 4006 peracta,
3115 3943 3306 4006 postea
3353 3937 3613 4006 praefatus

2010 4022 2152 4076 abba
2186 4021 2489 4092 Gozpertus
2519 4022 2575 4076 in
2604 4023 2856 4078 omnibus
2887 4023 3201 4078 monasterii
3221 4024 3392 4080 nostri
3422 4025 3612 4078 utilita-

2009 4109 2154 4165 tibus
2187 4109 2305 4165 sine
2333 4111 2639 4165 cessatione
2670 4126 2730 4166 se
2765 4111 2969 4166 studuit
3001 4127 3281 4168 exercere.
3332 4113 3610 4168 Librorum

2012 4198 2154 4253 enim
2177 4237 2192 4264 ,
2243 4214 2474 4270 quorum
2517 4197 2757 4255 maxima
2793 4199 3020 4271 penuria
3048 4199 3076 4235 ιε
3132 4200 3188 4255 in
3241 4208 3430 4258 nostro
3486 4201 3608 4258 loco

2079 4360 2232 4421 iQute
2255 4363 2522 4422 sequuntur
2542 4373 2696 4424 usque
2745 4360 2804 4413 ad
2851 4374 3020 4413 vocem
3071 4362 3374 4415 dedicatione
3416 4365 3607 4416 diversa

1940 4434 1992 4496 D
2016 4455 2180 4506 manu,
2212 4456 2372 4496 coaeva
2397 4448 2582 4510 tamen,
2607 4445 2790 4510 scripta
2813 4450 2947 4498 sunt.

2073 4553 2090 4601 j
2116 4547 2267 4611 Hujus
2290 4548 2625 4600 translationis
2649 4552 2760 4600 acta
2800 4563 2828 4600 a
2870 4551 2922 4601 S.
2969 4549 3094 4601 Galli
3119 4551 3359 4622 monacho
3385 4566 3411 4603 c
3438 4553 3602 4604 Scotia

2013 4631 2215 4683 oriundo
2239 4633 2534 4697 conscripta,
2563 4635 2797 4698 Ratpcrto
2824 4634 2872 4684 in
2897 4631 3202 4686 bibliotheca
3229 4637 3460 4690 evolvere
3490 4651 3606 4702 pro-

2014 4716 2138 4767 clive
2163 4720 2286 4768 erat.
2323 4717 2442 4768 Vide
2463 4719 2731 4781 catalogum
2755 4718 2996 4770 librorum
3017 4733 3132 4771 scrc.
3159 4733 3227 4772 1x.

2081 4823 2108 4863 ιι
2137 4821 2365 4890 Attamen
2391 4821 2599 4872 aderant
2620 4822 2838 4890 Romano
2865 4822 3153 4890 charactere
3193 4824 3383 4877 saeculis
3429 4840 3480 4889 v,
3533 4840 3603 4890 vr,

2015 4899 2084 4960 vn
2110 4887 2316 4960 exarati,
2343 4891 2398 4960 ut
2422 4893 2524 4960 tum
2549 4901 2608 4938 ex
2634 4889 2837 4939 residuis
2863 4889 3171 4960 fragmentis,
3197 4904 3247 4941 v.
3274 4904 3361 4960 επ
3392 4887 3604 4960 Virgilii,

2014 4952 2289 5015 Evangelii,
2315 4957 2437 5022 etc.,
2465 4957 2567 5004 tum
2586 4966 2645 5022 ex
2669 4965 2842 5022 novem
2868 4956 3112 5006 codicibus
3145 4952 3412 5022 rescriptis,
3435 4952 3535 5012 tuin
3560 4952 3608 5014 et

2019 5031 2080 5069 ex
2103 5023 2216 5091 nota
2240 5021 2514 5091 antiquam,
2540 5021 3129 5091 αῃιὶρτιὶιςξὶοηωηλυειιιε,
3144 5028 3293 5091 cetus
3317 5021 3479 5089 valde,
3509 5030 3606 5091 legi

2017 5098 2115 5135 non
2132 5089 2294 5146 potest
2316 5086 2480 5136 multis
2505 5087 2748 5138 codicibus
2772 5088 2820 5136 in
2847 5090 3067 5150 catalogo
3091 5089 3400 5142 bibliothecae
3441 5086 3606 5145 saeculi

2019 5165 2071 5200 ix
2096 5151 2285 5213 adjecta
2310 5153 2620 5203 manifestum
2648 5152 2720 5203 fit.
2745 5155 2930 5204 Saeculo
2954 5168 3140 5218 quoque
3165 5170 3251 5206 vm
3293 5160 3346 5209 S.
3384 5161 3508 5211 Galli
3533 5175 3611 5212 as-

2020 5223 2154 5268 cetas
2180 5219 2315 5268 libris
2339 5219 2604 5270 scribendis
2622 5218 2724 5280 jam
2769 5221 3039 5283 insudasse,
3083 5225 3328 5274 testantur
3372 5229 3508 5277 multi
3551 5241 3610 5278 ex

2022 5285 2115 5335 hoc
2137 5297 2239 5353 aevo
2261 5287 2544 5353 superstites
2585 5287 2795 5346 codices,
2837 5289 3078 5352 praecipue
3121 5291 3340 5353 epistolae
3374 5294 3427 5342 S.
3476 5294 3610 5344 Pauli

2023 5364 2074 5400 n.
2104 5352 2168 5422 '_70_
2188 5356 2238 5400 et
2260 5351 2390 5422 liber
2405 5354 2753 5422 prophetarum
2776 5365 2826 5404 η.
2853 5355 2938 5417 44,
2963 5351 3020 5406 ac
3044 5367 3102 5407 ea
3126 5351 3234 5421 quae
3267 5360 3527 5422 Batpertus
3553 5361 3612 5410 de

2024 5418 2262 5482 scriptore
2285 5419 2510 5470 Waltone
2539 5419 2701 5471 habet.

3203 5625 3270 5677 34
