4086 6302
569 324 709 380 106⁵7

1600 320 2010 380 RATPERTUS
2040 320 2514 379 SANGALLESIS
2563 322 2808 378 ABBAS.

3717 320 3847 373 i068

568 462 743 518 usque
777 446 846 501 ad
891 445 1040 501 illius
1086 453 1301 518 tempus
1349 445 1646 514 exstiterat,
1696 453 1899 503 tantam
1947 446 2159 518 copiam
2188 445 2244 507 A
2263 446 2407 502 abba
2438 446 2508 502 ad
2534 445 2925 502 monasterium
2943 443 3111 501 sancti
3128 442 3272 500 Galli
3293 441 3534 508 veniens,
3557 439 3848 497 honorifice

565 534 657 590 ille
686 533 935 605 patravit,
968 542 1028 589 ut
1054 534 1209 591 locus
1239 534 1341 590 iste
1371 550 1437 589 ex
1475 550 1666 590 eorum
1713 535 2163 607 multiplicatione

566 638 676 678 non
704 638 902 693 parum
932 629 1299 679 excresceret.
1333 622 1459 693 Qui,
1484 623 1688 694 quales,
1716 631 1768 678 et
1788 632 1918 695 quot
1941 622 2157 692 fuerint,

566 710 660 782 qui
690 710 1009 782 diligentius
1039 710 1337 783 quaesierit,
1369 710 1614 766 invenire
1640 711 1856 782 poterit.

637 800 690 854 7.
724 799 996 869 Tempore
1027 814 1158 854 vero
1187 798 1518 869 procedente
1539 798 1681 853 idem
1702 799 1893 869 abbas,
1917 816 2038 855 cum
2049 799 2160 868 jam

564 886 738 943 aetatis
767 887 1089 957 gravitatem
1118 886 1471 958 corporisque
1498 885 1860 943 inﬁmitatem
1903 903 2012 944 non
2043 886 2162 942 suf-

563 973 733 1031 ficere
763 975 1015 1030 crederet
1043 975 1111 1029 ad
1138 974 1447 1029 instantium
1477 975 1858 1031 necessitatem
1908 976 2162 1049 negotio-

563 1064 779 1129 tiorum,
813 1079 847 1118 a
865 1062 1183 1119 Hludowico
1205 1062 1631 1118 clementissimo
1651 1071 1883 1137 augusto
1904 1064 2165 1135 impetra-

563 1150 640 1206 vit
669 1159 727 1206 ut
775 1151 1086 1207 Bernwicus
1128 1151 1434 1208 monachus
1480 1159 1681 1220 noster,
1742 1168 2032 1208 successor
2086 1150 2164 1205 illi

564 1239 858 1305 existeret;
891 1239 1037 1311 quod
1065 1239 1265 1308 statim,
1311 1247 1381 1305 ιιι,
1405 1238 1496 1294 ille
1544 1239 1858 1311 postulavit,
1912 1237 2164 1295 effectum

566 1335 668 1383 est.
715 1326 1014 1382 Ordinatus
1060 1334 1143 1382 est
1190 1342 1319 1383 vero
1369 1327 1684 1382 Bernwicus
1730 1327 1900 1382 abbas
1949 1327 2164 1383 vivente

565 1416 859 1486 Gozperto,
893 1431 1038 1470 anno
1059 1414 1444 1471 incarnationis
1465 1415 1683 1471 Domini
1711 1418 1833 1481 837,
1859 1415 2166 1471 Hludowici

564 1512 744 1560 autem
775 1503 1122 1575 imperatoris
1142 1506 1230 1562 24.
1258 1505 1384 1559 Post
1401 1505 1516 1560 haec
1544 1520 1673 1560 vero
1690 1504 2044 1560 Hludowicus
2065 1503 2167 1558 im-

565 1600 783 1665 perator
812 1596 898 1649 l2.
933 1592 1053 1647 Kal.
1088 1591 1194 1646 Jul.
1228 1592 1297 1647 de
1326 1593 1427 1648 hac
1456 1591 1578 1648 luce
1608 1592 1861 1664 migravit
1889 1608 2032 1648 anno
2074 1592 2189 1646 in--

564 1681 894 1739 carnationis
924 1680 1141 1736 Domini
1184 1682 1307 1735 840.
1361 1680 1570 1736 Eodem
1618 1680 1782 1736 etiam
1831 1696 1976 1736 anno
2024 1680 2167 1736 facta

2261 542 2424 607 atque
2457 535 2603 591 omni
2634 534 2947 606 obsequelae
2978 533 3241 588 suavitate
3270 547 3304 587 a
3333 531 3588 586 fratribus
3606 528 3848 599 ejusdem

2260 623 2576 678 monasterii
2607 630 2891 694 susceptus
2922 630 3023 689 est,
3056 629 3218 692 atque
3249 620 3449 676 devota
3490 618 3708 674 illorum
3740 633 3851 673 ser-

2261 712 2429 767 vitute
2461 719 2809 767 sustentatus.
2843 711 3019 766 Causa
3047 718 3223 764 autem
3256 708 3445 774 extitit,
3469 723 3628 779 quam
3650 705 3851 762 nemini

2262 800 2459 856 miram
2490 808 2620 871 puto
2650 799 2843 868 videri,
2879 798 3071 853 fratres
3086 805 3301 853 nostros
3321 795 3535 852 tristitia
3555 811 3664 851 non
3682 809 3852 866 parva

2262 888 2477 962 agitari,
2510 904 2575 943 eo
2606 888 2752 959 quod
2780 886 3046 943 securitas
3067 884 3349 942 electionis
3367 900 3573 950 eorum,
3601 899 3729 955 quae
3746 890 3850 937 tam

2264 976 2532 1047 multis,ut
2552 984 2679 1031 ante
2697 974 3345 1047 praediximusJaboribus
3375 988 3503 1044 sepe
3536 970 3851 1027 difficillime

2263 1065 2457 1131 fuerat,
2489 1064 2774 1136 adquisita,
2807 1072 2919 1119 tam
2946 1062 3105 1119 facile
3131 1063 3199 1118 de
3231 1077 3416 1118 eorum
3446 1067 3711 1132 potestate
3729 1056 3858 1114 defi-

2263 1152 2438 1208 ciebat
2465 1168 2716 1209 excussa.
2750 1151 2859 1207 Sed
2888 1151 3045 1220 hujus
3076 1150 3320 1218 tristitiae,
3355 1148 3583 1204 Domino
3603 1148 3852 1216 juvante,

2256 1241 2493 1311 jocunda
2518 1249 2741 1297 venerat
2770 1238 3060 1294 medicina.
3110 1239 3250 1293 Nam
3296 1236 3589 1308 pradictus
3619 1235 3857 1291 Grimal-

2264 1330 2368 1385 dus
2396 1329 2709 1400 prioribus°
2738 1343 2957 1399 semper
2987 1327 3132 1383 idem
3161 1325 3548 1382 monasterium
3568 1331 3858 1395 protegere

2264 1426 2426 1489 atque
2454 1433 2588 1491 erga
2617 1416 2749 1472 illud
2778 1416 3077 1472 clementer
3094 1430 3263 1488 agere
3284 1419 3652 1470 consueverat.
3679 1410 3857 1481 Quam

2263 1521 2485 1562 causam
2512 1506 2633 1561 loco
2665 1512 2718 1560 et
2745 1511 3011 1576 potestate
3036 1510 3265 1574 accepta
3293 1519 3403 1558 non
3433 1502 3728 1565 minuerat,
3762 1499 3857 1555 sed

2265 1595 2502 1667 augebat
2528 1593 2705 1667 magis
2735 1593 3037 1660 caritatem,
3061 1608 3220 1664 quam
3244 1607 3358 1647 suae
3375 1588 3658 1662 potestatis
3681 1588 3859 1644 decla-

2265 1698 2396 1738 rans
2423 1681 2873 1755 magnitudinem.
2924 1680 3046 1749 Qua
3087 1678 3412 1736 confidentia
3448 1676 3699 1733 monachi
3735 1692 3857 1732 eum

565 1778 649 1826 est
679 1769 811 1825 solis
841 1768 1076 1841 eclypsis
1104 1772 1156 1823 3.
1188 1769 1330 1823 Non.
1365 1767 1491 1823 Maii
1520 1769 1575 1822 in
1603 1768 1792 1840 vigilia
1826 1768 2166 1825 ascensionis
2193 1797 2247 1858 B
2265 1771 2514 1844 ﬂagitare
2542 1777 2845 1842 coeperunt,
2877 1777 2934 1824 ut
2962 1769 3101 1824 sicut
3134 1768 3191 1822 in
3237 1768 3331 1822 illo
3357 1765 3709 1821 immunitatis
3739 1765 3856 1836 pri-

563 1857 781 1915 Domini
807 1866 851 1911 ³.
884 1857 1012 1913 Post
1041 1856 1245 1911 obitum
1288 1872 1420 1911 vero
1463 1856 1769 1912 Hludowici
1815 1856 2159 1928 imperatoris

564 1946 799 2002 maxima
829 1944 1107 2001 discordia
1136 1951 1257 1999 orta
1285 1953 1368 1999 est
1393 1944 1536 1999 inter
1565 1943 1706 2000 filios
1748 1944 1883 2014 ejus,
1930 1945 2160 2000 Hlotha-

563 2035 728 2102 rium,
762 2033 853 2106 qui
881 2032 1093 2104 primus
1120 2031 1217 2087 fuit
1239 2040 1418 2102 aetate,
1444 2041 1496 2087 et
1516 2032 1895 2088 Hludowicum
1915 2041 1967 2087 et
1997 2034 2162 2088 Caro-

563 2123 697 2178 lum.
759 2123 943 2194 Itaque
999 2121 1315 2176 Hlotharius
1371 2137 1495 2177 cum
1549 2128 1696 2177 esset
1723 2129 1879 2177 aetate
1926 2120 2157 2192 primus,

563 2210 809 2283 potentia
836 2210 1023 2282 utique
1071 2217 1124 2264 et
1168 2209 1511 2265 multitudine
1553 2209 1881 2280 populorum
1929 2217 2052 2281 post
2100 2226 2160 2264 se

564 2297 955 2355 declinantium
1004 2305 1230 2354 caeteros
1278 2297 1648 2368 praecellebat.
1700 2298 1833 2352 Cum
1876 2297 2061 2368 igitur,
2105 2304 2162 2352 ut

565 2386 820 2456 diximus,
853 2384 1087 2441 maxima
1133 2400 1266 2456 pars
1311 2384 1637 2458 populorum
1685 2384 2025 2441 Hlotharium
2074 2400 2155 2440 se-

563 2481 838 2547 queretur,
873 2473 1098 2547 contigit
1128 2480 1180 2528 et
1226 2473 1570 2530 Bernwicum
1618 2481 1863 2528 nostrum
1906 2474 2159 2529 abbatem

564 2563 709 2618 illius
736 2562 908 2634 partis
937 2561 1107 2617 fuisse
1136 2561 1660 2618 adminiculatorem.
1709 2563 1824 2617 Nec
1860 2561 2040 2616 minus
2069 2562 2158 2616 in-

562 2660 712 2707 terea
755 2650 1106 2707 Hludowicus
1152 2649 1530 2705 Alamanniam
1577 2657 1892 2720 penetrans,
1942 2649 2160 2720 singula

560 2740 679 2795 loca
709 2756 820 2794 suae
851 2754 1181 2809 suorumque
1211 2737 1413 2793 dicioni
1444 2738 1707 2808 subjecit;
1740 2738 1974 2810 indeque
1995 2738 2160 2792 abba—

561 2835 672 2883 tem
700 2827 755 2881 in
803 2834 991 2881 nostro
1039 2826 1370 2881 monasterio
1417 2826 1693 2882 constituit
1738 2826 2154 2898 Engelbertum,

559 2915 885 2971 monachum
917 2922 1186 2969 nostrum.
1222 2912 1338 2983 Qua
1377 2930 1432 2969 re
1480 2914 1727 2988 contigit,
1780 2923 1838 2969 ut
1885 2914 2025 2970 sicut
2071 2930 2159 2969 re-

562 3021 691 3077 gna,
723 3003 799 3060 ita
828 3011 880 3059 et
909 3001 1239 3058 monasteria
1269 3001 1502 3058 diversis
1532 3002 1805 3058 erroribus
1825 3009 1981 3073 atque
2003 3002 2158 3058 labo-

561 3093 710 3149 ribus
767 3099 1133 3165 quaterentur.
1197 3092 1257 3146 In
1314 3098 1522 3147 tantum
1578 3099 1759 3147 autem
1813 3091 1988 3161 major
2030 3107 2157 3162 pars

560 3180 886 3254 populorum
916 3179 1250 3235 Hlotharium
1281 3180 1623 3252 sequebatur,
1669 3186 1727 3234 ut
1753 3179 1975 3251 quidam
2004 3177 2157 3250 prin-

563 3270 715 3341 cipes
744 3269 1169 3324 Alamannorum
1201 3284 1325 3324 cum
1354 3268 1596 3324 exercitu
1614 3284 1818 3340 magno
1839 3267 2158 3341 Illudowico

562 3358 775 3415 obviam
805 3364 1118 3430 pergerent,
1153 3372 1404 3428 eumque,
1436 3372 1505 3411 ne
1535 3354 1673 3411 fines
1720 3355 1938 3411 illorum
1982 3355 2157 3410 intra-

562 3453 664 3512 ret,
697 3445 989 3517 prohibere
1018 3445 1237 3501 vellent.
1262 3445 1397 3499 Cum
1429 3444 1623 3515 quibus
1642 3444 1888 3515 protinus
1915 3459 2157 3516 pugnam

558 3533 795 3591 validam
826 3533 1117 3599 commisit,
1150 3540 1204 3589 et
1231 3532 1526 3588 maximam
1552 3548 1737 3588 eorum
1778 3541 1993 3604 partem
2022 3547 2157 3604 pro-

558 3622 767 3690 stravit,
798 3620 1041 3694 reliquos
1071 3636 1205 3676 vero
1234 3637 1425 3676 omnes
1455 3620 1510 3675 in
1540 3620 1720 3693 fugam
1754 3622 2022 3678 convertit
2046 3640 2060 3687 ;
2105 3629 2158 3675 et

556 3711 638 3766 sic
679 3710 747 3764 ad
794 3708 1019 3765 fratrem
1066 3725 1223 3764 suum
1272 3708 1523 3764 Carolum
1565 3709 1829 3780 pervenit.
1870 3710 1929 3763 In
1962 3709 2158 3781 quibus

556 3796 801 3853 terminis
856 3796 1166 3851 Hlotharius
1219 3811 1343 3852 cum
1387 3784 1639 3852 ‘maximo
1685 3796 1930 3853 exercitu
1973 3797 2159 3852 aderat

553 3892 743 3942 contra
773 3884 967 3939 fratres
1021 3899 1170 3950 suos,
1232 3884 1611 3941 Hludowicum
1661 3892 1714 3939 et
1769 3884 2041 3954 Carolum,
2104 3892 2157 3940 et

549 3972 658 4046 ipsi
687 3980 877 4030 contra
904 3971 1076 4029 illum.
1120 3972 1221 4029 Die
1252 3980 1433 4030 autem
1462 3973 1771 4040 constituta,
1805 3973 2158 4029 commissum

552 4069 636 4118 est
663 4061 912 4134 praelium
940 4060 1359 4129 validissimum,
1394 4069 1559 4135 atque
1589 4061 1813 4117 miseria
1835 4061 2078 4133 plenum,
2105 4068 2161 4116 et

550 4150 785 4207 Domino
852 4151 1179 4222 disponente
1238 4150 1482 4221 juniores
1546 4151 1867 4207 exstiterant
1920 4150 2157 4207 victores

551 4253 697 4295 anno
729 4238 1120 4296 incarnationis
1150 4238 1369 4295 Domini
1399 4239 1521 4293 8M.

621 4328 771 4399 Ergo
801 4328 903 4383 hac
930 4325 1229 4382 miserabili
1260 4326 1727 4383 consummatione
1756 4326 1885 4384 belli
1913 4334 2152 4398 peracta,

548 4415 792 4488 protinus
831 4414 1181 4469 Hludowicus
1199 4413 1465 4467 abbatiam
1488 4415 1660 4471 sancti
1678 4415 1818 4471 Galli
1841 4415 2157 4480 Grimaldob

2264 1860 2523 1932 vilegium
2552 1858 2869 1924 amiserunt,
2900 1858 2972 1912 ita
3002 1871 3125 1913 cum
3157 1856 3248 1911 illo
3274 1854 3517 1927 pristinae
3545 1852 3856 1910 securitatis

2262 1955 2652 2019 recuperarent
2681 1953 3053 2018 augmentum.
3085 1943 3259 2014 Quam
3286 1944 3603 2015 petitionem
3619 1942 3714 1997 ille
3735 1956 3859 2013 gra-

2262 2036 2470 2092 tissime
2517 2035 2840 2105 suscipiens,
2894 2033 3243 2105 studioseque
3289 2031 3590 2104 complens,
3642 2045 3675 2085 a
3727 2045 3859 2101 rege

2262 2123 2581 2180 Hludowico
2607 2122 2963 2194 permissione
2994 2120 3102 2175 illis
3132 2119 3401 2193 adquisita
3451 2118 3750 2185 concessit,
3804 2125 3856 2173 ut

2263 2213 2441 2268 statim
2471 2211 2576 2267 sibi
2604 2212 2903 2284 eligerent,
2916 2209 3008 2282 qui
3036 2217 3163 2280 post
3191 2208 3366 2280 ipsum
3386 2208 3510 2263 illos
3529 2207 3861 2279 illorumque

2262 2301 2445 2356 omnia
2471 2307 2810 2372 procuraret,
2846 2306 2899 2353 et
2925 2306 3113 2369 postea
3148 2297 3350 2352 nullam
3395 2313 3507 2352 suae
3556 2294 3860 2351 securitatis

2261 2397 2313 2445 et
2342 2385 2577 2460 prOpriaa
2598 2386 2877 2443 electionis
2898 2386 3288 2442 dubitationem
3308 2385 3590 2440 haberent.
3616 2383 3723 2453 Qui
3741 2398 3863 2454 pro-

2260 2472 2404 2528 tinus
2450 2480 2729 2545 gratanter
2775 2472 2917 2526 hanc
2965 2468 3446 2526 benedictionem‘l
3474 2468 3856 2539 suscipientes,

2261 2561 2599 2616 Hartmotum
2628 2559 2933 2631 elegerunt,
2958 2557 3184 2615 scientia
3205 2564 3257 2612 et
3284 2556 3530 2612 moribus
3557 2555 3860 2612 nobilitate-

2261 2665 2366 2721 que
2392 2648 2731 2720 praeclarum,
2767 2663 3001 2719 eumque
3031 2645 3343 2701 Grimaldus
3362 2660 3547 2700 secum
3569 2644 3641 2699 ad
3662 2660 3857 2717 regem

2257 2738 2534 2810 perduxit.
2575 2736 2678 2806 Qui
2707 2752 2831 2791 cum
2858 2735 3110 2790 manibus
3140 2734 3285 2805 regis
3313 2749 3344 2787 a
3373 2732 3653 2789 Grimaldo
3668 2731 3859 2788 fuisset

2258 2826 2617 2893 contraditus,
2649 2824 2998 2897 benigneque
3025 2823 3093 2877 ab
3141 2838 3208 2878 eo
3257 2829 3560 2893 susceptus,
3608 2822 3854 2893 protinus

2259 2930 2294 2970 a
2322 2915 2475 2987 regia
2502 2920 2768 2985 potestate
2796 2913 2972 2984 ipsum
3003 2911 3179 2967 sancti
3209 2910 3351 2966 Galli
3379 2911 3561 2966 locum
3588 2926 3715 2967 cum
3736 2925 3856 2966 om-

2258 3002 2417 3059 nibus
2443 3003 2511 3057 ad
2539 3003 2693 3058 illum
2720 3001 3117 3073 pertinentibus
3163 2999 3402 3071 suscepit
3446 3006 3571 3071 post
3621 2998 3858 3054 Grimal-

2261 3092 2391 3146 dum
2420 3090 2658 3147 secunda
2686 3090 2804 3147 vice
2820 3098 2842 3125 °
2868 3090 3207 3163 regendum;
3242 3105 3307 3144 eo
3322 3087 3573 3144 videlicet
3597 3094 3782 3159 pacto,
3800 3094 3855 3141 ut

2258 3188 2383 3252 post
2408 3180 2611 3235 obitum
2641 3178 2905 3234 Grimaldi
2932 3180 3050 3235 haec
3077 3178 3268 3233 eadem
3311 3176 3595 3233 electionis
3645 3175 3856 3231 stabili-

2256 3276 2339 3325 tas
2368 3285 2398 3323 a
2426 3285 2561 3341 rege
2608 3283 2869 3324 concessa
2917 3275 2971 3323 et
3016 3267 3073 3321 in
3118 3267 3397 3322 Hartmoto
3442 3272 3644 3337 empta,
3692 3264 3854 3320 dein-

2255 3374 2387 3429 ceps
2416 3356 2768 3413 stabilissime
2794 3355 3154 3428 praesentibus
3182 3354 3497 3426 caeterisque
3516 3354 3589 3409 ad
3618 3354 3854 3409 eundem

2255 3446 2436 3503 locum
2493 3445 2685 3501 futuris
2741 3444 3065 3518 signaretur,
3122 3452 3176 3499 et
3224 3443 3531 3498 firmaretur
3577 3458 3852 3499 mansura.

2259 3534 2381 3602 Quo
2410 3542 2649 3606 peracto,
2685 3533 3001 3589 Grimaldus
3030 3532 3168 3588 abba
3196 3547 3318 3588 cum
3349 3533 3632 3587 Hartmoto
3676 3531 3851 3597 laetus,

2256 3622 2565 3679 laetantibus
2622 3622 2830 3695 pariter
2884 3621 3157 3689 fratribus,
3218 3621 3288 3677 ad
3330 3620 3726 3677 monasterium
3771 3637 3855 3676 re-

2258 3712 2374 3767 (liit.

2319 3801 2449 3855 Post
2458 3800 2577 3856 haec
2589 3799 2753 3873 igitur
2765 3799 3079 3856 Grimaldus
3092 3798 3394 3871 regularem
3407 3798 3461 3853 in
3472 3804 3666 3855 nostro
3676 3812 3852 3855 mona-

2258 3888 2421 3944 sterio
2434 3888 2599 3944 vitam
2612 3889 2757 3944 omni
2776 3889 3075 3962 sagacitate
3094 3887 3397 3959 mentisque
3411 3887 3698 3943 alacritate
3710 3886 3854 3942 insti—

2258 3984 2315 4032 tu
2324 3992 2412 4034 ere
2425 3977 2606 4048 coepit.
2628 3978 2793 4047 Cujus
2805 3977 2886 4033 rei
2897 3993 3084 4041 curam
3093 3976 3241 4048 ,quia
3250 3976 3367 4048 ipse
3380 3975 3567 4046 sepius
3580 3975 3852 4050 regalibus

2257 4065 2436 4121 fuerat
2464 4074 2758 4137 occupatus
2785 4064 2994 4137 oﬁiciis,
3026 4067 3310 4120 Hartmoto
3338 4063 3589 4134 injunxit,
3638 4073 3697 4119 ut
3737 4063 3852 4134 spi-

2258 4154 2428 4209 ritalis
2459 4162 2747 4211 structurae
2772 4154 2995 4211 aedificia
3022 4154 3077 4208 in
3092 4153 3353 4209 fratribus
3372 4151 3648 4219 fundaret,
3673 4159 3846 4208 etnon

2256 4243 2434 4298 minus
2477 4243 2641 4299 etiam
2683 4243 2946 4300 exteriora
2996 4241 3333 4299 officinarum
3377 4240 3693 4297 necessaria
3734 4248 3847 4295 stu-

2258 4332 2413 4387 diose
2442 4339 2799 4388 construeret.

2330 4420 2509 4489 Quam
2536 4420 2887 4477 indictionem
2910 4421 3223 4476 Hartmotus
3251 4418 3489 4492 benigna
3525 4425 3711 4475 mente
3737 4434 3848 4474 sus-

546 4503 839 4560 destinavit
895 4510 1055 4573 atque
1119 4500 1462 4557 contradidit.
1510 4501 1615 4571 Qui
1663 4503 1843 4558 statim
1898 4521 2037 4572 eam,
2098 4505 2153 4559 in
2176 4508 2231 4570 D
2260 4508 2469 4581 cipiens
2498 4509 2847 4582 studioseque
2877 4507 3186 4581 perficiens,
3229 4524 3352 4563 cum
3397 4506 3549 4579 prius
3594 4506 3847 4564 monachi

548 4600 809 4665 quantum
856 4588 1035 4658 valuit,
1086 4605 1249 4645 causa
1295 4589 1464 4660 regiae
1510 4592 1838 4647 auctoritatis
1888 4593 2141 4649 obtinuit.

640 4684 691 4735 8.
726 4680 1018 4749 Postquam
1063 4691 1196 4732 vero
1244 4676 1440 4733 divisio
1482 4678 1637 4749 regni
1676 4687 1890 4750 patrata
1942 4689 2042 4750 est,
2094 4688 2148 4736 et

544 4784 651 4840 pax
691 4767 835 4822 inter
882 4779 1178 4837 germanos
1219 4780 1384 4838 reges
1428 4763 1635 4821 firmata
1682 4775 1783 4836 est,
1838 4767 2146 4824 Grimaldus

618 4908 643 4936 ι
663 4903 763 4953 Has
786 4904 1058 4964 temporum
1078 4899 1473 4963 consignationes
1497 4913 1663 4954 omnes
1686 4914 1828 4954 veras
1868 4915 1974 4955 esse
2007 4903 2148 4957 inda-

557 4985 690 5049 ganti
711 4985 916 5049 patebit.

624 5065 953 5138 ‘iGrimaldus
977 5068 1026 5138 in
1043 5068 1187 5138 regia
1211 5068 1320 5138 aula
1344 5069 1579 5122 educatus
1604 5054 1657 5121 et
1674 5072 1796 5123 bene
1819 5069 1990 5123 doctus
2012 5070 2152 5138 (Epi-

559 5136 693 5188 stota
715 5133 1015 5199 Ermenrici)
1042 5135 1213 5187 habuit
1235 5137 1413 5187 fratres
1437 5138 1709 5189 Wettinum
1737 5133 2029 5191 monachum
2054 5133 2151 5191 Ain-

562 5203 831 5269 giensem,
857 5208 907 5253 et
952 5203 1307 5265 Thietpaudutn
1352 5204 1771 5269 archiepiscopum
1806 5206 2149 5257 Trevirensem

558 5266 863 5333 (Mabillon).
891 5269 1068 5321 Factus
1088 5266 1535 5335 archicapellanus,’
1556 5274 1605 5321 et
1627 5266 1785 5323 tribus
1798 5272 2008 5323 abbatiis
2031 5286 2153 5336 prte-

560 5335 1105 5468 latusaf;qgallenum
1133 5336 1359 5388 omnibus
1382 5337 1616 5401 praetulit.
1641 5338 1889 5403 (Epistola
1930 5335 2147 5391 Ernian-

560 5419 655 5458 ract
791 5440 804 5454 .

556 5406 655 5458 rici
676 5406 804 5466 Aug.

625 5490 647 5517 ο
672 5483 727 5535 ld
749 5486 841 5546 est,
868 5485 1127 5546 antequam
1153 5482 1399 5537 abbatiam
1420 5484 1473 5535 S.
1499 5483 1626 5537 Galli
1650 5484 1944 5539 obtinuerat.

622 5581 647 5621 ἀ
671 5575 725 5628 1d
750 5578 824 5627 est
843 5573 1042 5626 donum.

2260 4598 2505 4654 colerent
2559 4597 2802 4655 ofﬁcinas
2856 4613 2969 4655 suae
3022 4596 3233 4652 utilitati
3285 4596 3681 4663 incommodas,
3740 4609 3846 4651 non

2255 4686 2424 4743 multo
2477 4695 2724 4758 tempore
2782 4686 3127 4753 succedente,
3187 4684 3370 4740 omnia
3415 4685 3586 4741 nostri
3632 4683 3846 4741 claustri

2253 4774 2563 4832 habitacula
2585 4776 2627 4844 ι’,
2662 4774 2913 4848 quamvis
2939 4773 3091 4847 prius
3120 4781 3319 4847 coepta,
3367 4772 3736 4845 pulcherrime
3778 4771 3843 4826 ad

2314 4930 2336 4958 °
2359 4927 2541 4993 Nempe
2558 4928 2769 4981 secundo
2792 4928 2901 4992 post
2920 4925 3151 4978 abbatem
3188 4924 3655 4978 commendatarium
3680 4926 3804 4978 loco.

2315 5052 2332 5087 ί
2351 5031 2700 5082 Monasterium
2722 5043 2818 5081 non
2844 5031 3001 5081 instar
3022 5028 3190 5094 palatii
3212 5027 3372 5091 longis
3419 5028 3656 5080 tractibus
3692 5027 3841 5079 aediﬁ-

2248 5117 2454 5177 ciorum,
2484 5116 2571 5168 sed
2596 5120 2827 5178 tanquam
2852 5114 2984 5179 villa,
3010 5113 3255 5178 separatis
3294 5112 3534 5175 domibus,
3569 5113 3838 5165 construxit

2249 5204 2533 5254 Hartmotus
2556 5215 2571 5265 ;
2593 5201 2768 5264 majori
2792 5214 2853 5252 ex
2876 5202 3018 5264 parte
3042 5197 3444 5263 ichnographiam
3469 5210 3613 5262 supra
3637 5199 3834 5249 citatam

2247 5288 2463 5337 secutus.
2490 5287 2631 5337 Edita
2656 5286 2865 5337 habetur
2888 5285 2993 5336 haec
3017 5281 3299 5335 monasterii
3337 5283 3390 5333 S.
3417 5282 3540 5334 Galli
3575 5282 3837 5333 delineatio

2246 5366 2299 5423 in
2323 5370 2584 5422 Mabitlonii
2609 5371 2784 5423 Annal.
2807 5369 3057 5421 Benedict.
3080 5372 3202 5419 tom.
3243 5370 3307 5434 ll,
3340 5382 3453 5434 pag.
3498 5367 3615 5419 870.
3656 5367 3833 5418 Versus

2247 5462 2409 5510 autem
2435 5455 2636 5509 Leonint
2679 5456 2808 5508 illam
2853 5456 3151 5520 exponentes
3172 5453 3417 5508 habentur
3440 5456 3489 5507 in
3513 5452 3691 5506 Canisii
3717 5451 3829 5502 lect.

2248 5542 2401 5608 antiq.
