4086 6306
226 209 246 262 1
257 209 356 264 069

1277 202 1372 260 DE
1402 202 1690 260 CASIBUS
1718 197 2152 262 MONASTERII
2199 205 2256 270 S.
2289 205 2514 263 GALLI.

3365 213 3389 264 1
3399 209 3503 264 070

217 329 618 405 perfectionem,
652 336 710 384 ut
741 329 905 386 modo
935 328 1230 397 cernimus,
1263 328 1524 402 perducta
1564 325 1804 386 venienti
1831 326 1888 388 A
1909 345 2038 386 vero
2067 331 2228 402 hujus
2275 329 2488 388 consilii
2534 329 2818 403 prolixitas
2861 330 3045 404 sepius
3071 330 3342 404 utrimque
3371 347 3504 403 per-

221 419 494 477 Grimaldo
523 417 884 490 consignavit.
915 419 1033 474 Nec
1060 434 1170 474 non
1217 417 1382 474 etiam
1434 417 1710 490 singulare
1731 415 1810 472 ei-

221 509 342 565 dem
370 506 554 564 abbati
582 507 918 564 domicilium
948 522 1072 566 cum
1100 507 1353 562 omnibus
1383 505 1709 562 necessariis
1741 505 1810 560 ad

217 595 343 652 illud
369 593 772 668 pertinentibus
797 593 1088 650 utilissime
1116 593 1597 666 pulcherrimeque
1625 602 1651 629 ³
1679 608 1810 650 con-

215 683 421 740 struxit.
469 681 652 752 Quare
716 682 1000 738 Grimaldo
1040 683 1184 754 apud
1228 689 1442 738 nostros
1485 681 1667 753 sepius
1719 681 1808 736 de-

215 779 475 842 morante,
508 769 735 842 contigit
763 771 938 826 nostri
967 778 1258 842 provectus
1304 785 1414 826 non
1472 784 1669 841 parum
1715 785 1808 824 ex-

217 875 464 917 crescere
491 859 834 916 suavitatem.
889 859 997 916 Sed
1055 859 1193 915 sicut
1222 874 1330 914 nox
1361 865 1414 914 et
1442 859 1560 913 dies
1588 857 1693 912 sibi
1721 857 1806 912 al-

215 948 466 1005 ternatim
485 955 888 1014 successerunt,
920 947 993 1002 ita
1023 948 1256 1003 adversa
1285 962 1409 1004 cum
1439 945 1717 1018 prosperis
1747 961 1807 1000 se

218 1037 397 1108 sepius
427 1035 780 1103 miscuerunt,
814 1035 1060 1108 talesque
1089 1035 1238 1092 vices
1280 1034 1641 1090 variaverunt.
1691 1034 1805 1089 Ve-

214 1125 472 1182 nerabilis
494 1139 729 1197 namque
756 1123 1183 1180 Constantiensis
1214 1123 1462 1180 ecclesite
1483 1121 1684 1194 praesul
1699 1137 1804 1177 no-

215 1214 354 1270 mine
384 1213 659 1282 Salomon,
713 1228 836 1270 cum
887 1229 1001 1268 sure
1029 1212 1176 1267 sedis
1226 1211 1543 1284 dignitatem
1583 1226 1694 1266 non
1725 1225 1806 1266 so-

211 1303 318 1357 lum
346 1317 456 1356 non
483 1301 746 1369 minuere,
781 1301 880 1358 sed
923 1301 1081 1356 etiam
1113 1301 1169 1355 in
1209 1300 1464 1356 omnibus
1510 1299 1676 1355 vellet
1716 1315 1806 1355 re-

213 1389 402 1464 ligiose
431 1389 794 1456 accumulare,
829 1389 898 1444 ad
929 1397 1174 1446 nostrum
1219 1387 1609 1444 monasterium
1659 1403 1802 1442 nun-

213 1478 315 1534 tios
341 1477 555 1542 direxit,
597 1494 842 1545 censum,
883 1485 942 1532 ut
989 1477 1173 1549 sepius
1209 1475 1422 1548 praefati
1467 1492 1674 1542 sumus,
1707 1491 1804 1532 ne-

213 1565 370 1621 fanda
398 1565 711 1622 conditione
742 1581 810 1620 ex
837 1565 1170 1621 monasterio
1191 1565 1261 1619 ad
1311 1563 1574 1636 episcopii
1617 1570 1803 1635 partes

213 1654 516 1711 condictum
547 1654 649 1709 sibi
677 1653 886 1710 restitui
929 1653 1232 1726 inquirens.
1317 1651 1451 1721 Quae
1494 1651 1802 1723 pertubatio
1832 1679 1885 1739 B

212 1742 406 1799 fratres
435 1742 619 1816 aliqua
647 1758 714 1798 ex
733 1749 886 1813 parte
912 1741 1230 1812 inquietavit
1262 1759 1276 1808 ;
1300 1740 1532 1796 maxime
1563 1755 1685 1797 cum
1715 1739 1804 1795 ille

208 1846 402 1888 census
431 1831 503 1886 ob
533 1831 637 1888 hoc
667 1846 698 1884 a
727 1829 1050 1885 Hludowico
1082 1829 1416 1901 imperatore
1447 1822 1474 1860 δ
1502 1829 1574 1883 ita
1615 1827 1808 1884 fuisset

212 1935 523 1988 concessus,
554 1925 612 1974 ut
640 1919 820 1990 ipsum
846 1917 1234 1972 monasterium
1266 1924 1318 1972 et
1349 1917 1415 1970 ab
1461 1915 1702 1988 episcopi
1751 1924 1805 1971 et

211 2007 276 2062 ab
304 2007 558 2062 omnibus
587 2006 942 2062 saecularibus
981 2005 1362 2077 potestatibus,
1413 2004 1623 2076 absque
1675 2003 1806 2058 solis

209 2095 447 2168 regibus,
477 2094 672 2150 fuisset
699 2093 1025 2150 absolutum.
1060 2093 1371 2149 Grimaldus
1413 2100 1597 2148 autem
1637 2092 1802 2148 abbas

213 2183 432 2255 cupiens
461 2183 646 2240 omnia
676 2182 960 2254 utrobique
991 2198 1112 2237 cum
1142 2197 1276 2253 pace
1306 2187 1359 2235 et
1388 2179 1607 2237 caritate
1636 2177 1799 2244 finiri,

211 2272 439 2328 claustra
468 2271 783 2344 ingrediens
811 2270 1147 2337 monasterii,
1180 2269 1456 2340 principes
1475 2267 1703 2323 fratrum
1733 2266 1802 2321 ad

209 2376 265 2416 se
293 2359 610 2416 convocavit
642 2379 657 2427 ;
692 2376 725 2416 a
745 2360 940 2432 quibus
966 2359 1242 2431 inquirere
1259 2358 1422 2429 coapit
1438 2373 1538 2413 cur
1553 2371 1796 2423 censum,

210 2447 344 2504 sicut
373 2449 643 2520 scriptura
673 2449 918 2520 ipsorum
947 2447 1276 2513 continebat,
1309 2446 1377 2500 ad
1434 2445 1802 2516 episcopatum

209 2552 314 2593 non
341 2536 724 2608 persolverent
752 2537 780 2591 ?
813 2537 962 2592 Tunc
992 2537 1307 2590 Hartmotus
1331 2550 1447 2605 prae
1475 2533 1690 2590 caeteris
1720 2548 1804 2587 re-

211 2626 513 2696 spondens:
537 2626 656 2682 Non
673 2626 896 2691 merito,
909 2623 1101 2696 inquit,
1121 2623 1378 2679 debemus
1395 2623 1546 2678 hunc
1567 2637 1800 2678 censum

205 2715 352 2770 sicut
369 2714 647 2771 hactenus
669 2714 912 2784 fecimus
925 2713 1261 2786 persolvere.
1289 2710 1605 2765 Grimaldus
1621 2709 1758 2764 dixit
1782 2726 1796 2763 :

209 2802 354 2859 Unde
372 2801 532 2859 debet
560 2817 778 2858 cessare
799 2817 1001 2858 census
1025 2801 1192 2856 istius
1214 2800 1286 2854 ad
1306 2801 1690 2872 episcopatum
1705 2799 1799 2854 do-

208 2891 361 2948 natio
387 2894 411 2946 ?
437 2891 749 2946 Hartmotus
795 2887 1077 2960 respondit
1109 2905 1122 2942 :
1158 2887 1296 2954 Quia
1347 2887 1452 2942 illa
1496 2887 1795 2952 securitas,

209 2981 260 3033 et
296 2979 400 3034 illa
435 2979 796 3047 immunitas,
843 2993 1014 3050 quam
1055 2975 1210 3033 nobis
1249 2975 1357 3030 iste
1413 2990 1614 3030 census
1667 2974 1799 3029 libe-

205 3081 343 3136 ram,
376 3083 572 3139 regum
592 3066 839 3122 donante
859 3065 1183 3130 clementia,
1208 3079 1381 3138 usque
1431 3063 1540 3119 huc
1582 3064 1740 3134 fecit,
1763 3079 1799 3118 a

1828 3027 1877 3090 C

1908 425 2256 486 tractaretur,
2291 420 2508 475 tandem
2536 419 2738 475 salubri
2766 419 3000 476 consilio
3049 427 3286 492 reperto,
3321 425 3504 476 recto-

1909 522 1999 562 res
2028 507 2242 578 praafati
2293 507 2758 564 consentientibus
2803 507 2968 580 partis
3011 507 3296 580 utriusque
3337 506 3504 562 fami-

1907 593 1994 649 liis
2023 594 2368 662 invenerunt,
2401 603 2455 652 et
2485 595 2865 662 decreverunt,
2895 602 2953 650 ut
2981 596 3234 668 quaedam
3274 611 3502 667 posses-

1907 681 2093 738 siones
2121 683 2190 740 de
2221 683 2552 739 monasterio
2594 684 2664 739 ad
2695 683 3063 755 episcopatum
3111 684 3513 740 contraderen--

1907 778 1992 826 tur
2018 790 2032 838 ;
2063 787 2164 843 per
2193 787 2426 844 quarum
2468 771 2819 827 donationem
2864 773 3255 827 monasterium
3281 773 3350 827 ab
3379 770 3502 843 epi-
3599 839 3612 852 ο

1906 867 2132 930 scopatu
2159 867 2560 933 segregaretur,
2583 860 2652 914 ab
2682 858 2832 915 omni
2851 875 3050 916 census
3075 859 3504 932 molestiaIdein-

1905 961 2036 1018 ceps
2056 948 2376 1004 redderetur
2387 963 2656 1005 securum.
2673 947 2832 1017 Quod
2852 948 3131 1004 decretum
3154 949 3224 1003 ab
3245 948 3503 1020 episcopo

1905 1043 1960 1090 et
1985 1035 2182 1092 abbate
2211 1036 2507 1103 inventum,
2555 1036 2760 1108 placuit
2799 1036 3086 1104 ambobus,
3137 1035 3401 1108 episcOpii
3428 1036 3508 1092 vi-

1905 1123 2103 1180 delicet
2147 1123 2273 1179 ﬁliis
2303 1132 2355 1180 et
2403 1124 2712 1180 monasterii
2759 1123 2971 1181 incolis.
3019 1125 3233 1180 Interea
3279 1123 3510 1197 contigit

1904 1211 2303 1278 Hludowicum,
2363 1213 2668 1284 piissimum
2726 1229 2934 1284 regem,
2980 1212 3198 1284 publice
3243 1211 3504 1284 placitum

1902 1316 2061 1355 suum
2099 1301 2305 1356 habere
2334 1301 2391 1354 in
2416 1300 2546 1356 villa
2575 1316 2695 1373 quae
2715 1300 2914 1356 dicitur
2937 1300 3108 1370 Ulma,
3139 1299 3505 1371 praesentibus

1904 1385 2029 1442 ﬁliis
2081 1387 2193 1444 suis
2240 1388 2470 1460 aliisque
2515 1388 2674 1460 regni
2705 1387 2787 1443 sui
2834 1387 3195 1460 principibus.
3226 1388 3311 1443 Ad
3359 1388 3507 1460 quod

1901 1475 2162 1546 placitum
2211 1475 2366 1531 istius
2413 1477 2790 1532 conventionis
2833 1491 2999 1532 causa
3047 1476 3255 1548 perlata
3301 1483 3403 1532 est.
3438 1477 3510 1531 Et

1900 1564 2064 1636 coepit
2106 1564 2301 1620 exinde
2330 1582 2426 1620 rex
2474 1564 2724 1620 sollerter
2753 1571 2805 1620 et
2829 1573 2987 1621 caute
3027 1579 3153 1621 cum
3201 1563 3314 1619 suis
3343 1551 3502 1636 cogi-

1905 1659 2022 1708 tare
2051 1661 2214 1725 atque
2244 1660 2597 1724 pertractare.
2633 1653 2876 1726 Cumque
2905 1659 3203 1709 summates
3221 1661 3246 1686 °
3275 1651 3368 1724 qui
3397 1653 3501 1707 ad-

1904 1749 2078 1811 erant,
2111 1741 2168 1795 in
2195 1741 2396 1797 bonam
2442 1749 2658 1813 partem
2686 1757 2908 1798 causam
2961 1741 3238 1798 declinare
3259 1740 3290 1791 (ἱ
3316 1741 3504 1796 stude-

1905 1837 2042 1895 rent,
2097 1829 2316 1885 tandem
2372 1829 2650 1900 piissimus
2704 1830 2961 1902 princeps
3009 1830 3081 1886 ab
3131 1829 3390 1901 episcopo
3446 1837 3501 1885 et

1903 1917 2098 1972 abbate
2167 1917 2562 1990 monachisque
2617 1918 2709 1990 qui
2762 1919 3008 1986 aderant,
3086 1917 3408 1990 inquisivit:
3444 1916 3502 1974 Si

1901 2014 2132 2078 utraque
2159 2021 2304 2078 pars,
2353 2007 2746 2062 monachorum
2795 2006 3044 2063 videlicet
3073 2015 3125 2062 et
3153 2005 3496 2072 clericorum,

1901 2093 1956 2148 in
1984 2095 2084 2150 hac
2114 2110 2175 2150 re
2222 2094 2602 2150 consentiret?
2631 2096 2971 2166 Responsum
3003 2101 3085 2152 est
3113 2095 3181 2150 ab
3229 2094 3426 2150 abbate
3448 2101 3502 2150 et

1901 2182 2180 2238 monachis
2210 2181 2302 2254 qui
2326 2183 2568 2252 aderant,
2603 2183 2657 2238 in
2697 2183 2804 2239 hac
2831 2183 3106 2239 voluntate
3137 2199 3196 2238 se
3226 2190 3502 2238 cunctam-

1903 2287 2008 2342 que
2038 2271 2253 2326 illorum
2291 2271 2774 2344 congregationem
2813 2271 3130 2344 persistere.
3164 2269 3424 2328 Similiter
3449 2277 3504 2326 et

1900 2359 2192 2430 episcopus
2218 2358 2602 2432 interrogatus,
2635 2375 2736 2431 pro
2767 2377 2826 2415 se
2856 2359 3076 2432 suisque
3107 2359 3339 2414 similem
3371 2359 3500 2416 red-

1901 2447 2036 2503 didit
2061 2447 2216 2502 istius
2245 2463 2550 2503 consensus
2591 2447 3027 2520 responsionem.
3062 2449 3178 2504 Rex
3205 2463 3340 2504 vero
3369 2462 3495 2502 eum

1901 2536 2184 2590 ambarum
2223 2536 2463 2606 partium
2511 2535 2852 2608 conspiceret
2891 2535 3170 2603 unitatem,
3221 2551 3345 2591 sese
3371 2535 3497 2591 huic

1899 2631 2062 2696 pacto
2118 2623 2440 2696 interposuit
2494 2625 2752 2695 medium,
2801 2632 2964 2697 atque
3011 2623 3068 2679 in
3115 2631 3288 2680 semet
3333 2639 3496 2679 omne

1899 2711 2178 2784 negotium
2224 2727 2532 2784 assumens,
2565 2728 2690 2768 cum
2726 2729 2889 2768 manu
2934 2727 3035 2768 sua
3059 2711 3382 2784 potestative
3411 2727 3529 2770 res.

1898 2800 2175 2872 predictas
2220 2801 2291 2856 ad
2331 2802 2704 2873 episcOpatum
2758 2801 3106 2871 contradidit,
3167 2808 3326 2873 atque
3373 2815 3496 2856 cum

1899 2888 2020 2960 ipsa
2048 2905 2208 2944 manu
2256 2889 2508 2946 similiter
2534 2889 2857 2962 potestative
2883 2889 2956 2944 ab
3001 2889 3280 2962 episcopio
3308 2903 3500 2944 mona-

1901 2977 2123 3033 sterium
2151 2977 2372 3033 abstulit
2416 2979 2742 3051 penitusque
2787 2978 3021 3046 diremit,
3053 2979 3128 3034 ita
3155 2987 3213 3033 ut
3239 2977 3498 3048 deinceps

1896 3066 2102 3120 nullam
2129 3073 2452 3138 potestatem
2493 3067 2735 3139 episcopi
2763 3066 2818 3122 in
2847 3067 3013 3122 rebus
3042 3066 3286 3136 ejusdem
3315 3079 3508 3120 mona-

207 3155 358 3210 nobis
386 3157 618 3228 penitus
637 3154 828 3210 ablata
849 3159 952 3210 est.
987 3152 1302 3208 Grimaldus
1331 3150 1463 3206 dixit
1497 3169 1510 3204 :
1540 3152 1610 3207 0b
1626 3167 1796 3224 quam
1894 3154 2046 3210 sterii
2088 3155 2370 3222 haberent,
2423 3171 2605 3227 neque
2632 3155 2688 3210 in
2715 3171 2882 3211 censu
2925 3171 3103 3228 neque
3131 3153 3189 3209 in
3234 3153 3342 3210 ulla
3385 3153 3496 3210 alia

206 3259 451 3312 causam,
477 3247 535 3300 et
551 3258 827 3316 perquem
842 3243 1038 3298 eadem
1061 3241 1286 3296 libertas
1305 3239 1450 3295 vobis
1467 3239 1658 3295 ablata
1674 3241 1798 3294 est?
1895 3242 2059 3298 simili
2085 3258 2271 3314 causa,
2317 3250 2505 3315 preter
2533 3243 2832 3316 spiritalem
2876 3243 3252 3300 tantummodo
3282 3241 3497 3313 episco-

207 3331 532 3388 Hartmodus
551 3331 861 3402 respondit:
891 3330 1084 3402 Utique
1098 3332 1327 3402 propter
1347 3343 1472 3395 vos;
1495 3328 1625 3400 quia
1641 3328 1796 3382 enim
1894 3331 2030 3402 palis
2076 3330 2240 3388 oﬁicii
2283 3331 2603 3404 dignitatem
2627 3351 2642 3400 ;
2675 3333 2774 3389 sed
2819 3348 2956 3405 pura
3001 3339 3184 3388 mente
3212 3348 3279 3386 ex
3307 3332 3414 3387 hoc
3443 3339 3498 3387 et

208 3421 346 3477 vobis
364 3423 426 3477 in
448 3421 782 3490 beneﬁcium
804 3419 1010 3474 traditi
1023 3417 1368 3487 sumus,ideo
1385 3418 1649 3490 episeopo
1665 3431 1800 3472 cen-

207 3525 330 3565 sum
345 3510 658 3583 persolvere
673 3525 788 3564 non
809 3507 1088 3564 debemus.
1127 3507 1187 3560 In
1210 3509 1408 3561 vestrae
1438 3506 1593 3560 enim
1622 3505 1799 3561 domi-

205 3599 454 3655 nationis
483 3599 756 3654 servitute
796 3597 953 3652 nobis
981 3597 1228 3663 sulﬁcere
1257 3594 1560 3659 credimus,
1585 3597 1643 3648 et
1671 3593 1795 3648 ideo

201 3685 262 3742 in
289 3687 508 3744 diversa
532 3686 742 3760 partiri
773 3685 1091 3756 nequimus.
1124 3681 1220 3737 His
1241 3681 1457 3747 auditis,
1478 3681 1794 3737 Grimaldus

202 3790 262 3829 ex
279 3775 368 3831 illo
381 3784 628 3847 tempore
645 3773 806 3846 cmpit
827 3773 1072 3846 cogitare
1089 3771 1404 3843 rogantibus
1424 3770 1724 3825 Hartmodo
1741 3777 1795 3824 et

199 3861 411 3936 reliquis
426 3863 682 3918 fratribus
707 3869 868 3934 atque
889 3877 1011 3917 cum
1039 3859 1147 3915 illis
1177 3867 1530 3932 pertractare,
1565 3857 1796 3930 qualiter

197 3949 370 4022 ipsum
389 3951 780 4008 monasterium
801 3959 853 4006 et
873 3951 944 4004 ab
965 3948 1120 4004 istius
1149 3965 1365 4018 census,
1384 3955 1440 4003 et
1459 3948 1528 4002 ab
1544 3947 1794 4003 omniin-

205 4039 534 4111 quietudinis
567 4039 893 4095 liberaretur
915 4037 1184 4093 molestia.
1211 4036 1368 4106 Quod
1397 4036 1472 4090 ita
1491 4043 1788 4107 peractum,

197 4126 249 4182 in
280 4127 630 4202 sequentibus
651 4129 766 4184 Deo
801 4127 1096 4182 miserante
1113 4123 1558 4180 monstrabimus.
1580 4122 1792 4178 Exinde

199 4213 360 4288 igitur
385 4216 668 4288 utriusque
697 4215 804 4272 loci
833 4223 1098 4280 rectores,
1145 4211 1409 4284 episcopii
1457 4211 1710 4268 videlicet
1738 4219 1792 4266 et

1895 3419 2155 3492 deinceps
2210 3420 2486 3478 licentiam
2541 3421 2802 3477 haberent
2842 3419 3094 3478 monachi
3140 3420 3285 3476 idem
3305 3427 3328 3454 °
3363 3419 3490 3500 .Deo

1895 3509 2124 3577 servire,
2171 3509 2411 3582 nullique
2443 3510 2686 3566 saeculari
2729 3509 3002 3582 potestati,
3031 3509 3138 3564 nisi
3179 3509 3310 3564 solis
3338 3508 3492 3581 regi-

1894 3599 1996 3653 bus
2027 3599 2388 3668 subjacerent.
2421 3600 2549 3655 Haec
2588 3599 2927 3654 confirmatio
2956 3614 3080 3655 cum
3123 3597 3280 3670 regia
3309 3605 3494 3654 aucto-

1894 3687 2052 3742 ritate
2081 3687 2226 3744 circa
2253 3695 2538 3760 utramque
2585 3695 2794 3759 partem
2824 3687 2983 3744 fuerit
3002 3687 3022 3722 τ
3050 3686 3306 3754 stabilita,
3351 3685 3495 3742 orie-

1893 3775 2050 3830 batur
2079 3783 2132 3831 et
2170 3775 2392 3832 alterius
2441 3776 2636 3832 similis
2683 3793 2862 3834 causae
2901 3775 3205 3833 necessitas
3253 3775 3308 3830 in
3351 3789 3494 3847 pras-

1893 3865 2052 3932 senti,
2103 3881 2224 3938 quae
2263 3873 2317 3922 et
2361 3865 2610 3937 protinus
2655 3865 2711 3921 in
2759 3865 2955 3922 eodem
2999 3865 3230 3922 concilio
3275 3863 3493 3936 penitus

1893 3953 2194 4010 finiebatur.
2246 3953 2385 4008 Nam
2430 3971 2555 4011 cum
2584 3955 2706 4026 ipsa
2749 3955 2876 4010 loca
2911 3954 2982 4008 ita
3011 3953 3215 4009 unitate
3261 3952 3493 4008 fuissent

1891 4050 2050 4097 antea
2090 4042 2361 4112 copulata,
2394 4050 2448 4097 ut
2479 4043 2626 4098 velut
2655 4042 2750 4097 uni
2778 4053 2997 4114 semper
3042 4041 3358 4097 viderentur
3384 4057 3487 4096 cae.

1889 4129 2019 4185 dere
2074 4129 2345 4200 potestati,
2403 4131 2563 4200 hujus
2611 4146 2772 4186 causa
2817 4128 3212 4186 communionis
3272 4127 3492 4200 quidam

1888 4218 2244 4275 hereditatem
2301 4235 2454 4274 suam
2495 4219 2566 4274 ad
2623 4219 2994 4274 Constantiam
3052 4233 3252 4276 census
3309 4217 3492 4272 debito

199 4305 526 4372 monasterii,
557 4321 682 4362 cum
712 4303 816 4359 sibi
833 4303 1108 4372 subjectos
1131 4299 1452 4373 perquirere
1483 4307 1784 4370 coeperunt,
1889 4307 2186 4364 caedentem
2241 4307 2576 4364 monasterio
2633 4307 3098 4378 contradiderunt,
3157 4315 3212 4362 et
3263 4313 3488 4363 econtra

199 4393 424 4464 qualiter
480 4393 772 4449 salubritas
797 4391 952 4464 pacis
1002 4391 1142 4446 inter
1185 4395 1476 4460 utrumque
1504 4388 1686 4444 locum
1714 4381 1862 4443 itaD
1886 4396 2154 4452 tributarii
2197 4397 2513 4453 monasterii
2559 4397 2790 4454 eandem
2833 4397 3173 4453 tributariam
3215 4395 3491 4452 heredita-

199 4487 511 4538 statueretur
531 4489 582 4538 et
609 4480 934 4550 firmaretur,
968 4485 1024 4534 ut
1055 4479 1264 4549 absque
1291 4475 1566 4532 discordia
1605 4492 1784 4548 quan-
1886 4491 1996 4542 tem
2040 4485 2111 4541 ad
2158 4485 2530 4558 episcopatum
2570 4486 3033 4543 contradiderunt,
3084 4486 3154 4542 Ει
3192 4493 3247 4541 ut
3295 4484 3352 4540 in
3379 4485 3484 4540 hoc

197 4567 367 4643 doque
395 4571 580 4627 liceret
601 4570 882 4642 utriusque
903 4566 1100 4625 Christi
1117 4565 1628 4622 servitioinherere.
1649 4566 1783 4622 Cum
1885 4573 2046 4630 etiam
2075 4574 2292 4647 penitus
2335 4574 2512 4631 omnis
2556 4574 2829 4632 dissensio
2879 4573 3178 4632 auferretur
3206 4573 3352 4629 idem
3381 4588 3478 4628 rex

258 4737 282 4765 ³
306 4733 542 4785 Palatium
587 4732 699 4796 hoc,
766 4731 967 4796 posthac
1037 4729 1182 4796 Rfalz
1251 4728 1454 4796 dictum,
1527 4730 1579 4779 et
1650 4739 1787 4780 mar-

198 4799 369 4874 moreis
415 4800 652 4874 columnis
695 4800 746 4848 et
772 4795 991 4874 "picturis
1011 4795 1318 4874 "deauratis.
1353 4797 1580 4874 ornatum
1651 4798 1780 4874 erat,

197 4865 335 4927 regiis
401 4865 682 4918 architectis
750 4859 806 4915 et
852 4859 1120 4927 pictoribus
1196 4862 1526 4924 Augiensibus
1642 4873 1782 4924 opem

197 4929 479 5048 iurantibus,
543 4937 596 4984 ut
664 4931 816 4982 codex
880 4940 1070 4982 coaevus
1135 4939 1186 4978 n.
1271 4929 1369 4979 597
1433 4928 1569 4982 hisce
1639 4931 1784 4980 testa-

219 5009 312 5048 ur:
590 5019 596 5027 -

219 5009 312 5049 ΠΗ
590 5019 596 5027 '

1949 4733 1974 4770 δ
1998 4737 2148 4788 Istum
2219 4749 2416 4790 censum
2473 4741 2583 4800 post
2655 4739 2878 4790 Carolum
2937 4739 3010 4788 M.
3075 4738 3126 4788 et
3181 4736 3480 4788 Ludovicum

1881 4803 2013 4866 pium
2093 4802 2364 4855 Ludovicus
2445 4804 2551 4866 ejus
2645 4805 2772 4856 ﬁlius
2851 4803 3119 4856 ratihabuit
3213 4801 3479 4866 diplomate

1879 4871 2229 4922 Franconol‘urt
2269 4873 2446 4922 annol
2503 4871 2658 4934 regni,
2701 4873 2764 4922 14
2803 4871 2917 4922 Kal.
2967 4872 3088 4922 Nov.
3148 4868 3324 4920 indict.
3389 4867 3472 4928 12,

1879 4937 1995 4988 dato
2057 4940 2106 4987 et
2164 4937 2326 4989 adhuc
2392 4939 2670 5002 superstite.
2743 4937 2974 4990 Ludovici
3041 4936 3108 5002 pii
3165 4934 3474 4986 conﬁrmatio

1879 5003 2212 5070 conventionis
2287 5003 2432 5066 hujus
2513 5003 2812 5070 (superstes
2901 5003 3102 5068 adhuc)
3164 5002 3303 5070 data
3400 5004 3480 5053 est

256 5125 517 5189 splendida
537 5128 817 5178 marmoreis
835 5130 1012 5178 omam
1039 5130 1115 5178 Μ
1133 5129 1249 5179 aula
1275 5125 1530 5185 column“,
1879 5069 2168 5132 Aquisgtani
2191 5071 2222 5122 3
2243 5071 2368 5121 Non.
2394 5069 2670 5124 Jun.’anno
2690 5073 2812 5137 Imp.
2835 5072 2888 5137 5,
2913 5070 3090 5124 indict.
3122 5069 3202 5120 tt.

259 5163 1565 5273 ῤ’ἱιῐῖξῖξίἱιῖἱᾴὶὶὲξξῖιεῖιξςῖέῖτοᾜιηᾚιηῖἦὲᾎιναέίι

263 5259 486 5322 Ornavit,
510 5262 679 5324 coluit,
704 5262 976 5312 Htudowlei
991 5259 1242 5324 principis
1266 5259 1386 5311 atmi

263 5326 592 5391 Temporibus,
629 5329 808 5378 multos
829 5329 973 5378 littus
995 5328 1208 5390 feliciter
1245 5338 1419 5379 annos.

262 5392 387 5444 Aula
409 5395 648 5456 palatinis
660 5395 879 5457 perfecta
899 5399 973 5445 est
997 5398 1089 5446 ista
1111 5395 1375 5457 magistris.

259 5458 423 5514 Insula
461 5463 672 5527 pictores
687 5463 1026 5515 transmiserat
1051 5461 1216 5526 Λυσία
1239 5462 1394 5514 clara.

1946 5183 1969 5210 ε
1991 5173 2046 5224 ld
2077 5177 2152 5226 est
2175 5173 2459 5236 optimates.

1946 5256 1966 5291 δ
1991 5259 2044 5310 ld
2068 5259 2144 5310 est
2168 5262 2380 5309 vertere.

1947 5369 1968 5394 ο
1991 5363 2172 5424 Nempe
2199 5360 2408 5412 Ibidem.

1948 5459 1965 5498 ί
1984 5465 2114 5528 Lege
2135 5464 2335 5526 fuisset.
