4086 6338
546 311 681 365 1071

1504 305 1912 364 RATPERTUS
1943 304 2469 365 SANGALLENSIS
2497 305 2735 367 ABBAS.

3691 316 3714 367 1
3725 313 3822 368 072

545 436 615 491 de
644 426 801 505 parte
829 427 1165 494 monasterii,
1211 427 1674 485 consentientibus
1720 429 1916 486 abbate
1944 437 1996 486 et
2024 429 2138 486 fra-
2167 428 2494 503 Aanalogio
2514 429 2540 467 ἀ
2559 437 2723 503 atque
2767 431 3111 488 confessione
3147 432 3224 488 ita
3265 432 3532 501 innovari,
3572 434 3825 490 maxima-

545 523 740 585 tribus,
775 519 1043 592 quasdam
1070 532 1158 572 res
1189 517 1260 572 ad
1289 517 1656 573 Constantiam
1681 518 2043 586 condonavit;
2077 535 2141 574 ea

545 610 800 666 videlicet
844 607 1076 673 ratione,
1110 612 1169 660 ut
1205 605 1390 660 omnia
1436 622 1558 677 quae
1602 613 1731 662 tunc
1774 607 1831 661 in
1874 614 2140 677 potestate

541 697 861 754 monasterii
892 702 1067 759 erant,
1098 694 1187 749 vel
1216 708 1249 747 a
1277 692 1519 765 praefatis
1551 694 1851 750 tributariis
1879 694 2008 750 illuc
2035 696 2138 751 de-

541 787 744 859 legata,
796 784 884 841 vel
944 782 1306 854 qualicunque
1349 781 1512 836 modo
1557 781 1759 838 ibidem
1801 781 2134 850 conﬁrmata,

537 882 732 945 postea
763 873 879 927 sine
910 870 1075 926 ullius
1111 869 1539 926 contradictione
1567 885 1816 941 personae
1844 868 2137 928 ﬁrmaren-

540 973 629 1019 tur
656 961 858 1017 ibidem
886 959 942 1014 in
970 965 1291 1031 perpetuum
1317 973 1691 1028 permensum.

611 1051 709 1105 His
738 1065 870 1105 vero
900 1048 975 1103 ita
1003 1063 1037 1102 a
1066 1045 1319 1103 clementi
1346 1061 1480 1118 rege
1527 1046 1676 1101 omni
1702 1061 1823 1102 cum
1864 1062 2136 1103 consensu

540 1137 877 1209 compositis,
901 1134 1062 1205 jussit
1090 1135 1236 1189 idem
1265 1150 1363 1189 rex
1394 1150 1507 1189 suae
1550 1134 1882 1190 auctoritatis
1920 1150 2134 1205 praece-

538 1234 691 1297 ptum
735 1224 949 1296 utrique
994 1222 1134 1294 parti
1187 1221 1258 1277 ad
1302 1228 1623 1293 perpetuam
1669 1220 2134 1279 conﬁrmationem

536 1314 690 1369 istius
714 1312 864 1385 pacti
893 1311 1072 1367 statim
1100 1310 1156 1365 in
1184 1310 1443 1381 praesenti
1486 1309 1778 1367 conscribi.
1810 1311 1879 1365 Et
1908 1318 1966 1365 ut
1995 1325 2133 1367 cau-

536 1401 643 1458 tius
672 1403 790 1457 haac
820 1400 1012 1457 eadem
1059 1397 1326 1454 firmitatis
1374 1397 1640 1469 scriptura
1687 1399 2128 1466 communiretur,

532 1490 791 1562 praecepit
818 1487 1071 1560 primitus
1098 1486 1472 1542 tantummodo
1503 1486 1759 1542 dictatam
1789 1495 1841 1543 et
1861 1487 1918 1541 in
1947 1488 2133 1560 aliqua

534 1578 713 1635 scaeda
771 1577 1136 1648 conscriptam
1183 1575 1288 1629 sibi
1341 1574 1679 1646 praesentari.
1736 1576 1807 1630 Et
1864 1592 1987 1631 cum
2039 1576 2131 1631 ille

530 1683 757 1725 causam
787 1665 1186 1736 comprobaret,
1220 1670 1349 1719 tunc
1388 1663 1607 1718 demum
1636 1663 1961 1720 cancellario
1990 1681 2133 1736 prae-

2242 530 2349 590 que
2379 535 2446 574 ex
2472 527 2627 590 parte
2646 527 2818 575 totum
2863 537 2929 576 ex
2957 521 3169 595 integro
3212 520 3341 578 fecit
3380 521 3657 589 aediﬁcari,
3692 523 3824 580 sicut

2239 607 2401 662 hodie
2421 606 2632 662 videtur
2658 615 2712 662 et
2740 608 2999 664 cernitur.
3048 610 3318 665 Praeterea
3347 610 3563 666 coronis
3591 620 3614 645 ε
3630 626 3823 683 argen-

2239 693 2360 762 teis,
2391 694 2621 767 aliisque
2651 696 2885 753 diversis
2912 696 3268 753 luminaribus
3290 698 3491 769 pariter
3517 715 3638 755 cum
3680 699 3822 754 mul-

2237 781 2456 838 timodis
2484 784 2757 840 variorum
2777 792 3224 841 ornamentorum
3255 786 3634 857 splendoribus
3650 788 3824 858 ipsam

2237 887 2572 943 magnopere
2614 872 2818 928 studuit
2859 872 3126 945 insignire
3171 874 3471 931 basilicam.
3502 875 3778 931 'Absidam
3806 876 3825 911 τ

2237 975 2453 1030 quoque
2496 968 2621 1031 post
2667 960 2918 1016 altarium
2976 961 3149 1018 sancti
3204 961 3349 1017 Galli
3404 963 3476 1018 ita
3533 962 3825 1020 honoriﬁce

2235 1046 2445 1119 pictura
2499 1049 2777 1116 deaurata,
2824 1048 2963 1106 sicut
3005 1049 3063 1105 in
3113 1050 3370 1122 prmsenti
3406 1051 3672 1120 videmus,
3706 1051 3824 1122 ipso

2236 1135 2541 1207 composuit
2572 1145 2837 1208 tempore.
2870 1137 3160 1194 Librorum
3216 1138 3381 1194 etiam
3435 1155 3543 1195 non
3599 1155 3826 1210 parvam

2237 1224 2449 1296 copiam
2494 1225 2595 1280 sub
2642 1226 2837 1281 eodem
2880 1226 3073 1282 abbate
3119 1227 3431 1284 Hartmotus
3475 1227 3826 1300 composuit;

2237 1327 2467 1385 quorum
2491 1314 2714 1370 nomina
2741 1315 2858 1371 haec
2887 1330 3011 1371 esse
3041 1315 3180 1371 scias
3207 1324 3237 1361 ε
3269 1334 3283 1371 :

2304 1400 2324 1421 "
2353 1400 2603 1474 Quinque
2658 1402 2831 1457 libros
2869 1403 3063 1475 Moysi,
3120 1403 3306 1471 Josue,
3376 1403 3747 1477 judicumque
3776 1404 3829 1461 in

2233 1488 2507 1545 volumine
2536 1493 2586 1545 1.
2619 1490 2832 1564 Regum
2863 1490 3029 1546 libros
3058 1494 3088 1547 3
3118 1491 3173 1547 in
3193 1492 3466 1548 volumine
3492 1509 3621 1549 uno.
3643 1494 3661 1513 ‘
3692 1495 3827 1549 Tres

2232 1576 2403 1632 libros
2426 1577 2753 1648 Salomonis,
2787 1585 2838 1633 et
2868 1578 3068 1634 librum
3100 1579 3400 1651 sapientiae,
3430 1580 3519 1636 vel
3543 1581 3695 1648 Jesu,
3725 1581 3826 1637 Job

2234 1672 2287 1719 et
2315 1664 2538 1721 Tobiam
2572 1666 2630 1721 in
2658 1666 2932 1722 volumine
2960 1683 3088 1723 uno.
3122 1668 3141 1689 ¹
3191 1668 3668 1740 Paralipomenon,
3727 1669 3825 1724 Ju-

530 1755 691 1826 cepit,
724 1755 781 1809 in
819 1753 1076 1827 legitimis
1121 1751 1281 1807 cartis
1327 1751 1679 1807 conscribere
1726 1751 1939 1823 praefati
1986 1753 2130 1824 pacti
2149 1779 2204 1839 B
2234 1752 2368 1824 dith,
2402 1755 2599 1810 Hester
2629 1762 2682 1810 et
2709 1755 2999 1825 Hesdram,
3036 1756 3561 1828 Machabeorumqne
3590 1757 3765 1813 libros
3792 1762 3824 1815 ἓ

528 1843 995 1899 conﬁrmationem
1009 1850 1054 1896 ⁸.
1088 1841 1306 1895 Etcum
1335 1839 1652 1910 perscriptae
1695 1839 1942 1910 fuissent,
1993 1857 2127 1913 pro-
2229 1840 2286 1895 in
2310 1841 2598 1909 volumine
2643 1846 2696 1898 1.
2724 1842 2745 1863 ⁶
2776 1842 2982 1899 Omnes
3020 1845 3318 1915 prophetas
3358 1844 3415 1899 in
3453 1844 3729 1901 volumine
3775 1849 3825 1901 1.

526 1932 662 2003 pris:
688 1946 886 1986 manus
928 1927 1242 1985 auctoritate
1270 1943 1365 1984 eas
1394 1926 1742 1995 conﬁrmans,
1789 1944 1953 1984 unam
2004 1930 2128 2001 epi-

528 2035 696 2091 scopo
726 2035 851 2075 cum
880 2017 1014 2086 suis,
1037 2016 1308 2088 aliamque
1338 2016 1522 2071 abbati
1550 2016 1975 2089 monaschisque
2003 2033 2127 2074 con-

526 2107 745 2163 tradidit
774 2114 1037 2177 perpetue
1066 2104 1335 2159 ﬁrmitatis
1379 2103 1497 2159 sine
1527 2104 1710 2176 aliqua
1739 2105 2022 2162 eversione
2052 2107 2128 2162 ita

525 2194 842 2251 retinendas
872 2192 1093 2249 indicio.
1127 2190 1387 2264 Quisquis
1431 2198 1615 2247 autem
1642 2192 1756 2248 vult
1785 2193 1927 2249 scire
1958 2211 2126 2267 quan-

522 2292 594 2340 tae
624 2282 821 2339 fuerint
868 2298 1045 2338 causae
1074 2280 1147 2336 ob
1178 2280 1605 2352 redemptionem
1655 2281 1902 2353 praedicti
1928 2298 2126 2339 census

521 2380 577 2428 et
618 2371 934 2427 monasterii
978 2368 1343 2435 securitatem,
1391 2376 1444 2425 et
1479 2377 1744 2440 praeterea
1789 2370 1860 2425 ob
1903 2371 2127 2427 tributa-

520 2460 727 2516 riorum
773 2458 1163 2531 praedictorum
1207 2457 1707 2514 reconciliationem
1742 2459 1814 2514 ad
1842 2459 2127 2532 episcopa-

517 2556 631 2604 tum
662 2547 997 2612 contraditae,
1029 2546 1179 2619 legat
1208 2545 1264 2600 in
1294 2546 1461 2602 cartis
1490 2563 1655 2618 supra
1704 2548 2039 2615 memoratis,
2074 2556 2128 2604 et

518 2636 772 2693 invenire
814 2638 1015 2707 poterit
1061 2635 1206 2707 quod
1237 2634 1446 2706 quaerit.
1496 2636 1756 2693 Praeterea
1801 2652 1900 2693 rex
1946 2636 2126 2708 piissi-

522 2742 643 2781 mus
674 2725 1027 2781 Hludowicus
1075 2722 1255 2778 statim
1277 2723 1439 2792 jussit
1466 2724 1748 2780 monachis
1795 2723 1916 2781 ﬁeri
1963 2725 2126 2782 aliam

518 2821 721 2871 cartam
774 2811 1102 2867 ﬁrmissimas
1141 2810 1518 2881 immunitatis,
1548 2819 1606 2867 ut
1631 2820 1756 2883 post
1786 2813 2125 2869 Grimaldum

519 2901 783 2972 deinceps
810 2907 1135 2972 potestatem
1155 2899 1211 2955 in
1241 2907 1565 2971 perpetuum
1595 2900 1859 2958 haberent
1887 2902 2126 2973 eligendi

518 2991 624 3047 sibi
669 2991 918 3060 abbates,
968 2988 1210 3061 nullique
1249 2988 1532 3044 hominum
1579 2988 1686 3043 nisi
1733 2989 1865 3045 solis
1905 2991 2124 3064 regibus

518 3080 901 3150 subjacerent;
935 3086 989 3134 et
1016 3077 1073 3132 in
1101 3077 1297 3133 eadem
1329 3084 1478 3133 carta
1524 3077 1799 3133 conscribi
1821 3078 1983 3147 jussit
2028 3096 2122 3135 re-

2225 1928 2247 1949 *
2276 1928 2550 2000 Epistolas
2570 1930 2741 1997 Pauli,
2775 1933 2945 1986 Actus
2967 1932 3353 2003 apostolorum,
3383 1932 3711 2004 7Epistolas
3740 1948 3826 1991 ca-

2227 2016 2472 2084 nonicas,
2527 2027 2580 2074 et
2622 2019 2989 2090 Apocalypsin
3032 2020 3294 2075 Johannis
3340 2020 3397 2075 in
3440 2020 3714 2077 volumine
3772 2026 3822 2077 1.

2225 2105 2245 2126 *
2275 2105 2461 2161 Sancti
2505 2106 2793 2179 Augustini
2838 2123 3005 2178 super
3031 2108 3334 2164 Johannem
3377 2116 3591 2180 partem
3620 2113 3653 2166 2
3684 2116 3740 2165 et
3767 2113 3827 2164 3.

2226 2194 2247 2215 "
2274 2197 2342 2252 22
2371 2194 2544 2249 libros
2575 2194 2644 2250 de
2674 2194 2889 2250 civitate
2942 2194 3044 2251 Dei
3071 2196 3128 2250 in
3168 2196 3382 2251 duobus
3434 2196 3819 2253 voluminibus.

2226 2282 2244 2303 ‘
2275 2282 2567 2353 Augustini
2595 2283 2664 2338 de
2694 2282 2911 2340 civitate
2932 2283 3034 2339 Dei
3062 2284 3233 2339 libros
3266 2287 3331 2339 15
3351 2284 3405 2339 in
3460 2285 3739 2342 vblumine
3772 2290 3820 2341 1.

2225 2371 2245 2392 '
2274 2369 2476 2426 Contra
2520 2371 2781 2426 Faustum
2828 2371 3171 2428 manicheum
3217 2372 3388 2429 libros
3416 2373 3556 2428 duos
3596 2373 3655 2428 in
3674 2374 3822 2430 volu-

2226 2459 2373 2514 mine
2404 2464 2454 2514 1.
2486 2459 2506 2479 ί
2536 2462 2603 2517 82
2634 2460 2983 2531 quaestiones,
3018 2468 3072 2516 et
3120 2468 3310 2517 contra
3335 2462 3704 2517 adversarium
3738 2463 3816 2519 le-

2225 2548 2311 2619 gis
2368 2554 2419 2603 et
2473 2548 2861 2619 prophetarum
2916 2548 2971 2602 in
3036 2548 3309 2606 volumine
3374 2549 3456 2605 1h.
3486 2551 3507 2571 ‘
3527 2551 3819 2622 Augustini

2226 2652 2391 2707 super
2419 2635 2660 2706 psalmos
2690 2639 2721 2690 6
2768 2636 3062 2692 volumina.
3093 2639 3113 2658 ‘
3144 2639 3279 2693 Item
3320 2638 3388 2693 de
3418 2637 3625 2694 eisdem
3666 2638 3823 2694 libris

2225 2725 2280 2778 in
2307 2723 2672 2780 voluminibus
2716 2724 2927 2780 duobus
2970 2733 3229 2797 excerpta
3269 2726 3429 2783 valde
3487 2728 3819 2784 necessaria.

2221 2813 2243 2833 "
2272 2812 2467 2868 Libros
2497 2816 2562 2870 12
2593 2811 2996 2869 confessionum
3027 2814 3201 2870 sancti
3220 2814 3527 2887 Augustini.
3561 2815 3822 2885 Ejusdem

2224 2900 2395 2957 libros
2423 2902 2457 2955 7
2487 2901 2556 2956 de
2602 2900 2891 2972 baptismo.
2922 2902 2942 2922 *
2978 2903 3039 2957 In
3068 2902 3326 2959 Genesim
3375 2903 3444 2958 ad
3487 2904 3725 2960 litteram
3756 2904 3819 2959 li-

2224 2989 2355 3045 bros
2387 2993 2470 3048 12.
2500 2989 2685 3046 Sancti
2703 2989 2978 3045 Ambrosii
2999 2998 3187 3046 contra
3218 2990 3480 3048 Arrianos
3510 2992 3653 3048 liber
3685 2996 3735 3059 1,
3768 3001 3819 3049 et

2223 3078 2457 3149 epistola
2487 3079 2623 3148 ejus,
2646 3086 2699 3133 et
2728 3079 2902 3135 sancti
2928 3079 3217 3151 Augustini
3245 3086 3431 3137 contra
3479 3081 3703 3137 eosdem
3762 3082 3819 3137 in

517 3139 784 3241 gia'dona
813 3139 1137 3238 sibimetipsi
1162 3165 1464 3222 secundum
1510 3139 1960 3222 consuetudinem
1990 3168 2123 3225 alio-
2157 3139 2207 3202 δ
2225 3139 2501 3223 volumine
2513 3139 2556 3221 '1
2594 3139 2808 3238 pusillo.
2845 3168 2865 3188 "
2893 3167 2975 3223 De
3004 3139 3251 3224 doctrina
3278 3168 3589 3225 Christiana
3629 3170 3757 3224 libri
3788 3173 3818 3226 4

523 3274 648 3314 rum
674 3257 1133 3313 monasteriorum
1153 3254 1443 3312 securitate
1495 3254 1852 3326 praeditorum
1903 3265 2122 3328 quotan-

514 3347 600 3403 nis
629 3354 880 3413 ventura,
912 3344 970 3400 id
997 3352 1100 3412 est,
1143 3344 1280 3400 duos
1310 3343 1550 3400 caballos
1582 3351 1635 3399 et
1664 3344 1772 3400 duo
1820 3353 1973 3401 scuta
1999 3360 2125 3402 cum

516 3435 744 3492 lanceis.
778 3437 847 3490 Et
875 3434 955 3489 sic
983 3433 1144 3489 etiam
1171 3432 1337 3488 istam
1363 3440 1567 3489 cartam
1600 3449 1699 3489 sua
1730 3449 1891 3488 manu
1920 3434 2121 3491 conﬁr-

517 3533 718 3580 matam
745 3523 1075 3596 proprioque
1106 3522 1270 3579 anulo
1300 3521 1672 3594 consignatam
1698 3523 1985 3579 monachis
2013 3531 2125 3580 tra-

516 3616 654 3672 dens
673 3631 723 3685 b,
753 3614 909 3670 laetos
936 3628 1033 3668 eos
1060 3612 1117 3667 in
1149 3628 1244 3667 sua
1275 3611 1455 3667 redire
1479 3610 1747 3683 permisit.

586 3711 639 3762 9.
690 3703 786 3759 His
832 3703 909 3758 ita
956 3702 1071 3758 Deo
1132 3701 1456 3774 disponente
1498 3700 1753 3772 peractis,
1809 3702 2123 3759 Grimaldus

515 3794 682 3849 abbas
711 3792 897 3848 omnia
926 3789 1238 3845 monasterii
1281 3789 1502 3861 negotia
1530 3790 1814 3847 Hartmoto
1843 3806 2123 3848 commen-

514 3884 675 3950 dans,
703 3881 821 3952 ipse
874 3895 1099 3935 securus
1143 3879 1315 3952 regali
1346 3895 1407 3934 se
1435 3878 1817 3950 frequentabat
1863 3881 2121 3937 exhibere

513 3970 838 4046 praesentiae.
872 3971 1189 4025 Hartmotus
1226 3968 1409 4040 itaque
1436 3983 1563 4024 cum
1610 3967 1869 4025 fratribus
1899 3970 2120 4026 tandem

513 4068 711 4134 aptatae
742 4058 1049 4117 securitatis
1080 4057 1261 4131 quiete
1299 4065 1577 4130 percepta,
1629 4057 1882 4129 operibus
1929 4074 2119 4115 neces-

513 4150 675 4208 sariis
706 4149 831 4205 totis
859 4148 1113 4204 studebat
1160 4147 1447 4213 insistere;
1478 4155 1640 4220 atque
1684 4147 1933 4219 inprimis
1983 4156 2119 4203 tem-

507 4241 658 4312 plum
689 4238 790 4294 Dei
817 4238 873 4292 in
903 4239 1111 4294 honore
1140 4236 1312 4292 sancti
1342 4236 1486 4292 Galli
1532 4244 1922 4303 constructum,
1956 4237 2119 4291 variis

507 4328 673 4400 coepit
715 4326 1048 4383 ornamentis
1092 4326 1359 4382 decorare
1386 4333 1440 4380 et
1488 4325 1797 4381 sublimare.
1846 4324 2117 4397 Principio

509 4434 640 4476 vero
670 4417 914 4472 tumbam
945 4414 1121 4471 sancti
1151 4412 1294 4469 Galli
1312 4421 1335 4447 °
1364 4429 1487 4468 rum
1516 4413 1741 4486 reliquis
1771 4414 2035 4469 altaribus
2064 4421 2117 4470 et

574 4546 797 4597 tDatum
854 4543 1081 4593 Hulmam
1123 4539 1304 4604 palatio
1359 4540 1493 4603 regio
1531 4541 1589 4590 11
1633 4540 1741 4591 Kal.
1787 4542 1936 4605 Aug.,
1975 4554 2104 4592 anno

507 4632 593 4695 21,
622 4628 763 4694 regni
786 4629 837 4678 in
863 4626 1084 4678 orientali
1106 4624 1331 4687 Francia,
1358 4624 1529 4676 indict.
1554 4624 1606 4675 2.

2134 4497 2187 4558 D

2222 3254 2280 3310 in
2318 3254 2590 3310 volumine
2640 3260 2689 3311 1.
2731 3254 3232 3326 Recapitulationes
3284 3257 3459 3314 sancti
3506 3258 3816 3330 Augustini.

2223 3342 2616 3400 Lectionarium
2668 3344 2739 3399 ad
2786 3343 3063 3400 basilicam
3088 3343 3123 3401 ί.
3156 3346 3174 3366 ⁶
3195 3346 3316 3401 Duo
3358 3345 3634 3402 volumina
3699 3347 3820 3418 epi-

2223 3432 2484 3487 stolarum
2512 3431 2687 3489 sancti
2715 3431 3033 3488 Hieronimi.
3072 3433 3092 3453 ‘
3122 3432 3362 3489 Omelias
3396 3434 3660 3490 Johannis
3688 3436 3818 3508 Cry-

2222 3521 2468 3588 sostomi,
2502 3528 2556 3576 et
2584 3521 2653 3576 de
2686 3521 3103 3592 compunctione
3143 3521 3346 3591 cordis,
3376 3538 3443 3579 ac
3472 3525 3817 3595 reparatione

2219 3609 2363 3681 lapsi
2382 3610 2437 3664 in
2454 3610 2728 3667 volumine
2760 3613 2810 3665 1.
2844 3610 3029 3667 Sancti
3085 3611 3272 3666 Hilarii
3320 3628 3485 3683 super
3541 3613 3816 3669 Matheum

2221 3699 2477 3754 volumen
2509 3703 2559 3753 1.
2594 3699 2614 3720 ’
2642 3698 2991 3755 Collectarios
3016 3705 3033 3753 i
3064 3699 3202 3755 duos
3231 3699 3289 3755 in
3318 3700 3550 3772 singulis
3580 3703 3815 3758 volumi-

2220 3788 2381 3842 nibus
2403 3788 2470 3843 de
2492 3788 2729 3844 adventu
2755 3788 2974 3843 Domini
3001 3804 3175 3860 usque
3217 3788 3273 3843 in
3326 3790 3547 3860 pascha.
3581 3790 3599 3809 ‘
3630 3790 3815 3847 Sancti

2221 3875 2495 3941 Ambrosii
2522 3874 2767 3947 epiSCOpi
2796 3876 2851 3931 in
2882 3876 3223 3949 evangelium
3261 3877 3564 3933 secundum
3611 3879 3810 3935 Lucam

2218 3965 2277 4019 in
2305 3964 2579 4021 volumine
2602 3969 2653 4020 1.
2686 3965 2705 3985 ‘
2734 3965 2996 4034 Ejusdem
3040 3965 3095 4020 in
3153 3966 3407 4037 epistolas
3448 3966 3605 4021 Pauli
3661 3968 3813 4024 volu-

2217 4053 2364 4109 mina
2392 4059 2444 4111 2.
2476 4054 2737 4123 Ejusdem
2766 4054 2835 4109 de
2876 4054 3020 4110 bono
3063 4054 3277 4121 mortis,
3329 4063 3382 4110 et
3427 4055 3731 4112 Hieronimi
3760 4058 3813 4112 in

2218 4142 2583 4213 Apocalypsin
2609 4142 2873 4197 Johannis
2925 4142 2981 4196 in
3009 4142 3285 4199 volumine
3316 4146 3365 4198 1.
3428 4143 3693 4200 Victorini
3746 4147 3812 4201 de

2218 4238 2407 4286 sancta
2434 4230 2712 4286 Trinitate.
2736 4230 2958 4285 Librum
2988 4231 3161 4287 sancti
3183 4231 3500 4287 Clementis.
3520 4232 3809 4305 Passiona-

2216 4320 2297 4376 les
2326 4319 2353 4354 ιι
2382 4320 2519 4375 duos
2548 4320 2604 4374 in
2660 4319 2873 4375 duobus
2902 4318 3285 4376 voluminibus.
3319 4320 3337 4341 ‘
3368 4320 3683 4377 Cassiodori
3724 4340 3810 4378 su-

2216 4425 2313 4481 per
2341 4423 2531 4465 omnes
2559 4408 2799 4480 psalmos
2828 4407 2884 4462 in
2915 4407 3085 4463 tribus
3113 4408 3496 4466 voluminibus.
3539 4410 3701 4466 Beda:
3732 4429 3811 4468 su-

2209 4566 2264 4604 n.
2319 4554 2418 4605 267
2460 4556 2704 4605 mutuatus
2757 4555 2851 4614 est,
2894 4552 2977 4602 ubi
3019 4552 3148 4603 hunc
3195 4553 3389 4604 titulum
3452 4553 3688 4616 prmiert:
3713 4558 3813 4608 Hos

2207 4621 2363 4672 libros
2393 4622 2623 4683 patravit
2663 4616 2950 4673 Grimaldus
2985 4618 3111 4669 abba
3153 4620 3207 4670 in
3252 4620 3548 4671 monasterio
3572 4620 3624 4670 S.
3678 4624 3811 4675 Galli

573 4685 802 4766 II>Davtum
850 4714 923 4762 est
980 4711 1073 4761 hoc
1135 4685 1349 4771 diploma
1412 4709 1565 4759 Ulma:
1627 4710 1795 4760 eodem
1860 4723 2005 4770 anno,
2056 4715 2107 4763 et
2203 4688 2488 4771 {’3___‘§?'?b_'f‘
2533 4687 3001 4771 Ηίέιάίξτεξσίηζερῖῇ
3054 4685 3320 4771 ςςςιῖιξιηέξ
3375 4688 3811 4771 guugmgdiunlcﬁo

506 4783 587 4833 die
655 4793 712 4831 ac
772 4778 1076 4843 praecedens,
1122 4779 1198 4827 ast
1263 4775 1524 4843 manifesto
1588 4788 1754 4828 errore
1816 4778 1955 4840 ρι’οὲ
1982 4778 2097 4830 Kal.

507 4850 558 4899 in
584 4861 642 4901 eo
666 4842 878 4911 positum
902 4843 1080 4907 legitur
1110 4844 1164 4893 11
1192 4842 1308 4893 Kal.

572 4933 723 4982 cVox
791 4928 981 4980 Tumba
1049 4926 1130 4978 hic
1193 4926 1403 4978 loculum
1473 4928 1758 4991 argenteum
1820 4926 1868 4976 in
1938 4928 2107 4978 sacelli

506 5000 713 5049 formam
770 4996 1063 5046 fabricatum
1126 4995 1344 5053 denotat,
1405 4994 1454 5045 in
1514 5006 1606 5056 quo
1665 4994 1715 5044 in
1780 4994 2106 5057 processioni-

504 5065 594 5115 bus
639 5067 697 5115 S.
770 5061 897 5114 Galli
963 5072 1076 5110 ossa
1135 5060 1621 5112 circumferebantur.
1684 5062 1914 5123 Hymnus
1977 5063 2105 5112 Rat-

499 5132 635 5194 perti
661 5132 723 5181 de
745 5130 797 5181 S.
829 5128 970 5180 Gallo
992 5128 1047 5177 in
1072 5127 1261 5178 Canisii
1292 5127 1403 5178 lect.
1430 5129 1588 5191 antiq.

571 5215 736 5267 “Erat
787 5214 1045 5279 pulpitum,
1093 5216 1153 5267 dc
1211 5226 1304 5276 quo
1364 5213 1622 5265 conciones
1682 5212 2008 5277 habebantur,
2057 5216 2108 5265 et

507 5282 813 5348 evangelium
839 5282 998 5333 missae
1020 5282 1288 5346 legebatur.

569 5377 591 5400 ο
616 5368 668 5419 ld
711 5370 784 5418 est
843 5367 974 5418 orbis
1031 5370 1306 5432 argenteus,
1367 5367 1427 5418 de
1486 5379 1581 5429 quo
1639 5365 1804 5429 plures
1861 5366 2108 5432 depende-

498 5436 618 5488 bant
644 5434 913 5498 lampades,
940 5435 1067 5485 unde
1092 5447 1187 5485 vox
1210 5434 1579 5485 Kronleuchter.

564 5520 834 5571 'Fornices
903 5520 1029 5569 hanc
1077 5520 1216 5569 chori
1280 5518 1499 5569 ab'sidam
1567 5518 1936 5581 constituentes,
2002 5520 2108 5583 spi-

498 5587 568 5638 ris
596 5587 840 5639 convoluti
866 5590 1027 5637 erant.
1053 5586 1413 5648 Ichnographia
1436 5599 1558 5637 sive.
1596 5600 1670 5636 ix.

574 5680 595 5716 υ
619 5671 833 5726 indicem
896 5672 1273 5738 subsequentem
1347 5671 1610 5736 Ratpertus
1667 5683 1727 5724 cx
1794 5671 1909 5723 cod.
1980 5673 2107 5724 msto

2204 4755 2451 4807 Hartmon'
2504 4757 2761 4821 prmpositi
2809 4756 2889 4805 sui
2907 4766 3002 4815 per
3054 4765 3209 4821 annos
3256 4754 3321 4803 50
3369 4756 3418 4805 et
3453 4766 3622 4803 unum.
3665 4757 3811 4808 Codi-

2208 4820 2320 4872 ces'
2371 4819 2624 4885 praeﬁxum
2670 4823 2909 4875 habentes
2972 4821 3022 4871 in
3092 4819 3388 4872 bibliotheca
3468 4823 3634 4871 nostra
3724 4824 3809 4875 ad-

2208 4889 2302 4940 huc
2321 4894 2535 4945 exstant.

2273 4980 2301 5018 ιι
2328 4974 2493 5026 Codex
2553 4973 2781 5026 altefatus
2845 4984 2903 5023 n.
2981 4967 3079 5023 267
3146 4970 3295 5024 habet
3345 4975 3400 5026 in
3480 4973 3808 5029 vommiuibtu

2206 5059 2417 5111 duobus.

2276 5174 2290 5200 ι
2305 5145 2466 5195 Codex
2488 5144 2686 5209 Rapcrti
2710 5160 2762 5197 n.
2791 5149 2890 5198 614
2914 5145 3050 5199 addit
3073 5148 3184 5197 sine
3206 5150 3496 5211 evangeliis.

2272 5227 2369 5280 ild
2429 5234 2503 5281 est
2553 5231 2866 5290 collectiones
2927 5244 3205 5284 sermonum
3273 5234 3364 5285 SS.
3454 5236 3651 5287 Patrum
3719 5243 3805 5295 per

2207 5296 2324 5346 anni
2366 5295 2600 5366 circulum
2648 5298 2717 5366 in
2745 5300 2916 5358 choro,
2962 5302 3012 5350 et
3050 5300 3257 5366 durante
3294 5300 3500 5364 prandio
3565 5298 3800 5366 legendo-

2204 5374 2315 5480 it'utm
2361 5362 2531 5415 diebus
2584 5365 2849 5417 Dominicis
2901 5369 2951 5418 ut
3011 5366 3063 5417 in
3105 5365 3220 5417 cod.
3296 5362 3413 5430 103,
3457 5383 3507 5433 p.
3556 5362 3655 5421 253
3719 5376 3802 5415 ηο-

2231 5442 2362 5480 aur.

2273 5511 2300 5551 ιι
2325 5515 2408 5565 Sic
2475 5517 2713 5570 vocabant
2800 5519 2948 5572 libros
3002 5521 3096 5572 SS.

2206 5587 2555 5646 prosequentes
2567 5621 2579 5634 .

3188 5522 3457 5584 martyrum
3562 5521 3797 5572 cruciatus
