4086 6296
286 249 308 302 1
319 247 414 302 073

1301 240 1395 298 DE
1426 239 1711 300 CASIBUS
1756 238 2190 300 MONASTERII
2217 242 2272 298 S.
2308 241 2536 300 GALLI.

3436 245 3574 302 1074

278 401 374 458 per
393 382 603 439 Cantica
632 382 989 440 canticorum.
1021 382 1378 439 Collationum
1407 390 1621 454 patrum
1650 377 1865 438 tertiam

1976 365 2124 439 igere
2157 408 2172 437 ,
2205 375 2256 423 et
2286 366 2342 421 in
2397 366 2595 422 Christi
2659 367 2862 424 ducere
2920 368 3196 424 servitute.
3258 370 3572 426 Hartmotus

279 481 329 530 et
375 480 618 546 quartam
664 480 894 543 partem.
930 472 948 492 *
979 472 1244 543 Regulam
1288 472 1459 528 sancti
1500 471 1778 527 Benedicti
1821 479 1874 526 et

281 562 610 633 reliquorum
649 561 870 614 Patrum
905 559 962 614 in
1006 560 1280 616 volumine
1325 564 1375 614 1.
1425 560 1871 631 Explanationem

284 666 443 721 super
470 648 731 705 lectiones
758 648 814 702 in
843 648 1118 704 volumine
1165 653 1214 703 1.
1250 648 1440 704 Libros
1469 647 1872 724 aethimologia-

283 754 396 793 rum
425 738 616 793 Isidori
646 737 702 792 in
729 737 931 792 volum.
971 741 1020 791 1.
1053 735 1276 808 Josephi
1319 737 1388 792 de
1430 736 1745 808 antiquitate
1773 737 1872 790 Ju-

283 827 428 882 daica
455 825 579 880 libri
609 829 674 882 12
703 825 759 878 in
788 825 990 881 volum.
1019 828 1067 879 1.
1099 827 1118 845 ‘
1149 826 1282 879 Item
1314 825 1485 880 libros
1516 828 1547 879 4
1579 825 1635 878 in
1666 825 1871 880 volum.

284 919 331 970 1.
363 915 528 968 ‘Item
557 913 801 982 ejusdem
829 913 896 968 de
926 913 1070 968 bello
1113 913 1340 968 Judaico
1371 912 1497 966 libri
1525 915 1557 966 ’7
1582 912 1637 966 in
1666 912 1869 966 volum.

287 1006 334 1058 1.
358 1005 625 1073 Excerpta
647 1001 715 1056 de
736 1001 994 1072 Pompeio
1014 1001 1067 1054 in
1085 1001 1284 1056 volum.
1312 1005 1360 1055 1.
1392 1001 1559 1056 Gesta
1578 1000 1873 1055 Alexandri

281 1091 334 1146 in
373 1091 568 1147 volum.
622 1093 673 1146 1.
719 1089 944 1144 Librum
983 1106 1275 1161 ymnorum
1320 1089 1602 1160 optimum.
1627 1090 1644 1109 ¹
1675 1089 1872 1144 Gram-

280 1179 519 1236 maticam
549 1177 814 1234 Prisciani
853 1179 907 1231 in
935 1178 1133 1233 volum.
1183 1182 1232 1233 1.
1279 1178 1298 1198 ‘
1328 1177 1548 1232 Librum
1575 1193 1870 1233 canonum.

281 1267 646 1322 Passionalem
713 1266 1106 1338 apostolorum.
1181 1265 1499 1321 Passionem
1568 1273 1873 1321 sanctorum

277 1355 466 1427 Sergii,
498 1362 551 1410 et
579 1355 763 1410 Bachi.
793 1355 1117 1410 Chronicam
1158 1354 1402 1423 Eusebii,
1436 1361 1488 1409 et
1535 1353 1876 1409 Hieronimia

279 1446 295 1464 ⁶
325 1445 634 1499 Tractatum
683 1441 942 1513 Origenis
986 1443 1041 1496 in
1074 1441 1358 1512 epistolam
1387 1442 1540 1497 Pauli
1570 1442 1640 1496 ad
1670 1442 1874 1496 Roma-

281 1549 395 1589 nos.
429 1533 448 1551 ‘
478 1530 723 1588 Rhabani
753 1530 996 1601 episcopi
1036 1530 1092 1584 in
1115 1530 1477 1602 posteriorem
1505 1539 1712 1601 partem
1741 1531 1874 1585 Hie-

279 1621 458 1677 remiae
504 1621 785 1692 prophetae
829 1619 1083 1674 volumen
1115 1623 1170 1674 1.
1210 1620 1228 1639 ’⁸
1252 1620 1388 1674 Item
1435 1619 1695 1690 epistolas
1723 1615 1880 1674 Pauli

1976 469 2129 522 vero,
2161 455 2514 526 praecipiente
2546 456 2844 525 Grimaldo,
2877 473 3068 512 omnes
3096 457 3313 513 labores
3343 467 3397 514 et
3423 458 3575 513 itine-

1975 559 2057 608 ra,
2090 543 2205 599 sive
2235 544 2303 598 ad
2334 552 2566 610 curtem,
2598 544 2712 600 sive
2742 545 2797 599 in
2845 545 3248 616 expeditionem
3279 554 3330 601 et
3359 547 3426 601 ad
3457 563 3574 602 om-

1974 649 2074 688 nes
2103 633 2234 686 alias
2263 632 2637 701 necessitates,
2671 633 2788 688 vice
2833 633 2976 688 illius
3008 642 3229 690 strenue
3258 634 3570 706 complevit,

1974 720 2323 792 omniumque
2352 738 2536 776 curam
2565 722 2913 794 negotiorum
2941 721 2997 776 in
3037 731 3207 777 semet
3236 722 3462 793 accepit.

2043 808 2162 879 Ipse
2194 817 2376 864 autem
2393 809 2728 879 Grimaldus,
2747 825 2872 864 cum
2897 809 3005 864 alia
3022 809 3145 866 loca
3166 819 3218 864 et
3239 811 3572 866 monasteria

1975 912 2088 951 sua:
2135 896 2335 952 dicioni
2384 896 2667 952 habuisset
2697 898 2964 965 subjecta,
2999 897 3054 951 in
3111 897 3213 953 hoc
3241 898 3573 954 monasterio

1975 985 2252 1056 pracipue
2281 985 2507 1056 cupiens
2537 984 2701 1040 ﬁnem
2730 985 2941 1040 dierum
2977 1001 3202 1041 suorum
3232 994 3569 1057 exspectare,

1976 1072 2140 1143 coepit
2194 1073 2592 1128 studiosissime
2647 1073 2983 1130 monachicis
3014 1091 3074 1128 se
3119 1090 3375 1130 exercere
3405 1074 3573 1129 disci-

1974 1160 2156 1230 plinis,
2181 1168 2234 1216 et
2262 1161 2386 1216 licet
2415 1161 2599 1216 habitu
2615 1177 2725 1216 non
2755 1163 3344 1227 esset,conversatione
3375 1171 3573 1228 tamen,

1975 1257 2029 1303 et
2075 1256 2201 1304 voto
2257 1250 2555 1304 monachus
2624 1249 2908 1304 existebat.
2979 1249 3334 1305 Orationibus
3391 1250 3574 1321 sepius

1975 1335 2281 1402 insistebat,
2303 1337 2719 1392 elemosinarum
2737 1337 3046 1408 largitatem
3068 1337 3218 1393 solus
3238 1355 3353 1409 prae
3375 1337 3574 1394 ceteris

1975 1425 2312 1495 possidebat,
2347 1424 2400 1480 in
2433 1433 2657 1496 tantum,
2689 1434 2744 1480 ut
2771 1433 2922 1496 pater
2951 1441 3254 1498 pauperum
3285 1434 3574 1482 vocaretur

1975 1520 2027 1567 et
2057 1520 2222 1569 esset.

2047 1601 2144 1655 His
2195 1601 2378 1673 itaque
2409 1601 2638 1673 aliisque
2695 1601 2962 1657 similibus
3004 1602 3268 1658 bonarum
3315 1602 3570 1657 virtutum

275 1709 522 1780 apostoli,
565 1716 619 1764 et
655 1710 689 1762 7
727 1707 983 1778 epistolas
1015 1706 1305 1763 canonicas
1336 1707 1390 1762 in
1419 1707 1694 1763 volumine
1725 1724 1830 1763 uno
1851 1719 1877 1756 b
1906 1697 2309 1779 Bprofectibus
2335 1697 2556 1753 cottidie
2577 1713 2854 1767 crescens,
2879 1715 3046 1754 senex
3064 1707 3116 1754 et
3135 1699 3329 1770 plenus
3359 1698 3572 1754 dierum

276 1801 439 1854 Actus
477 1795 866 1868 apostolorum,
901 1803 955 1851 et
971 1796 1307 1867 apokalipsin
1341 1796 1396 1850 in
1424 1797 1631 1850 volum.
1664 1800 1713 1850 1.
1750 1797 1765 1816 *
1791 1796 1875 1850 Vi-

277 1893 384 1942 tam
413 1885 582 1942 sancti
615 1884 892 1940 Columbae
921 1884 977 1938 in
996 1884 1204 1940 volum.
1246 1889 1297 1940 1.
1335 1886 1466 1939 Item
1495 1885 1617 1950 Job,
1647 1885 1873 1940 Tobiam

271 1975 451 2029 Judith
483 1981 537 2030 et
563 1975 759 2030 Hester
784 1973 841 2028 in
888 1972 1097 2029 volum.
1139 1977 1188 2029 1.
1222 1974 1239 1993 '
1265 1971 1513 2029 Visiones
1564 1973 1792 2028 Wettini
1824 1981 1875 2028 et

273 2063 507 2120 Baronti.

346 2153 620 2207 Praeterea
671 2149 831 2205 etiam
879 2150 1025 2206 idem
1089 2150 1398 2206 Hartmotus
1462 2151 1560 2205 sub
1611 2149 1875 2205 Grimaldi

275 2239 606 2312 temporibus
651 2239 768 2310 ipsa
823 2239 1049 2294 fratrum
1099 2239 1412 2296 necessaria
1432 2247 1473 2305 ο,
1522 2240 1579 2294 in
1614 2247 1875 2311 quantum

271 2329 461 2400 potuit,
490 2327 780 2382 meliorare
811 2327 1014 2382 studuit
1044 2335 1096 2382 et
1125 2343 1350 2400 augere.
1387 2326 1545 2395 Quod
1578 2336 1706 2383 tunc
1737 2343 1873 2383 con-

278 2417 539 2486 stitutum,
591 2432 764 2488 usque
813 2415 976 2472 hodie
1015 2415 1263 2470 similiter
1303 2424 1584 2486 permanet
1634 2415 1870 2471 firmum.

273 2505 629 2577 Temporibus
659 2505 823 2560 etiam
866 2505 988 2573 illis,
1028 2505 1370 2577 exigentibus
1414 2505 1729 2560 meritorum
1757 2506 1874 2574 ejus

277 2593 544 2667 insigniis,
588 2608 786 2664 corpus
834 2593 1005 2648 sancti
1053 2593 1258 2648 Otmari
1305 2593 1373 2647 de
1423 2593 1658 2649 ecclesia
1703 2593 1873 2648 sancti

271 2681 414 2737 Petri
461 2681 656 2736 festive
709 2681 1003 2748 sublatum,
1047 2681 1100 2734 in
1159 2681 1440 2736 basilicam
1499 2682 1670 2737 sancti
1730 2681 1873 2736 Galli

272 2788 393 2825 cum
452 2771 641 2826 debita
703 2770 920 2825 laudum
983 2769 1388 2825 honorificentia
1445 2779 1527 2825 est
1582 2771 1868 2842 perlatum,

271 2867 531 2930 presente
579 2857 878 2926 Grimaldo,
924 2858 1113 2912 abbate
1157 2866 1210 2912 et
1251 2858 1692 2929 archicapellano
1725 2858 1873 2930 regis

267 2946 594 3012 Hludowici,
666 2955 718 3002 et
788 2947 1079 3002 Salomone
1155 2946 1580 3002 Constantiensis
1629 2947 1875 3005 ecclesiae

269 3035 549 3107 episcopo,
597 3049 723 3092 cum
766 3043 965 3091 caetero
1004 3036 1385 3091 innumerabili
1432 3036 1636 3108 populo
1676 3039 1706 3092 4
1737 3037 1874 3093 feria

265 3125 365 3179 sub
396 3133 594 3180 octavo
625 3124 990 3179 Kalendarum
1019 3125 1406 3180 Novembrium
1430 3125 1517 3179 die
1556 3125 1580 3160 ἀ
1611 3141 1753 3181 anno
1784 3126 1872 3180 in-

265 3213 597 3268 carnationis
655 3213 954 3268 Dominicae
997 3216 1118 3267 864.
1179 3213 1518 3267 Collocatum
1566 3221 1648 3268 est
1691 3221 1871 3269 autem

266 3318 466 3373 corpus
495 3301 662 3357 sancti
691 3301 791 3358 viri
838 3301 893 3355 in
942 3300 1176 3356 ecclesia
1224 3301 1397 3357 sancti
1429 3301 1570 3356 Galli
1593 3303 1749 3372 juxta
1787 3302 1872 3358 al-

266 3391 464 3445 tarium
493 3390 668 3446 sancti
711 3390 974 3444 Johannis
1020 3390 1294 3460 Baptistae,
1340 3390 1432 3445 ubi
1483 3407 1683 3464 magna
1711 3390 1875 3446 mira-

268 3480 515 3535 culorum
566 3479 898 3533 abundantia
944 3477 1266 3534 meritorum
1302 3480 1415 3548 ejus
1447 3479 1695 3535 claruere
1724 3496 1872 3552 prae-

269 3568 448 3635 conia,
494 3584 669 3639 usque
717 3568 846 3621 dum
895 3584 1038 3623 nova
1096 3566 1198 3621 sibi
1255 3566 1520 3623 mdiﬁcata
1574 3568 1800 3625 basilica
1828 3577 1869 3637 °,

277 3673 397 3727 qua:
429 3656 610 3710 statim
638 3656 694 3710 in
724 3656 876 3711 brevi
905 3664 1150 3726 tempore
1182 3665 1264 3711 est
1288 3665 1529 3727 peracta,
1579 3658 1873 3729 tumbaque

265 3753 500 3819 argento
531 3752 584 3800 et
613 3761 744 3801 auro
776 3745 878 3800 sibi
909 3753 1114 3816 parata,
1149 3744 1448 3800 honorifice
1479 3745 1534 3799 in
1559 3761 1681 3800 eam
1701 3743 1874 3802 sancti

269 3835 368 3889 viri
399 3834 610 3889 exuviae
640 3841 766 3888 sunt
794 3834 1034 3904 perlatae.
1079 3833 1212 3902 Quae
1259 3833 1480 3888 basilica
1523 3834 1685 3889 etiam
1727 3844 1869 3906 post,

268 3931 518 3994 tempora
549 3922 816 3977 Grilmadi
843 3923 913 3977 ab
953 3925 1232 3978 Hartmoto
1271 3923 1480 3990 abbate,
1515 3923 1589 3978 ita
1629 3932 1686 3978 ut
1711 3925 1875 3980 hodie

265 4011 500 4080 videtur,
532 4019 693 4067 aucta
722 4019 804 4066 est
832 4019 995 4082 atque
1026 4019 1350 4078 constructa,
1393 4012 1573 4066 tumba
1623 4012 1874 4070 videlicet

268 4107 320 4156 et
349 4099 505 4154 altari
536 4099 753 4170 plenius
783 4100 1076 4155 decoratis.

332 4191 461 4243 Post
489 4188 606 4243 haec
634 4188 801 4261 igitur
849 4197 1155 4258 temporum
1206 4197 1518 4244 transeunte
1563 4188 1858 4252 curriculo,

266 4277 583 4332 Grimaldus
617 4278 788 4332 abbas
819 4294 942 4334 cum
964 4277 1080 4347 jam
1109 4277 1282 4332 atatis
1311 4277 1574 4348 plurimos
1627 4278 1745 4333 dies
1773 4279 1869 4333 ha-

262 4365 435 4432 beret,
467 4365 630 4436 coepit
659 4366 850 4421 sedulo
883 4366 938 4420 in
961 4374 1150 4421 nostro
1170 4366 1504 4421 monasterio
1526 4366 1866 4434 commorari,

1973 1786 2030 1841 in
2075 1786 2417 1842 confessione
2465 1802 2612 1842 verae
2642 1785 2770 1841 ﬁdei
2799 1787 2867 1842 de
2896 1789 3000 1843 hac
3030 1787 3169 1855 luce,
3203 1785 3436 1843 Domino
3466 1803 3571 1842 vo-

1975 1883 2155 1943 cante,
2189 1875 2529 1930 altitudinem
2585 1875 2932 1942 conscendit,
2965 1883 3022 1930 ut
3076 1876 3372 1941 credimus,
3435 1875 3572 1931 lucis

1975 1972 2271 2036 perpetuae,
2305 1972 2466 2035 atque
2497 1964 2552 2018 in
2584 1963 2779 2019 eodem
2809 1963 3139 2020 monasterio
3161 1981 3286 2020 cum
3306 1963 3452 2019 omni
3471 1965 3570 2020 ho-

1974 2068 2111 2107 nore
2169 2060 2222 2107 et
2277 2052 2462 2106 debita
2512 2052 2860 2108 veneratione
2899 2052 3165 2123 sepultus,
3198 2051 3491 2124 requiescit
3516 2051 3573 2107 in

1975 2141 2230 2196 Domino.
2268 2139 2508 2212 Contigit
2536 2147 2716 2195 autem
2759 2139 3014 2195 transitus
3053 2142 3168 2210 ejus
3197 2141 3381 2194 Idibus
3401 2138 3574 2192 Juniis

1975 2233 2026 2297 6,
2061 2229 2197 2284 feria
2223 2229 2278 2283 in
2309 2228 2487 2300 primo
2519 2235 2642 2284 ortu
2675 2228 2805 2284 solis
2826 2243 2970 2285 anno
2988 2227 3375 2284 incarnationis
3389 2213 3575 2282 Domi-

1974 2317 2110 2372 nicae
2133 2321 2255 2373 8'72.
2288 2316 2444 2371 Rexit
2475 2324 2656 2371 autem
2687 2316 3074 2372 monasterium
3117 2323 3365 2371 nostrum
3395 2313 3571 2370 felici-

1974 2413 2058 2461 ter
2084 2422 2183 2477 per
2210 2421 2384 2460 annos
2414 2408 2482 2459 30
2515 2413 2566 2460 et
2595 2421 2780 2459 unum.

2105 2529 2308 2580 Praemia
2333 2531 2581 2580 tantorum
2605 2531 2683 2581 cui
2703 2531 2852 2592 dona,
2879 2531 3093 2593 Christe,
3119 2529 3340 2581 laborum

2104 2597 2322 2658 Huicque
2347 2597 2510 2658 polum
2538 2597 2744 2660 tribuas,
2766 2597 2847 2660 qui
2871 2597 3045 2658 sydera
3071 2597 3201 2647 celsa
3227 2609 3448 2660 croaras,

2105 2664 2370 2725 Mattheus,
2397 2665 2608 2724 Marcus,
2635 2665 2808 2725 Lucas,
2840 2664 3119 2725 pariterque
3143 2665 3389 2713 Johannes

2105 2729 2213 2779 Sint
2233 2729 2300 2779 illi
2327 2731 2550 2793 comites,
2579 2743 2785 2792 quorum
2817 2730 3100 2781 celebrabat
3125 2732 3336 2781 honores
3357 2738 3390 2779 i.

2043 2839 2172 2892 Post
2188 2837 2394 2892 obitum
2417 2854 2550 2894 vero
2569 2838 2835 2894 Grimaldi
2853 2837 3058 2894 fratres
3074 2840 3229 2908 juxta
3247 2839 3576 2911 promissam

1974 2926 2079 2981 sibi
2116 2927 2393 2982 licentiam
2449 2927 2700 2998 protinus
2744 2944 2865 2983 cum
2921 2928 3158 2984 maximo
3202 2929 3574 2984 unanimitatis

1973 3040 2244 3081 consensu
2295 3025 2636 3079 Hartmotum
2689 3025 2791 3078 sibi
2823 3025 3108 3098 elegerunt
3138 3026 3416 3082 abbatem.
3441 3027 3574 3082 Cum

1977 3137 2084 3194 quo
2113 3121 2318 3193 pariter
2349 3121 2570 3193 quidam
2603 3122 2672 3177 de
2703 3121 3008 3178 senioribus
3039 3122 3270 3178 fratrum
3303 3124 3375 3178 ad
3399 3123 3574 3195 piissi-

1975 3235 2122 3272 mum
2167 3233 2356 3290 regem
2417 3217 2779 3274 Hludovicum
2847 3217 3249 3274 deveneruntJ’
3285 3218 3390 3288 Qui
3446 3235 3572 3278 cum

1975 3330 2162 3370 eorum
2194 3329 2523 3370 consensum
2553 3322 2606 3369 et
2652 3314 2983 3370 desiderium
3011 3315 3391 3387 comperisset,
3435 3318 3574 3374 sicut

1974 3403 2123 3475 prius
2152 3403 2438 3474 disposuit,
2499 3405 2782 3459 Hartmoto
2819 3404 3207 3460 monasterium
3259 3421 3381 3462 cum
3425 3407 3573 3463 omni

1976 3491 2280 3549 securitatis
2306 3493 2553 3547 libertate
2583 3492 2928 3559 contradidit,
2964 3493 3112 3548 nulla
3160 3493 3345 3550 addita
3373 3496 3461 3551 vel
3491 3496 3573 3550 in-

1976 3581 2237 3652 terposita
2266 3597 2448 3647 causa,
2481 3597 2582 3652 per
2616 3597 2780 3652 quam
2810 3580 3157 3653 aliquomodo
3190 3582 3415 3638 ulterius
3447 3583 3570 3640 vio-

1976 3669 2074 3724 lari
2103 3669 2367 3740 potuisset
2395 3669 2556 3738 hujus
2587 3669 2888 3726 securitatis
2915 3669 3217 3743 integritas.
3253 3672 3572 3728 Hartmotus

1976 3773 2106 3812 vero
2156 3773 2279 3813 cum
2309 3756 2562 3812 fratribus
2590 3757 2659 3812 ad
2687 3758 3076 3814 monasterium
3107 3759 3347 3830 rediens,
3383 3761 3573 3832 optimi

1977 3863 2034 3901 se
2089 3846 2326 3918 pastoris
2353 3855 2405 3902 et
2433 3846 2601 3918 patris
2655 3846 2994 3918 perfectione
3051 3848 3254 3903 studuit
3296 3849 3495 3922 ubique
3522 3859 3575 3906 et

1975 3937 2215 4008 undique
2237 3952 2517 3992 exercere.
2549 3937 2690 3990 Nam
2728 3936 2854 3992 licet
2898 3937 3294 4007 praeteritorum
3330 3938 3571 3994 maxima

1975 4041 2105 4095 pars
2121 4025 2211 4079 ille
2224 4024 2415 4078 fuisset
2434 4024 2684 4078 laborum
2705 4032 2867 4094 atque
2891 4025 3179 4091 bonorum,
3199 4033 3381 4080 tamen
3427 4044 3574 4084 nunc

1974 4111 2127 4183 quasi
2184 4112 2469 4183 incipiens,
2501 4111 2778 4168 cumulum
2805 4120 2858 4166 et
2897 4120 3252 4185 augmentum
3285 4114 3571 4170 solitorum

1973 4200 2320 4256 desiderabat
2371 4217 2572 4272 augere
2627 4199 2965 4257 meritorum.
2989 4202 3131 4256 Nam
3159 4203 3394 4273 parietes
3427 4203 3572 4260 basi-

1972 4290 2109 4346 licis:
2167 4289 2341 4345 sancti
2372 4289 2547 4357 Galli,
2581 4297 2634 4346 et
2681 4289 2737 4344 in
2783 4291 2952 4345 choro
2992 4298 3044 4345 et
3077 4289 3210 4346 foris
3239 4292 3484 4362 chorum,
3519 4301 3573 4348 et

1974 4378 2271 4450 posteriora
2325 4377 2544 4450 templi,
2596 4378 2734 4434 sicut
2770 4379 2934 4434 modo
3005 4387 3304 4434 cernuntur
3355 4380 3569 4452 pictura

264 4455 490 4526 cupiens
511 4453 776 4526 reliquum
815 4455 935 4510 vitae
981 4469 1092 4511 sua:
1114 4463 1324 4526 tempus
1347 4471 1466 4510 cum
1490 4455 1670 4526 quiete
1693 4463 1869 4511 trans-

1976 4430 2271 4450 τ--τ---η-
2598 4430 2731 4434 --ητ
3011 4430 3293 4434 -τ-η--κ-
3355 4430 3565 4452 τ-ν--η

1976 4467 2260 4534 deaurata,
2305 4465 2449 4522 idem
2505 4467 2699 4523 eodem
2743 4466 2800 4521 in
2842 4475 3085 4539 tempore
3130 4467 3258 4524 fecit
3290 4469 3471 4525 ornari
3511 4477 3565 4524 et

328 4583 426 4635 λιιι
459 4581 680 4644 Ratperti
704 4581 869 4631 codice
890 4581 990 4631 6M
1015 4594 1183 4633 erasus
1222 4585 1298 4632 est
1343 4582 1510 4632 titulus
1550 4583 1680 4644 libri,
1722 4596 1868 4646 quem

264 4649 417 4726 eod-ex
440 4648 536 4698 267
575 4648 653 4700 his
675 4648 838 4699 verbis
861 4653 1082 4700 recenset
1110 4667 1121 4698 :
1159 4649 1290 4700 Vitas
1312 4654 1525 4714 patrum,
1551 4662 1675 4713 quas
1697 4651 1872 4702 dicunt

263 4729 358 4776 ma]
364 4727 492 4765 ores.

330 4811 358 4853 b
384 4800 479 4850 Iste
506 4799 628 4850 liber
652 4800 702 4849 in
723 4798 830 4849 cod.
853 4799 951 4848 267
978 4811 1071 4848 non
1099 4800 1296 4862 legitur.

329 4888 350 4915 ε
378 4886 562 4947 Nempe
597 4885 754 4935 victus
775 4887 824 4934 et
857 4884 1079 4934 vestitus.

329 4985 355 5024 d
375 4970 676 5019 Conveniunt
698 4969 877 5030 Optime
896 4981 1067 5030 annus,
1097 4968 1238 5030 feria,
1268 4973 1320 5019 et
1343 4969 1448 5020 dies
1471 4970 1670 5020 mensis.

330 5065 352 5092 ε
377 5054 565 5104 Sacella
590 5053 803 5104 basilica:
828 5054 1023 5104 nomine
1046 5065 1172 5116 szepe
1198 5054 1412 5104 veniunt.

266 5204 300 5254 ι,
331 5156 348 5191 r
369 5137 422 5188 id
443 5140 536 5201 est,
563 5137 664 5189 sive
691 5139 751 5189 ad
791 5138 919 5203 regis
961 5139 1143 5202 aulam,
1189 5138 1291 5189 sive
1340 5139 1390 5189 in
1432 5140 1632 5192 bellicas
1659 5141 1863 5204 expedi-

290 5217 442 5254 nones.

290 5217 442 5255 tones.

329 5318 354 5354 ε
377 5289 548 5340 Eidem
568 5291 714 5340 etiam
740 5289 937 5352 reliquit
959 5291 1108 5341 libros
1133 5303 1264 5354 suos,
1293 5304 1498 5354 quorum
1525 5293 1590 5342 55
1616 5294 1860 5344 volumina

262 5360 485 5406 recenset
527 5357 678 5407 codex
726 5357 822 5406 267
871 5358 960 5406 sub
1005 5359 1096 5407 hoc
1146 5358 1322 5408 titulo:
1350 5359 1475 5408 Istos
1519 5369 1687 5409 autem
1711 5362 1864 5412 libros

259 5425 459 5472 domnus
486 5422 760 5474 Grimaldus
785 5425 846 5473 de
863 5436 952 5472 suo
990 5425 1131 5474 dedit
1169 5425 1234 5474 ad
1255 5425 1306 5474 8.
1337 5424 1546 5475 Gallum.
1575 5428 1645 5476 De
1672 5427 1861 5478 illorum

263 5500 358 5556 uno
404 5490 508 5556 iure
550 5489 698 5540 habet
734 5490 825 5540 iste
874 5490 1021 5540 index
1055 5510 1065 5539 :
1096 5492 1392 5542 Psalterium
1417 5494 1703 5553 glossatum,
1735 5497 1864 5556 quod

262 5555 368 5615 ipse
397 5554 676 5606 Grimaldus
698 5556 906 5617 Notingo
933 5557 1191 5607 Brixiensi
1234 5559 1458 5620 episeopo
1492 5554 1865 5622 primumﬁwst

264 5633 380 5671 vero
396 5623 692 5686 Engilberge
715 5625 882 5687 regine
904 5624 1059 5689 dedit,
1085 5628 1135 5675 et
1151 5637 1245 5688 per
1265 5625 1552 5678 Rihbertum
1577 5628 1862 5691 magistrum

1965 4595 2102 4646 aliud
2147 4595 2387 4646 restituit.
2437 4595 2735 4659 Engtlberga
2782 4607 2905 4645 uxor
2950 4597 3057 4645 erat
3097 4595 3328 4645 Ludovici
3357 4597 3397 4645 ll
3439 4597 3568 4659 regis

1965 4662 2115 4712 Italiae
2135 4675 2162 4711 a
2187 4663 2358 4712 Carolo
2383 4662 2561 4712 Crasso
2601 4661 2651 4710 in
2703 4661 3044 4712 Alamanniam
3093 4660 3239 4725 (forte
3271 4664 3324 4712 S.
3351 4663 3565 4726 Gallum)

1965 4729 2015 4779 in
2039 4727 2265 4779 exsilium
2297 4728 2462 4778 missa.
2489 4729 2668 4778 Annal.
2695 4728 2985 4779 Bertiniani
3009 4729 3073 4777 ad
3091 4742 3273 4780 annum
3297 4729 3567 4780 882.Vide-

1965 4799 2046 4846 tur
2070 4795 2199 4846 idem
2223 4808 2329 4845 esse
2352 4794 2660 4858 psalterium,
2687 4795 2813 4858 quod
2831 4795 2880 4845 in
2897 4793 3035 4846 Italia
3058 4795 3148 4846 sub
3168 4795 3363 4847 nomine
3386 4797 3568 4861 Engcl-

1964 4861 2117 4925 berga
2145 4863 2438 4912 celebratur.

2032 4965 2060 5002 h
2081 4946 2290 4999 Sortitus
2317 4947 2410 4997 hoc
2437 4946 2741 5010 epitaphium
2770 4965 2782 4996 :

2131 5093 2222 5143 Hic
2246 5097 2408 5143 manet
2432 5091 2644 5143 interius
2669 5093 2838 5143 divine
2859 5093 2982 5155 tegis
3005 5099 3218 5156 amator,

2134 5177 2414 5228 Grimaldus
2432 5176 2632 5227 humilis
2657 5178 2883 5240 templum
2906 5179 2994 5228 hoc
3014 5179 3098 5242 qui
3120 5179 3330 5231 condere
3346 5180 3503 5243 jussit

1966 5317 2166 5385 (nempe
2189 5319 2242 5369 S.
2270 5314 2502 5382 Otmari).
2531 5318 2649 5368 Cod.
2669 5331 2783 5369 scrc.
2811 5331 2881 5368 Ix.
2908 5333 2959 5370 η.
2987 5319 3108 5385 397,
3131 5335 3188 5384 ῃ.
3213 5322 3297 5372 52.

2030 5423 2043 5459 ί
2066 5404 2244 5454 Versus
2265 5403 2355 5454 hos
2377 5402 2472 5452 alio
2497 5406 2689 5464 tenore,
2715 5406 2764 5453 et
2789 5403 2878 5453 abs
2900 5404 3194 5457 Ekkehardo
3219 5407 3280 5456 IV
3305 5409 3558 5457 correctos

1964 5470 2200 5521 exhibent
2224 5469 2378 5520 codex
2401 5482 2458 5519 ιι.
2481 5471 2601 5533 615,
2627 5481 2743 5519 saec.
2769 5483 2879 5533 xm,
2905 5475 2956 5522 et
2980 5473 3129 5524 editio
3151 5472 3389 5523 Goldasti.

2026 5556 2251 5625 jNempe
2277 5553 2576 5625 moriserat,
2621 5565 2730 5604 cum
2776 5557 3025 5625 neoelecto
3063 5560 3254 5624 partem
3276 5556 3560 5625 eligentium

1963 5633 2072 5674 cum
2097 5621 2269 5674 baculo
2298 5619 2530 5673 abbatiali
2557 5633 2726 5688 regem
2751 5622 2905 5676 adire.
