4086 6304
517 183 656 240 1075

1527 177 1934 236 RATPERTUS
2001 175 2530 239 SANGALLENSIS
2587 179 2823 238 ABBAS.

3666 185 3692 236 1
3703 184 3809 238 076

515 305 660 364 comi
687 315 732 362 ι.
764 307 824 361 In
855 305 975 361 aliis
1026 311 1293 377 praterea
1346 301 1610 373 adiﬁciis,
1641 311 1698 360 ut
1727 303 1878 360 cerni
1899 303 2098 376 poterit
2124 303 2181 364 A
2203 303 2536 371 abstrahere,
2565 304 2820 378 illiusque
2860 304 3082 363 servitio
3124 323 3221 364 eos
3265 311 3478 368 auferre
3497 321 3539 368 ⁸.
3569 312 3810 369 Nomina

511 389 566 446 in
595 389 871 462 prasenti,
903 388 1196 460 plurimum
1235 395 1426 444 nostro
1485 388 1816 444 monasterio
1846 388 2103 444 decorem

512 477 627 534 suis
654 477 992 549 temporibus
1022 477 1138 548 ipse
1167 477 1434 548 patravit;
1469 484 1540 546 et,
1572 483 1630 532 ut
1657 475 1894 546 plurima
1924 475 2105 531 brevi-

515 583 617 638 per
645 565 1126 637 comprehendam,
1154 563 1616 636 ubicumquefuit,
1655 565 1768 620 sive
1797 564 1958 630 intus,
1991 563 2106 620 sive

513 653 662 722 foris,
697 654 812 710 sive
831 655 978 725 apud
1007 654 1222 720 divites,
1247 653 1362 708 sive
1374 653 1516 724 apud
1539 652 1862 719 mediocres,
1875 651 2104 707 Domino

514 743 753 801 donante
811 742 1181 813 sapientiaque
1213 756 1246 796 a
1283 742 1401 796 Deo
1427 741 1529 796 sibi
1596 755 1861 796 concessa
1917 747 2104 794 nostra

511 830 696 886 omnia
723 831 1036 887 cautissime
1065 829 1402 902 providente,
1448 845 1550 884 nos
1579 845 1798 901 semper
1827 828 2007 884 securi
2038 844 2105 884 ex

511 919 810 975 titeramus.
845 919 1129 974 Librorum
1156 933 1372 990 quoque
1394 934 1534 990 quos
1554 917 1645 972 ille
1666 918 1734 972 ad
1757 932 2104 974 communem

511 1007 826 1063 monasterii
855 1007 1135 1062 utilitatem
1163 1021 1262 1063 suo
1292 1014 1538 1078 tempore
1569 1006 1816 1078 patravit,
1841 1005 1956 1062 hac
1979 1013 2106 1060 sunt

509 1089 762 1151 nominab
787 1137 799 1150 .

582 1183 864 1241 Lectiones
895 1183 1181 1256 evangelii,
1216 1200 1381 1256 quem
1407 1183 1606 1238 librum
1635 1198 1770 1239 auro
1801 1191 1853 1238 et
1881 1190 2105 1255 argento

509 1287 575 1329 ac
602 1271 872 1344 lapidibus
898 1271 1153 1344 pretiosis
1171 1271 1402 1327 ornavit.
1425 1271 1822 1326 Lectionarium
1846 1272 2105 1342 elephan-

511 1369 565 1417 to
597 1369 620 1394 °
648 1369 700 1416 et
729 1376 862 1416 auro
916 1367 1184 1432 paratum.
1217 1361 1236 1381 ⁶
1258 1363 1327 1415 35
1367 1359 1643 1415 volumina
1681 1359 1824 1415 beati
1855 1359 2107 1432 Gregorii

505 1449 562 1504 in
607 1449 710 1504 Job
751 1449 807 1503 in
835 1465 932 1504 sex
987 1464 1217 1519 corpora
1259 1447 1450 1505 divisa.
1515 1447 1835 1504 Collectaria
1893 1447 2002 1502 duo
2036 1447 2104 1502 de

507 1539 708 1610 pascha
737 1553 910 1612 usque
937 1537 1006 1592 ad
1048 1537 1339 1592 adventum
1371 1535 1608 1592 Domini.
1641 1537 1658 1556 ‘
1680 1539 1713 1591 7
1744 1535 1909 1590 libros
1931 1534 2106 1592 sancti

2201 408 2330 448 vero
2379 394 2678 450 eorundem
2719 394 2984 450 librorum
3024 404 3148 451 sunt
3185 399 3323 456 hac.
3353 401 3374 422 ⁶
3405 400 3649 474 Quinque
3679 401 3810 464 libri

2201 481 2392 552 Moysi,
2423 483 2982 555 Josue,judicumqne
3009 483 3066 540 in
3095 485 3296 542 volum.
3331 491 3388 543 1.
3424 491 3444 510 '
3481 489 3693 561 Regum
3733 489 3807 544 li-

2205 569 2288 624 bri
2319 573 2351 626 4
2373 571 2429 624 in
2459 571 2665 626 volum.
2701 575 2752 626 1.
2783 571 2803 591 ‘
2840 571 3168 628 Psalterium
3186 575 3255 631 de
3277 577 3805 634 Hebraicotransla-

2205 665 2316 712 tum
2345 659 2383 713 ί.
2417 659 2714 714 Proverbia
2753 659 3076 731 Salomonis,
3110 663 3472 733 ecclesiastes,
3518 673 3571 722 et
3595 666 3809 722 cantica

2202 747 2572 812 canticorum;
2603 748 2732 802 item
2759 747 2898 804 liber
2929 749 3228 820 sapientia,
3246 760 3300 808 et
3329 754 3457 809 Jesu
3478 753 3805 822 iiliiSirach,

2204 843 2256 889 et
2282 835 2726 907 paralipomenon
2756 835 2879 891 libri
2907 836 3016 892 duo
3047 837 3102 892 in
3152 841 3427 898 volumine
3456 857 3583 898 uno.
3613 843 3634 863 ⁶
3679 842 3808 908 Job,

2203 923 2421 991 Tobias,
2483 925 2687 995 Iudith,
2765 935 2818 983 et
2878 927 3075 986 Hester
3121 932 3174 988 in
3224 931 3427 988 volum.
3478 935 3529 986 1.
3571 930 3808 997 Esdras,

2203 1013 2478 1080 Neemias,
2537 1023 2592 1070 et
2637 1017 3054 1076 Machabeorum
3115 1021 3241 1076 libri
3295 1024 3329 1078 2
3379 1019 3435 1074 in
3488 1018 3692 1075 volum.
3757 1023 3808 1074 1.

2204 1101 2222 1120 ¹
2250 1101 2464 1169 Esaias,
2515 1111 2568 1158 et
2613 1105 2912 1163 Hieremias
2956 1107 3012 1164 in
3059 1109 3261 1165 volum.
3315 1112 3366 1162 1.
3399 1109 3417 1128 '
3449 1107 3724 1172 Ezechiel,
3760 1113 3815 1161 et

2207 1191 2272 1244 14
2302 1191 2603 1261 propheta,
2637 1201 2690 1248 et
2731 1196 2964 1252 Danihel
3009 1197 3064 1251 in
3095 1197 3298 1254 volum.
3331 1199 3382 1251 1.
3423 1197 3442 1216 ¹
3473 1195 3813 1268 Evangelia-

2205 1295 2326 1332 rum
2355 1279 2557 1335 volum.
2594 1285 2644 1336 1.
2679 1283 3032 1356 Reliquorum
3062 1285 3326 1341 librorum
3351 1283 3477 1339 novi
3497 1285 3816 1340 testamenti

2206 1365 2409 1422 volum.
2457 1371 2507 1422 1.
2559 1369 2718 1426 Beda
2777 1371 2948 1428 libelli
2994 1373 3102 1429 duo
3147 1374 3217 1429 de
3261 1381 3452 1428 natura
3497 1389 3704 1438 rerum,
3757 1380 3814 1428 et

2206 1455 2568 1526 temporibus.
2612 1458 2632 1479 ⁶
2676 1460 2808 1516 Item
2865 1478 3006 1516 unus
3063 1462 3302 1535 grandis,
3362 1469 3416 1516 et
3472 1461 3580 1516 alia
3634 1476 3809 1534 argu-

2204 1551 2388 1599 menta
2424 1548 2770 1616 computandi
2815 1549 2871 1602 in
2917 1550 3118 1606 volum.
3155 1555 3206 1605 1.
3239 1549 3450 1623 Regula
3497 1549 3668 1605 sancti
3698 1551 3810 1606 Be-

509 1626 798 1698 Augustini
815 1626 879 1717 in
909 1627 1308 1717 heptateucum.
1345 1625 1528 1717 Sancti
1564 1623 1840 1717 Ambrosii
1891 1625 1962 1717 de
1992 1622 2100 1717 iide
2131 1657 2186 1717 Β
2207 1631 2431 1700 nedicti,
2467 1641 2520 1687 et
2550 1636 3003 1710 martyrologium
3043 1638 3204 1693 Beda
3245 1656 3260 1703 ;
3293 1622 3346 1692 et
3373 1637 3671 1708 ymnarius,
3706 1652 3817 1693 nec

509 1722 696 1770 contra
717 1714 970 1771 arrianos
998 1715 1169 1770 libros
1189 1717 1220 1769 3
1256 1713 1311 1768 in
1341 1714 1542 1770 volum.
1578 1717 1627 1767 1.
1661 1713 1682 1734 *
1702 1714 1834 1768 Item
1856 1713 2100 1782 ejusdem

508 1802 634 1858 libri
665 1806 695 1858 3
725 1803 944 1874 proprie
974 1803 1043 1858 de
1071 1802 1264 1874 spiritu
1282 1809 1484 1868 sancto,
1511 1809 1562 1857 et
1575 1817 1741 1855 unum
1761 1801 1828 1856 de
1850 1800 2100 1856 incarna-

503 1890 650 1946 tione
683 1891 915 1958 Domini,
948 1899 998 1946 et
1025 1891 1191 1945 alium
1207 1891 1274 1946 de
1296 1891 1456 1945 laude
1477 1897 1788 1946 sanctorum
1809 1889 1866 1944 in
1891 1890 2102 1944 volum-

508 1983 558 2034 1.
589 1980 609 2000 ⁶
639 1979 809 2034 Vitam
848 1980 1018 2037 sancti
1073 1979 1285 2034 Martini
1314 1979 1370 2034 in
1399 1978 1672 2036 volumine
1704 1994 1833 2034 uno.
1869 1978 1889 1998 *
1925 1978 2100 2032 Vitam

509 2070 820 2118 sanctorum
879 2063 1023 2120 Galli
1079 2072 1132 2118 et
1187 2061 1397 2118 Otmari
1442 2061 1498 2116 in
1546 2061 1752 2116 volum.
1796 2065 1819 2115 1
1857 2063 1874 2082 ¹
1919 2061 2099 2118 Vitam

509 2151 681 2207 sancti
737 2151 985 2208 Silvestri
1061 2151 1117 2206 in
1162 2151 1439 2207 volumine
1484 2166 1612 2205 uno.
1644 2151 1663 2171 *
1694 2149 1942 2205 Instituta
1997 2167 2098 2222 pa-

506 2246 686 2308 trum,
720 2256 854 2311 quas
918 2247 1230 2311 nuncupant
1269 2239 1408 2294 vitas
1461 2246 1675 2310 patrum
1723 2238 1984 2306 minores,
2042 2239 2098 2293 in

505 2327 708 2383 volum.
770 2331 820 2382 1.
850 2328 868 2350 ⁶
896 2331 964 2386 20
1012 2327 1146 2382 duas
1194 2326 1421 2384 omelias
1477 2327 1734 2400 Gregorii
1765 2344 1931 2398 super
1953 2329 2097 2384 Eze-

504 2415 734 2489 chielem
778 2417 1096 2489 prophetam
1160 2416 1217 2470 in
1272 2416 1472 2472 volum.
1535 2419 1585 2471 1.
1633 2416 1652 2436 ⁶
1699 2415 1970 2472 Ambrosii
2027 2416 2097 2472 de

504 2487 694 2560 ofﬁciis
749 2487 897 2561 libri‘
934 2509 965 2560 3
996 2505 1053 2560 in
1081 2505 1356 2562 volumine
1413 2520 1542 2560 uno.
1597 2505 1778 2560 Sancti
1808 2503 2096 2576 Augustini

503 2593 572 2649 de
601 2593 881 2666 magistro,
917 2601 970 2649 et
997 2594 1242 2664 ejusdem
1281 2593 1556 2664 epistolas.
1591 2594 1725 2648 Item
1753 2593 1822 2648 de
1851 2592 2024 2666 gratia
2044 2601 2097 2650 et

501 2681 676 2738 libero
729 2682 966 2738 arbitrio.
999 2683 1019 2703 '
1064 2683 1412 2739 Collectanea
1467 2681 1615 2737 Flori
1659 2682 1963 2754 presbyteri
2025 2683 2095 2736 de

503 2771 864 2827 voluminibus
895 2771 1069 2829 sancti
1099 2771 1388 2845 Augustini
1417 2771 1472 2825 in
1501 2771 1788 2842 epistolam
1830 2771 1980 2826 Pauli
2027 2771 2094 2826 ad

504 2861 779 2917 Romanos
815 2861 869 2915 in
895 2860 1097 2916 volum.
1136 2865 1186 2915 1.
1221 2861 1238 2880 ⁶
1261 2859 1445 2916 Sancti
1475 2859 1766 2932 Augustini
1789 2860 1855 2914 de
1871 2859 2095 2915 utilitate

503 2949 780 3017 credendi,
813 2957 868 3004 et
897 2949 1042 3005 bono
1069 2957 1297 3016 natura,
1329 2956 1382 3003 et
1431 2947 1656 3004 scoliam
1703 2947 1891 3020 Cyrilli
1923 2949 1991 3003 de
2019 2947 2096 3002 in-

503 3037 814 3094 carnatione
838 3037 1076 3106 Domini,
1109 3045 1158 3094 et
1204 3052 1408 3109 paucas
1437 3035 1786 3109 quastiones.
1829 3037 1848 3056 "
1881 3036 2096 3108 Polihy-

502 3133 705 3183 storem
753 3127 926 3184 Solini
979 3127 1035 3182 in
1066 3127 1270 3184 volum.
1327 3131 1353 3182 1
1383 3127 1402 3148 ⁶
1423 3125 1822 3182 Altercationes
1853 3125 2014 3182 Attici
2042 3132 2093 3180 et

499 3216 773 3273 Cretoboli
817 3217 886 3272 ad
931 3232 1158 3289 parvum
1198 3225 1410 3289 tempus
1445 3231 1554 3270 non
1581 3222 1798 3286 poterat
1834 3213 2088 3284 inveniri,

497 3321 597 3376 pro
619 3321 745 3378 qua,
790 3313 1080 3378 antequam
1135 3305 1489 3372 inveniretur,
1526 3303 1732 3374 scripta
1770 3310 1854 3358 est
1883 3302 2006 3370 alia,
2040 3309 2094 3358 et

499 3394 713 3450 additus
738 3403 822 3451 est
851 3395 902 3450 ei
929 3394 1066 3450 liber
1094 3395 1268 3451 sancti
1296 3393 1582 3466 Augustini
1611 3393 1682 3447 de
1711 3391 1816 3448 vita
1839 3391 2093 3447 Christia-

499 3499 572 3539 na
600 3491 654 3540 et
681 3485 956 3541 altercatio
985 3484 1250 3541 Ecclesia
1309 3491 1362 3539 et
1390 3483 1715 3556 Synagoga.
1751 3480 2093 3538 Collectanea

500 3573 647 3630 Flori
683 3574 740 3628 in
777 3573 1060 3646 epistolam
1110 3573 1181 3628 ad
1209 3571 1518 3628 Corinthios
1573 3571 1887 3639 secundam,
1923 3578 1976 3626 et
2021 3571 2094 3626 ad

498 3663 746 3720 Hebreos
783 3662 828 3718 ά.
851 3663 868 3684 ⁶
901 3663 1133 3719 Decreta
1159 3661 1472 3734 pontiﬁcum
1503 3662 1874 3717 Romanorum
1903 3659 1960 3715 in
1987 3675 2092 3716 vo-

499 3751 703 3806 lumine
756 3767 885 3806 uno.
929 3751 1191 3823 Regulam
1240 3750 1412 3807 sancti
1439 3749 1646 3818 Basilii,
1678 3757 1731 3805 et
1761 3757 2088 3805 ceterorum.

498 3838 652 3894 Alios
680 3854 894 3911 quoque
922 3838 1110 3906 libros,
1133 3839 1339 3911 proprii
1369 3853 1538 3894 causa
1564 3837 1818 3894 videlicet
1845 3854 1995 3907 usus,
2014 3839 2095 3907 jo-

500 3928 679 3986 cunda
705 3927 942 4000 patravit
987 3927 1281 3999 scriptura;
1317 3943 1454 4000 quos
1501 3925 1750 3982 similiter
1778 3933 1902 3998 post
1929 3925 2092 3982 ﬁnem

497 4017 709 4074 dierum
763 4033 987 4074 suorum
1043 4017 1210 4074 sancti
1259 4016 1404 4074 Galli
1442 4016 1663 4072 servitio
1707 4015 2093 4088 perpetualiter

496 4107 821 4165 contradidit
877 4107 1232 4175 retinendos;
1271 4107 1584 4178 imprecans
1641 4105 1801 4161 etiam
1856 4105 1933 4160 ilii
1981 4121 2090 4161 non

492 4213 674 4269 parva
705 4197 945 4253 dedecus
961 4195 1316 4266 confusionis,
1335 4195 1381 4250 si
1414 4195 1535 4267 quis
1565 4193 1976 4266 prasumpserit
1995 4195 2097 4250 ali-

497 4302 659 4360 quam
714 4293 924 4358 partem
990 4301 1178 4342 eorum
1217 4285 1287 4340 de
1331 4283 1668 4340 monasterio
1712 4283 1882 4340 sancti
1947 4281 2090 4338 Galli

565 4446 587 4473 α
607 4432 768 4484 Codex
791 4443 842 4482 n.
869 4429 989 4494 615,
1013 4443 1128 4481 sae.
1160 4429 1220 4480 13
1244 4427 1322 4479 his
1345 4427 1512 4479 addit:
1542 4429 1638 4478 Isle
1677 4428 1832 4480 etiam
1855 4428 2090 4480 Harlmo-

497 4505 576 4550 tus
600 4501 760 4551 velum
781 4493 1034 4561 optimum,
1059 4497 1190 4560 quod
1223 4496 1385 4546 adhuc
1427 4495 1575 4544 hodie
1618 4493 1670 4544 in
1713 4496 2090 4558 quadragesima

492 4570 603 4618 ante
624 4578 816 4617 crucem
831 4568 976 4616 extra
1007 4565 1207 4613 chorum
1247 4561 1566 4624 appendllur,
1588 4574 1683 4625 per
1706 4575 1878 4615 manus
1901 4563 2090 4614 sororis

492 4647 581 4687 sue
603 4633 792 4685 nomine
815 4631 1012 4684 Richlin
1034 4633 1217 4680 textum
1239 4627 1454 4678 donavit.

562 4725 590 4767 b
611 4726 826 4778 Iudicem
867 4723 1240 4786 subsequentem
1286 4721 1545 4783 Ratpertus
1593 4732 1654 4770 ex
1700 4719 1871 4786 eodem
1920 4685 2088 4772 codice

495 4805 547 4842 n.
573 4792 672 4843 267
695 4791 970 4854 descripsit,
997 4785 1178 4840 omisso
1216 4788 1376 4847 titulo,
1412 4788 1493 4850 qui
1518 4787 1589 4837 sic
1630 4785 1780 4854 habet
1806 4805 1818 4836 :
1847 4787 1948 4836 Hos
1973 4799 2088 4837 vero

493 4858 650 4908 libros
673 4859 802 4908 idem
826 4853 1107 4908 Harlmolus
1147 4860 1262 4917 post
1305 4853 1606 4904 Grimaldum
1645 4853 1772 4903 abba
1794 4855 2090 4904 constitutus

493 4925 584 4973 sub
611 4925 891 4974 Hludowico
913 4922 1200 4984 supradicto
1241 4933 1376 4984 rege,
1402 4925 1452 4970 el
1469 4921 1577 4983 ﬁlio
1600 4921 1710 4982 ejus
1735 4919 1911 4972 Karolo
1935 4921 2089 4984 impe-

493 4995 660 5041 ratore
685 4990 738 5040 in
761 4991 936 5040 diebus
957 4989 1207 5051 regiminis
1229 4988 1309 5037 sui
1331 4987 1452 5049 fecit
1473 4987 1733 5038 conscribi.

563 5077 585 5105 °
607 5073 769 5124 Ebore
791 5073 975 5126 addidit
1019 5085 1193 5124 manus
1238 5085 1419 5122 coava.
1470 5072 1690 5136 lnsignes
1737 5071 1786 5123 hi
1833 5071 1928 5122 duo
1975 5071 2086 5122 libri

495 5144 718 5261 terpipore
743 5139 1104 5194 reformationis
1129 5138 1598 5206 subdu«.ti.(Vadian
1620 5140 1682 5190 de
1703 5137 1947 5206 collegiis)
1972 5139 2086 5190 dein

495 5221 554 5274 pe
600 5220 704 5260 ere.

561 5319 586 5359 ά
612 5318 844 5384 Adjungit
865 5318 1080 5382 syllabus
1101 5321 1344 5372 librorum
1363 5321 1412 5372 in
1430 5334 1480 5372 n.
1501 5321 1601 5372 267
1624 5333 1637 5372 :
1661 5321 1801 5372 Nunc
1823 5324 1943 5371 mm
1958 5321 2088 5372 inter

493 5401 680 5440 manus.
709 5389 781 5439 Ex
804 5387 978 5451 quibus
1000 5387 1160 5439 verbis
1199 5389 1370 5452 liquet,
1413 5389 1654 5452 syllabum
1694 5388 1823 5439 hunc
1865 5388 2085 5453 Ratperti

497 5467 693 5508 casuum
718 5455 843 5508 libro
867 5466 975 5506 esse
998 5455 1332 5508 vetustiorem.

2205 1736 2313 1774 non
2344 1729 2394 1776 et
2425 1722 2636 1778 omelia
2684 1724 2908 1780 Casarii
2951 1725 3007 1780 in
3043 1725 3245 1782 volum.
3294 1729 3343 1780 1.
3366 1727 3384 1746 ‘
3413 1725 3812 1796 Etbimologia-

2200 1824 2321 1862 rum
2353 1808 2548 1864 Isidori
2569 1811 2772 1866 velum.
2806 1817 2860 1870 2.
2893 1813 3238 1870 Medicinalis
3267 1813 3408 1868 liber
3426 1830 3584 1869 unus.
3610 1813 3814 1870 Glossa

2200 1895 2255 1951 in
2287 1897 2548 1968 epistolas
2587 1901 2755 1956 Pauli.
2788 1903 2963 1973 Super
3013 1903 3276 1959 lectiones
3309 1901 3510 1958 volum.
3541 1906 3595 1960 2.
3629 1903 3814 1974 Super

2199 1986 2485 2057 evangelia
2513 1987 2715 2044 volum.
2746 1993 2806 2046 2.
2839 1991 2859 2011 ⁶
2889 1991 3156 2046 Volumen
3201 1990 3400 2047 Orosii.
3449 1989 3699 2045 Martiani
3737 1991 3811 2046 de

2198 2073 2397 2145 nuptiis
2426 2076 2675 2132 Mercurii
2704 2085 2757 2132 et
2785 2078 3102 2151 philologia
3133 2078 3259 2133 libri
3300 2083 3355 2136 2.
3389 2079 3523 2134 Item
3548 2078 3621 2132 de
3665 2079 3700 2132 7
3730 2079 3808 2134 li-

2197 2162 2470 2217 beralibus
2502 2164 2710 2220 artibus
2739 2165 2862 2220 libri
2891 2169 2944 2233 7,
2976 2167 3186 2222 Boethii
3222 2169 3255 2221 5
3303 2166 3422 2220 libri
3460 2166 3809 2237 philosophi-

2198 2267 2278 2308 ca
2325 2252 2710 2308 consolationis
2740 2255 2794 2308 in
2837 2255 3036 2310 volum.
3093 2258 3144 2310 1.
3188 2256 3324 2310 Item
3353 2254 3444 2309 alii
3475 2257 3507 2309 5
3538 2253 3594 2309 in
3630 2254 3807 2310 altero

2196 2339 2490 2396 volumine.
2559 2342 2706 2397 Inter
2746 2343 2848 2396 hos
2889 2343 3049 2398 etiam
3101 2359 3268 2398 unam
3320 2357 3573 2414 mappam
3615 2343 3811 2400 mundi

2196 2428 2378 2483 subtili
2408 2445 2575 2500 opere
2603 2430 2860 2502 patravit,
2887 2447 3048 2503 quam
3075 2431 3216 2487 inter
3241 2431 3342 2486 hos
3383 2446 3602 2503 quoque
3631 2430 3808 2487 libros

2189 2517 2596 2573 connumeravit
2615 2526 2663 2574 ε.

2265 2623 2392 2678 Post
2448 2623 2652 2678 obitum
2725 2639 2858 2680 vero
2905 2624 3206 2682 Hludowici
3253 2625 3486 2698 piissimi
3545 2625 3694 2698 regis
3741 2626 3802 2681 in

2191 2718 2404 2782 partem
2451 2712 2651 2778 Caroli,
2698 2711 2794 2767 filii
2829 2713 2964 2783 ejus,
3014 2721 3202 2770 nostro
3232 2715 3562 2770 monasterio
3588 2714 3806 2786 pertin-

2193 2807 2357 2872 gente
2396 2817 2520 2858 cum
2549 2809 2729 2857 cetero
2758 2818 2954 2875 regno,
2997 2819 3188 2858 omnes
3219 2802 3572 2858 immunitatis
3616 2812 3802 2860 cartas

2193 2904 2226 2943 a
2263 2896 2419 2960 patre
2467 2889 2581 2960 ejus
2623 2889 2944 2946 Hludowico
2987 2890 3144 2946 nobis
3174 2891 3529 2958 condonatas,
3575 2892 3644 2946 ab
3674 2891 3800 2963 ipso

2125 3010 2174 3074 Ο
2191 2977 2612 3034 clementissimo
2639 2977 2750 3034 tilio
2771 2979 2889 3048 ejus
2933 2979 3131 3035 Carolo
3177 2981 3493 3035 Hartmotus
3529 2979 3674 3036 abba
3693 2996 3802 3036 no-

2194 3066 2278 3120 bis
2335 3067 2581 3123 renovari
2624 3065 2766 3136 fecit,
2819 3075 2982 3141 atque
3044 3067 3188 3126 illius
3235 3068 3550 3126 auctoritate
3605 3069 3800 3126 iterato

2194 3155 2464 3212 conscribi
2481 3155 2527 3212 ιι.

2262 3271 2454 3342 Neque
2495 3271 2599 3327 hoc
2642 3270 2856 3326 silentio
2905 3272 3342 3343 pratereundum
3385 3279 3488 3340 est,
3532 3280 3801 3346 quantum

2192 3359 2262 3414 de
2295 3358 2577 3430 regalibus
2622 3359 3005 3416 donationibus
3035 3361 3104 3416 ad
3134 3369 3381 3417 nostrum
3411 3363 3801 3418 monasterium

2193 3447 2384 3504 fuisset
2411 3447 2504 3504 illo
2541 3456 2792 3520 tempore
2837 3465 3178 3506 concessum.
3211 3449 3460 3523 Denique
3494 3449 3509 3486 ί
3538 3451 3798 3522 prafatus

2191 3535 2451 3609 piissimae
2479 3537 2759 3594 memoria
2787 3555 2883 3594 rex
2912 3539 3284 3607 Hludowicus,
3332 3540 3552 3596 vivente
3598 3540 3794 3596 abbate

2193 3625 2496 3694 Grimaldo,
2545 3627 2722 3683 locum
2766 3627 2860 3700 qui
2905 3627 3104 3684 dicitur
3125 3627 3463 3702 Mecchinga,
3498 3627 3571 3684 ad
3599 3643 3796 3684 mona-

2192 3715 2417 3770 sterium
2465 3715 2636 3772 sancti
2684 3715 2827 3771 Galli
2871 3723 3088 3772 aeterna
3135 3731 3293 3773 causa
3341 3715 3793 3775 remunerationis

2193 3803 2348 3878 regia
2377 3804 2698 3861 auctoritate
2729 3797 3102 3861 contradiditi.

2263 3929 2392 3984 Post
2427 3929 2581 3998 cujus
2635 3928 2864 3995 obitum,
2910 3927 3194 3986 Grimaldo
3253 3945 3471 4002 quoque
3517 3929 3792 3998 defuncto,

2193 4016 2414 4072 Carolus
2473 4017 2927 4073 clementissimus
2974 4035 3092 4084 rex,
3142 4016 3284 4072 illius
3324 4017 3462 4086 ejus,
3507 4019 3790 4074 Hartmoto

2191 4105 2562 4162 intercedente
2591 4106 2861 4178 quandam
2889 4105 3295 4178 possessionem
3317 4106 3484 4178 regia
3504 4107 3791 4178 potestatis

2190 4196 2247 4250 in
2273 4211 2418 4268 pago
2445 4195 2798 4268 Turgoiense,
2849 4195 3008 4250 sitam
3051 4195 3108 4250 in
3155 4195 3277 4251 loco
3333 4194 3429 4267 qui
3455 4194 3657 4251 dicitur
3685 4196 3791 4252 Ro—

2193 4279 2524 4350 holvesriuti,
2561 4287 2748 4336 sancto
2778 4280 2937 4336 Gallo
2957 4280 3014 4334 in
3040 4288 3359 4352 perpetuam
3386 4279 3792 4352 possessionem

2260 4442 2283 4470 °
2306 4436 2484 4487 Earum
2508 4435 2680 4498 aliqua
2701 4435 2772 4486 sic
2795 4436 2973 4486 sonant
3003 4449 3017 4484 :
3048 4433 3250 4496 Auferet
3281 4436 3327 4482 si
3369 4433 3504 4496 quis,
3531 4434 3788 4484 damur

2188 4498 2324 4553 mille
2367 4503 2601 4564 ﬂagellis,
2631 4502 2916 4564 judicioque
2957 4501 3047 4552 Dei
3082 4501 3365 4557 succumbat
3405 4513 3610 4562 corpore
3636 4500 3782 4562 pesti.

2187 4567 2304 4620 Cod.
2331 4581 2382 4620 n.
2417 4569 2495 4619 19.
2521 4571 2590 4619 Et
2629 4569 2673 4618 si
2717 4569 2828 4631 quis
2862 4573 2916 4620 et
2956 4569 3045 4620 hos
3084 4568 3288 4630 πωπω-ι,
3329 4579 3488 4630 gyppo
3527 4567 3788 4631 scabicque

2189 4637 2452 4688 redundet.
2487 4635 2604 4687 Cod.
2632 4635 2716 4688 46.

2256 4734 2274 4772 ί
2293 4739 2456 4790 Codex
2479 4751 2726 4804 perrarus.

2255 4850 2281 4888 κ
2304 4841 2438 4893 Libri
2464 4841 2515 4892 hi
2541 4841 2692 4892 etiam
2713 4838 2936 4904 catalogo
2959 4839 3267 4891 bibliotheca
3292 4838 3510 4904 inscripti
3535 4838 3776 4902 leguntur,

2187 4912 2268 4973 qui
2294 4909 2342 4958 in
2365 4908 2512 4973 duplo
2535 4920 2663 4959 nono
2689 4907 2871 4958 saeculo
2895 4907 3146 4958 confectus
3169 4911 3351 4958 exstat.

2252 5023 2279 5060 ιι
2307 5021 2480 5071 Datum
2505 5021 2698 5070 esthoc
2721 5018 2932 5082 diploma
2956 5029 3084 5068 anno
3102 5019 3224 5081 877,
3251 5019 3313 5068 t5
3337 5017 3446 5068 Kal.
3465 5019 3624 5082 Sept.,
3650 5027 3774 5067 anno

2187 5088 2350 5140 Κειτοιὶ
2376 5088 2536 5150 primo
2562 5086 2699 5150 regni
2724 5085 2876 5150 illius,
2899 5084 3068 5136 iudict.
3102 5085 3181 5148 10,
3202 5085 3310 5136 sine
3333 5085 3459 5136 loco.

2254 5197 2267 5236 ί
2293 5202 2386 5251 Pro
2409 5199 2606 5251 etenim.

2248 5342 2265 5389 j
2291 5323 2466 5389 Datum
2489 5319 2851 5389 Franconot‘urt
2890 5318 3029 5389 regio
3055 5319 3252 5389 palatio
3275 5320 3404 5389 Non,
3427 5318 3538 5389 Det.
3565 5327 3690 5389 anno
3711 5313 3776 5389 ἓξ)

2185 5382 2343 5452 regni,
2370 5389 2542 5440 lndict.
2595 5389 2674 5439 10.
2724 5385 2862 5438 Villa
2909 5386 3197 5454 Mcchingcn
3243 5389 3292 5439 et
3316 5385 3575 5448 Guttingen
3603 5382 3777 5450 palatio

2187 5458 2389 5514 Potamo
2411 5456 2586 5507 vicina
2609 5459 2744 5506 sunt.
