4086 6294
266 333 289 383 1
302 329 408 383 077

1193 326 1287 381 DE
1331 324 1619 382 CASIBUS
1648 319 2082 378 MONASTERII
2113 322 2168 377 S.
2212 322 2438 378 GALLI.

3429 322 3564 376 1078

266 451 612 518 condonavit,
665 451 810 523 quod
840 458 892 506 et
920 451 1167 522 protinus
1194 467 1308 506 suae
1355 449 1693 506 auctoritatis
1723 464 1859 504 con—
1889 447 1945 506 A
1966 447 2036 501 ad
2065 446 2460 518 supportandos
2487 445 2668 501 varios
2712 460 2892 513 casus,
2927 444 3015 515 qui
3045 458 3189 500 nunc
3220 443 3383 499 etiam
3411 444 3565 516 prio-

268 540 560 611 scriptione
591 539 825 595 firmavit
854 549 898 594 ³.

339 628 627 696 Quendam
651 629 810 683 etiam
839 636 1078 684 montem
1101 627 1262 682 situm
1291 628 1346 682 in
1377 629 1562 682 Hretia
1583 626 1866 692 Curiense,

261 717 320 771 in
350 732 457 787 quo
506 725 820 772 constructa
850 725 932 771 est
976 717 1200 774 basilica
1231 716 1401 772 sancti
1432 715 1665 770 Victoris
1716 730 1868 769 mar-

262 805 418 876 tyris,
453 805 606 874 cujus
637 814 688 860 et
718 806 936 860 nomine
965 814 1194 862 vocatur
1223 805 1369 860 idem
1401 803 1554 860 locus
1584 805 1740 858 Mons
1773 803 1869 857 Vi-

267 893 455 959 ctoris,
506 894 625 964 ipso
671 901 913 965 tempore
959 895 1026 949 ad
1073 893 1462 950 monasterium
1509 893 1682 948 sancti
1727 891 1870 946 Galli

266 982 614 1047 contradidit,
664 982 1040 1054 firmitatisque
1091 989 1300 1038 cartam
1350 982 1505 1054 regia
1554 980 1870 1035 auctoritate

267 1069 462 1124 exinde
518 1069 636 1124 ﬁeri
680 1071 842 1138 jussit
884 1076 927 1139 b,
971 1079 1202 1143 rogante
1244 1069 1482 1125 Eusebio
1533 1069 1866 1140 Scottigena,

267 1157 361 1228 qui
389 1157 592 1212 ibidem
623 1174 724 1228 per
752 1161 820 1212 30
852 1174 1026 1214 annos
1060 1166 1356 1229 spontanee
1389 1158 1610 1212 clausus
1638 1157 1870 1211 Domino

267 1245 580 1312 serviebat;
613 1262 756 1301 anno
806 1263 934 1302 vero
964 1246 1348 1302 incarnationis
1400 1245 1696 1300 Dominicze
1745 1246 1867 1313 884,

266 1335 446 1404 pridie
478 1334 702 1389 Kalend.
747 1335 1029 1390 Februarii
1060 1335 1127 1390 de
1161 1335 1262 1390 hac
1293 1335 1413 1389 luce
1443 1333 1512 1388 ad
1538 1333 1712 1389 lucem
1761 1332 1870 1386 mi-

266 1422 448 1494 gravit
479 1439 781 1493 perennem
808 1432 850 1478 ο.

340 1512 631 1583 Postquam
675 1527 806 1566 vero
859 1511 1005 1566 idem
1053 1511 1282 1566 Carolus
1332 1510 1539 1565 Italiam
1587 1511 1871 1582 ingressus

265 1598 494 1669 pacifice
541 1615 660 1654 eam
690 1616 789 1654 suo
839 1600 1147 1671 subjugavit
1196 1599 1445 1670 imperio,
1499 1599 1661 1652 alium
1709 1598 1871 1653 etiam

263 1686 447 1742 locum
476 1686 532 1741 in
551 1703 692 1758 pago
715 1704 880 1758 supra
908 1687 1054 1743 dicto
1077 1688 1322 1742 similiter
1344 1687 1510 1760 regia:
1532 1686 1871 1742 auctoritatis

268 1775 508 1830 dominio
541 1777 861 1846 caedentem,
886 1777 1104 1831 nomine
1126 1776 1444 1842 Stamheim,
1474 1792 1598 1830 cum
1619 1775 1870 1829 omnibus

269 1863 342 1917 ad
371 1862 520 1917 illum
562 1864 961 1934 pertinentibus
1009 1873 1194 1920 sancto
1245 1866 1469 1919 Otmaro
1519 1863 1871 1934 imperatoria

268 1952 598 2007 contradidit
628 1961 912 2023 potestate,
964 1953 1233 2024 hujusque
1286 1952 1594 2006 donationis
1643 1950 1873 2005 firmita-

268 2047 378 2095 tem
407 2040 704 2111 imperialis
735 2041 924 2111 scripti
963 2049 1236 2112 praecepto
1268 2040 1578 2095 firmissime
1609 2040 1872 2096 corrobo—

268 2128 407 2183 ravit
429 2127 473 2183 ἀ.
509 2130 617 2184 Sed
647 2137 698 2184 et
728 2129 893 2196 illius,
928 2145 1092 2201 quam
1115 2146 1280 2200 supra
1311 2129 1751 2198 memoravimus,
1784 2130 1876 2183 do-

267 2217 504 2271 nationis
546 2217 948 2288 imperatoriam
981 2219 1161 2272 denuo
1203 2219 1364 2287 jussit
1413 2217 1580 2272 scribi
1627 2233 1874 2273 comme-

267 2305 651 2372 morationem,
686 2307 832 2377 quod
859 2306 1056 2361 factum
1091 2313 1192 2371 est,
1225 2313 1281 2359 ut
1313 2306 1596 2376 imperavit
1618 2315 1656 2359 ε.

340 2394 626 2464 Postquam
673 2402 856 2448 autem
891 2394 1037 2449 idem
1079 2393 1397 2448 mitissimus
1428 2393 1720 2464 imperator
1763 2393 1872 2447 Ca-

267 2481 420 2537 rolus
447 2483 698 2537 omnibus
727 2482 895 2538 Italiae
929 2482 1344 2553 Germaniaeque
1363 2482 1581 2553 populis
1613 2481 1873 2536 suavissi-

266 2586 356 2624 mo
387 2570 574 2625 ordine
604 2569 908 2641 imperavit,
942 2578 1172 2643 rogante
1214 2572 1494 2625 Hartmoto
1525 2578 1577 2625 et
1611 2569 1872 2625 eiiiciente

268 2658 578 2714 Liutwardo
610 2659 867 2729 episc0po
908 2667 1069 2730 atque
1116 2659 1594 2714 archicancellario
1640 2659 1872 2729 impera-

263 2747 421 2813 toris,
455 2748 726 2818 quandam
777 2748 1105 2803 abbatiolam
1136 2749 1190 2802 in
1219 2748 1370 2802 Italia
1403 2748 1585 2813 sitam,
1633 2748 1873 2802 olearum

265 2843 320 2892 et
348 2836 623 2891 vinearum
671 2837 928 2903 feracem,
983 2853 1144 2908 quam
1175 2845 1304 2897 tunc
1334 2836 1480 2891 idem
1530 2836 1872 2891 Liutwardus

267 2924 326 2978 in
353 2924 618 2980 beneﬁcio
649 2925 899 2988 habebat,
935 2925 1021 2981 cui
1049 2941 1249 2980 nomen
1279 2933 1358 2979 est
1392 2925 1618 2991 Massin,
1653 2925 1719 2978 ad
1749 2941 1872 2980 mo-

267 3012 569 3068 nasterium
617 3014 789 3069 sancti
821 3013 962 3068 Galli
993 3013 1338 3084 imperatoria
1385 3013 1706 3069 auctoritate
1737 3029 1872 3068 con-

268 3101 537 3166 tradidit;
597 3117 662 3156 eo
719 3118 935 3174 quoque
991 3111 1170 3173 pacto,
1234 3110 1288 3157 ut
1333 3102 1478 3157 idem
1535 3102 1872 3157 Liutwardus

269 3197 515 3260 tempore
544 3190 666 3245 vitae
715 3207 828 3246 sum
859 3191 956 3246 sub
998 3190 1394 3246 usufructuario
1423 3190 1571 3260 ipsas
1618 3207 1708 3244 res
1736 3206 1870 3260 pos-

265 3278 488 3344 sideret,
538 3294 870 3351 censumque
899 3280 968 3334 de
1017 3279 1136 3350 ipso
1191 3279 1333 3346 loco,
1382 3278 1521 3334 sicut
1567 3279 1684 3350 ipse
1734 3295 1869 3334 con-

265 3365 418 3430 dixit,
481 3366 709 3438 singulis
769 3367 926 3422 annis
983 3368 1048 3421 ad
1104 3367 1494 3422 monasterium
1551 3367 1868 3438 praedictum

264 3455 624 3526 persolveret,
673 3457 774 3510 hoc
803 3464 884 3510 est
913 3455 1000 3512 vel
1026 3460 1056 3509 6
1087 3455 1346 3528 laguenas
1396 3456 1464 3511 de
1489 3455 1632 3522 oleo,
1684 3456 1772 3511 vel
1803 3460 1869 3510 60

271 3543 476 3598 solidos
499 3545 566 3600 de
597 3551 824 3616 argento
849 3562 861 3610 ;
886 3552 1010 3615 post
1033 3545 1240 3600 obitum
1270 3559 1398 3599 vero
1418 3543 1709 3599 Liutwardi
1738 3545 1871 3615 ipsa:

272 3646 362 3686 res
410 3631 524 3686 sine
568 3631 730 3686 ullius
778 3631 1202 3687 contradictione
1249 3631 1634 3702 perpetualiter
1670 3632 1740 3686 ad
1779 3632 1870 3700 jus

268 3719 606 3790 pertinerent
634 3721 970 3776 monasterii.
1006 3721 1170 3789 Cujus
1202 3721 1281 3775 rei
1313 3727 1458 3776 carta
1490 3720 1741 3790 protinus
1769 3719 1870 3773 fir-

269 3807 511 3863 missime
529 3824 625 3863 sua
640 3809 951 3865 auctoritate
969 3817 1051 3864 est
1068 3809 1265 3880 scripta
1282 3817 1444 3881 atque
1457 3808 1688 3875 firmata,
1710 3817 1869 3880 atque

270 3895 392 3967 ipso
419 3896 743 3968 imperatore
765 3899 1013 3968 jubente,
1048 3914 1212 3969 super
1241 3898 1490 3953 altarium
1528 3898 1702 3954 sancti
1732 3898 1871 3953 Galli

273 3993 355 4040 est
381 3985 578 4056 posita,
610 3987 704 4040 ubi
723 3988 884 4042 hodie
915 3988 1032 4042 Deo
1052 3988 1265 4043 volente
1286 4004 1407 4042 cum
1428 4003 1566 4058 pace
1596 3994 1808 4042 tenetur
1829 3987 1866 4040 ί.

344 4074 512 4146 Igitur
568 4075 896 4130 venerabilis
965 4075 1137 4130 abbas
1193 4077 1499 4130 Hartmotus
1570 4084 1694 4145 post
1748 4082 1870 4130 tan-

269 4171 468 4230 torum,
515 4171 573 4217 ut
627 4179 795 4234 supra
855 4163 1422 4230 commemoravimus,
1485 4163 1870 4233 perfectionem

273 4251 521 4306 laborum
550 4251 774 4324 cupiens
803 4253 965 4308 etiam
1009 4252 1172 4308 finem
1200 4269 1312 4308 suae
1343 4251 1662 4307 clarissimae
1691 4251 1870 4306 admi-

269 4339 603 4396 nistrationis
653 4341 898 4412 aspicere
954 4341 1191 4413 propriis
1249 4340 1438 4410 oculis,
1491 4341 1603 4410 jam
1657 4356 1870 4412 quoque

271 4437 432 4486 aetate
461 4429 705 4501 requiem
733 4438 1012 4501 poscente,
1034 4430 1196 4501 coepit
1224 4429 1414 4484 sedulo
1445 4430 1515 4484 ab
1542 4429 1871 4500 imperatore

1969 535 2120 589 ribus
2149 535 2442 606 ampliores
2492 533 2760 589 variantur
2789 534 2844 586 in
2872 533 3093 588 mundo.
3127 533 3289 601 Cujus
3321 533 3403 588 rei
3429 547 3566 588 con-

1970 640 2189 678 sensum
2223 640 2400 694 neque
2444 623 2586 693 apud
2615 623 3019 692 imperatorem,
3066 638 3242 692 neque
3272 622 3415 692 apud
3443 637 3566 677 mo-

1969 714 2174 767 nachos
2207 711 2360 767 facile
2408 711 2581 781 potuit
2626 710 2893 765 invenire.
2948 710 3056 764 Sed
3085 726 3206 766 cum
3253 710 3342 764 ille
3371 710 3566 764 diutis-

1971 801 2105 855 sime
2138 809 2190 855 et
2220 800 2536 855 omnimodo
2565 800 2620 852 in
2645 799 2747 854 hac
2785 797 3099 868 persisteret
3126 798 3402 868 petitione,
3434 806 3568 853 aeta-

1969 889 2038 942 tis
2054 906 2181 944 suae
2202 889 2385 959 sepius
2413 888 2686 943 causando
2709 887 3088 959 gravedinem,
3120 886 3337 941 tandem
3357 886 3567 965 diﬂicil-

1969 977 2096 1031 lime
2173 977 2493 1048 adquisitam
2554 976 2711 1030 istius
2787 975 3064 1046 petitionis
3120 975 3186 1029 ab
3241 975 3568 1045 imperatore

1972 1066 2210 1136 suscepit
2237 1064 2678 1135 promissionem.
2714 1064 2949 1118 Proinde
2979 1063 3134 1118 laetus
3163 1063 3326 1134 ctepit
3357 1063 3426 1118 ad
3455 1065 3570 1118 haec

1970 1154 2092 1224 ipsa
2123 1153 2340 1225 negotia
2370 1169 2678 1224 congruens
2708 1152 2985 1222 inquirere
3017 1160 3246 1222 tempus.
3279 1152 3570 1233 Aliquanto

1971 1257 2103 1296 vero
2134 1249 2438 1312 temporum
2470 1248 2777 1295 transeunte
2829 1240 3118 1307 curriculo,
3155 1240 3381 1312 contigit
3409 1241 3569 1295 dom—

1971 1346 2100 1383 num
2130 1329 2519 1400 imperatorem
2556 1330 2624 1384 de
2657 1329 2808 1383 Italia
2839 1328 3155 1383 redeuntem
3205 1337 3452 1383 nostrum
3481 1329 3568 1384 in-

1971 1425 2116 1473 trare
2146 1419 2533 1474 monasterium
2559 1437 2573 1483 ;
2606 1418 2699 1471 ubi
2731 1434 2853 1472 cum
2883 1417 3121 1472 maxima
3151 1417 3369 1471 laudum
3397 1419 3570 1474 hono-

1971 1507 2235 1563 rificentia
2267 1515 2691 1577 cunctorumque
2714 1522 2820 1562 non
2851 1522 3020 1576 parva
3041 1505 3218 1561 laetitia
3245 1505 3436 1561 fuisset
3457 1523 3571 1562 sus-

1973 1602 2158 1665 ceptus
2189 1603 2237 1660 ετ,
2281 1595 2398 1666 ipse
2419 1595 2580 1650 etiam
2610 1595 2764 1649 laetus
2795 1594 2971 1648 triduo
3001 1594 3202 1649 ibidem
3248 1595 3565 1665 permansit.

1970 1684 2119 1737 Tunc
2147 1699 2279 1737 vero
2311 1682 2641 1737 venerabilis
2671 1682 2841 1736 abbas
2889 1683 3195 1736 Hartmotus
3243 1690 3570 1752 oportunum

1899 1799 1953 1859 B
1975 1779 2189 1841 tempus
2221 1787 2333 1826 sum
2353 1771 2616 1826 voluntati
2645 1787 2930 1826 occurrere
2950 1770 3200 1838 credens,
3224 1770 3571 1841 imperatoris

1975 1859 2338 1928 clementiam,
2375 1867 2432 1914 ut
2467 1876 2577 1914 suae
2606 1858 2986 1930 promissionis
3034 1874 3245 1914 memor
3290 1860 3564 1931 existeret,

1975 1948 2372 2002 studiosissime
2421 1948 2582 2019 coepit
2614 1947 2877 2018 ﬂagitare.
2929 1948 3211 2003 Piissimus
3253 1965 3384 2004 vero
3415 1950 3567 2020 prin-

1975 2053 2106 2108 ceps
2162 2037 2358 2091 nullius
2401 2037 2677 2107 preteritze
2720 2037 3004 2092 immemor
3054 2037 3139 2092 vel
3188 2038 3438 2093 dictionis
3483 2039 3571 2094 vel

1973 2125 2376 2196 promissionis,
2411 2125 2600 2180 volens
2631 2133 2683 2180 et
2713 2125 2924 2180 abbatis
2951 2124 3194 2196 petitioni
3222 2141 3484 2195 annuere,
3518 2135 3572 2183 et

1973 2213 2257 2269 monachis
2289 2213 2342 2267 in
2375 2214 2626 2268 omnibus
2657 2213 2990 2279 satisfacere,
3043 2214 3258 2269 illorum
3303 2215 3573 2272 concessit

1973 2302 2219 2368 arbitrio,
2254 2310 2309 2356 ut
2341 2319 2501 2374 quem
2544 2301 2761 2368 vellent,
2797 2303 2865 2356 de
2896 2302 3008 2356 suis
3034 2303 3287 2358 abbatem
3334 2304 3437 2358 sibi
3467 2305 3570 2360 eli-

1973 2399 2186 2462 gerent,
2223 2392 2507 2446 Hartmoto
2537 2390 2787 2445 videlicet
2831 2405 3224 2446 successorem.
3259 2391 3392 2460 Quae
3420 2409 3505 2448 res
3536 2409 3570 2449 θ.

1973 2478 2230 2532 fratribus
2285 2479 2459 2532 audita
2515 2478 2760 2534 maximae
2830 2478 3059 2534 tristitiae
3116 2488 3168 2534 et
3224 2479 3569 2538 lacrimarum

1971 2566 2282 2638 pariterque
2311 2566 2630 2622 intermixta:
2655 2566 2850 2621 laetitia
2881 2567 3228 2622 seminarium
3255 2569 3520 2625 existebat
3551 2589 3565 2627 :

1974 2655 2218 2725 tristitia,
2270 2655 2398 2726 quia
2426 2672 2456 2708 a
2482 2655 2612 2709 tanti
2639 2655 2811 2726 patris
2853 2655 3113 2726 dominio,
3164 2657 3284 2727 ipso
3330 2658 3565 2730 vivente,

1974 2761 2033 2797 se
2064 2744 2378 2799 abstrahere
2399 2744 2724 2799 cordetenus
2747 2752 3134 2800 recusaverunt
3158 2764 3172 2812 ;
3203 2745 3385 2802 laetitia
3413 2765 3566 2817 vero,

1975 2831 2100 2904 quia
2127 2831 2270 2886 idem
2305 2832 2763 2888 clementissimus
2783 2833 3092 2904 imperator,
3127 2849 3252 2890 cum
3281 2851 3397 2890 rem
3427 2835 3568 2892 finiri

1973 2921 2272 2976 necessitas
2321 2923 2614 2993 exegisset,
2646 2939 2756 2977 non
2787 2940 2886 2993 per
2915 2939 3043 2978 suos
3085 2925 3302 2980 nuntios
3347 2925 3568 2998 absens,

1975 3010 2071 3064 sed
2101 3026 2202 3080 per
2231 3009 2470 3080 seipsum
2519 3017 2732 3065 nostras
2778 3027 2971 3067 causas
3016 3011 3203 3066 maluit
3245 3012 3569 3074 confirmare

1973 3105 2134 3168 atque
2165 3105 2403 3152 statuere
2434 3115 2699 3169 praesens.

1905 3154 1953 3216 ί]
2044 3187 2177 3240 Cum
2206 3186 2371 3258 igitur
2387 3188 2520 3254 haec,
2556 3195 2610 3241 ut
2642 3187 2894 3259 diximus,
2922 3191 3238 3260 necessitas,
3269 3190 3377 3250 imo
3405 3194 3566 3250 etiam

1970 3274 2293 3344 dignissima
2329 3275 2545 3342 utilitas,
2580 3293 2697 3331 rem
2729 3273 2872 3331 finiri
2903 3279 3198 3352 exigerent,
3245 3299 3436 3338 omnes
3465 3301 3566 3355 pa-

1969 3363 2103 3418 riter
2150 3380 2309 3420 senes
2340 3372 2393 3419 et
2431 3365 2660 3434 juvenes
2691 3379 2724 3419 a
2754 3366 2932 3436 primo
2981 3385 3152 3439 usque
3182 3371 3252 3425 ad
3297 3371 3562 3443 ultimum,

1969 3452 2201 3508 Domino
2231 3454 2482 3520 donante,
2535 3453 2809 3510 communi
2853 3456 3081 3512 consilio
3110 3467 3270 3530 atque
3297 3477 3403 3516 una
3433 3478 3566 3518 voce

1969 3541 2304 3596 Bernardum
2336 3541 2437 3595 sibi
2468 3542 2751 3612 elegerunt
2780 3543 3051 3612 abbatem,
3085 3547 3261 3602 virum
3291 3549 3568 3606 nobilitate

1970 3637 2023 3682 et
2045 3631 2324 3698 juventute
2358 3630 2716 3700 praeclarum;
2751 3632 2904 3700 cujus
2952 3633 3216 3705 sapientia
3247 3645 3299 3692 et
3326 3639 3568 3694 moribus

1969 3725 2131 3789 atque
2160 3718 2490 3790 benignitate
2519 3726 2568 3773 et
2600 3720 2755 3792 regia
2783 3722 3002 3776 servitia
3030 3725 3240 3797 peragi,
3274 3733 3326 3781 et
3356 3740 3416 3782 se
3447 3745 3569 3783 cum

1970 3806 2220 3860 omnibus
2264 3807 2376 3862 suis
2423 3806 2687 3863 fidissime
2732 3811 2944 3882 protegi
2992 3811 3357 3870 confidebant.
3409 3817 3572 3886 Cujus

1970 3894 2048 3949 rei
2102 3895 2286 3950 notitia
2343 3911 2465 3952 cum
2520 3897 2588 3950 ad
2651 3897 3034 3969 imperatorem
3089 3900 3280 3957 fuisset
3337 3904 3566 3975 perlata,

1969 3984 2214 4054 protinus
2262 3984 2378 4054 ipse
2409 3985 2698 4039 conventui
2743 4003 2933 4042 eorum
2980 3989 3238 4060 dignatus
3265 4001 3347 4046 est
3395 3993 3569 4048 inter-

1971 4087 2111 4141 esse,
2171 4071 2356 4142 ibique
2426 4071 2673 4142 inprimis
2747 4074 3109 4147 Hartmotum,
3170 4086 3228 4133 ut
3284 4080 3571 4151 sepissime

1969 4159 2356 4230 postulaverat,
2391 4160 2777 4216 honorabiliter
2824 4171 2985 4236 atque
3030 4180 3153 4221 cum
3198 4183 3397 4240 magna
3442 4187 3569 4243 gra-

1970 4247 2166 4303 tiarum
2196 4248 2410 4304 actione
2438 4265 2471 4303 a
2501 4250 2740 4320 pondere
2789 4259 3058 4307 tantorum
3085 4254 3321 4310 liberum
3351 4257 3569 4313 donavit

1971 4352 2095 4392 esse
2125 4337 2396 4404 laborum,
2432 4338 2529 4392 sed
2560 4355 2669 4394 non
2700 4340 2940 4395 destituit
2969 4359 3000 4396 a
3021 4345 3338 4416 magisterio
3368 4346 3571 4402 ibidem

1970 4425 2306 4498 degentium.
2358 4428 2550 4482 Postea
2577 4444 2710 4484 vero
2755 4430 3005 4486 omnibus
3052 4433 3419 4489 Bernhardum
3468 4435 3571 4490 sibi

271 4517 590 4589 deposcere,
625 4527 681 4574 et
709 4534 832 4574 cum
864 4518 1123 4573 fratribus
1155 4534 1417 4590 quarere,
1454 4525 1721 4588 quatenus
1752 4517 1870 4588 ipse
1898 4512 1950 4572 D
1974 4514 2221 4569 abbatem
2249 4515 2620 4585 poscentibus,
2663 4517 2844 4572 statim
2874 4519 2929 4573 in
2957 4522 3214 4591 praesenti
3245 4523 3567 4595 benignissi-

269 4607 339 4660 ab
368 4607 452 4660 his
493 4607 769 4662 laboribus
815 4607 1156 4675 liberaretur,
1193 4614 1246 4662 et
1276 4606 1415 4661 alius
1444 4605 1498 4660 in
1528 4606 1643 4675 ejus
1691 4607 1872 4662 locum

272 4694 686 4766 subrogaretur,
737 4696 888 4765 cujus
917 4703 1048 4752 aetas
1079 4703 1132 4752 et
1160 4695 1399 4753 valitudo
1445 4702 1568 4766 apta
1615 4694 1873 4751 existeret

344 4855 592 4909 aTradita
667 4857 756 4909 fuit
814 4859 919 4908 haec
993 4857 1103 4908 villa
1149 4870 1304 4922 prope
1378 4858 1556 4909 Wilam
1614 4857 1872 4922 Thurgoia:

271 4941 368 4992 sita
417 4939 685 5008 (Rossrz‘iti)
735 4955 861 4993 anno
917 4942 1037 5007 878,
1091 4943 1155 4994 16
1201 4943 1309 4993 Kal.
1361 4944 1489 5004 Aug.
1563 4943 1735 4993 lndict.
1790 4944 1869 5006 11,

277 5025 418 5089 regni
442 5027 604 5078 Karoli
632 5029 681 5078 1.

341 5123 367 5160 δ
409 5128 662 5194 Diploma,
756 5142 851 5193 quo
940 5128 1141 5182 Carolus
1231 5131 1431 5181 Crassus
1524 5129 1872 5180 monasterium

273 5195 527 5247 Scotorum
573 5198 620 5247 in
672 5201 836 5248 monte
901 5198 954 5247 S.
1003 5195 1211 5248 Victoris
1273 5209 1423 5259 prope
1484 5197 1732 5247 Feldkirih
1803 5197 1872 5246 si-

274 5265 378 5312 tum
424 5264 476 5313 S.
527 5264 665 5314 Gallo
726 5264 942 5326 donavit,
989 5265 1157 5314 datum
1224 5269 1299 5313 est
1347 5275 1474 5313 anno
1520 5264 1640 5325 885,
1688 5264 1720 5312 9
1761 5263 1870 5313 Kal.

273 5328 384 5379 Oct.
431 5343 558 5380 anno
595 5331 718 5393 Imp.
761 5332 810 5380 in
857 5331 997 5380 Italia
1027 5332 1074 5393 1,
1121 5331 1172 5380 in
1211 5330 1508 5379 Francia...
1560 5331 1676 5380 Post
1720 5342 1874 5379 annos

273 5394 394 5445 duos
441 5396 565 5447 idem
622 5396 820 5448 Carolus
866 5399 917 5445 in
964 5398 1135 5448 eodem
1195 5399 1254 5447 S.
1304 5395 1511 5446 Victoris
1581 5397 1874 5446 monasterio

275 5461 513 5525 hospitale
575 5475 663 5525 pro
730 5463 791 5513 12
837 5463 1265 5527 peregrinantibus
1327 5463 1530 5513 Romam
1606 5465 1667 5512 de
1733 5463 1873 5513 bonis

272 5527 401 5578 villa:
446 5529 651 5580 Baitinis
715 5528 895 5594 (Rom)
949 5530 1169 5579 fundavit
1235 5531 1430 5580 Potama
1484 5530 1561 5579 17ν
1594 5529 1704 5580 Kal.
1761 5530 1874 5581 Maii

275 5606 403 5648 anno
426 5595 543 5660 885,
569 5596 737 5648 indict.
765 5597 798 5647 5
821 5608 948 5648 anno
974 5597 1110 5660 regni
1135 5597 1186 5662 8,
1213 5597 1406 5660 imperii
1431 5597 1481 5646 5.

1972 4619 2093 4658 mus
2122 4603 2378 4676 princeps
2401 4620 2586 4660 eorum
2617 4605 2949 4662 desiderium
2971 4609 3220 4677 audiens,
3253 4612 3570 4668 Bernhardo

1971 4692 2361 4750 monasterium
2393 4710 2516 4750 cum
2563 4697 2990 4769 congregatione
3036 4701 3454 4771 commendavit,
3489 4701 3573 4772 ip-

2039 4863 2057 4889 ε
2082 4854 2318 4907 Eumdem
2389 4855 2516 4908 diem
2585 4857 2778 4910 Eusebii
2863 4861 3179 4915 emortualem
3269 4863 3418 4917 habet
3481 4877 3572 4917 ne-

1971 4922 2238 4986 crologium
2263 4924 2310 4972 in
2338 4925 2446 4975 cod.
2477 4925 2596 4990 915,
2620 4939 2734 4977 saec.
2763 4927 2845 4978 10.

2040 5005 2248 5081 dQuod_
2287 5021 2413 5081 anno
2448 5010 2804 5081 _88_0._9,_Karl.
2871 5013 2988 5063 Dec.
3053 5013 3222 5065 indict.
3297 5015 3379 5081 12,
3444 5030 3573 5071 anno

1975 5074 2112 5137 regni
2137 5075 2187 5124 in
2212 5075 2420 5125 Francia
2446 5077 2496 5138 5,
2525 5077 2572 5126 in
2600 5078 2737 5129 Italia
2765 5080 2811 5142 1,
2837 5081 3072 5144 scriptum
3099 5084 3192 5131 est.

2040 5167 2061 5232 _°
2094 5158 2265 5232 _Alte_ra
2300 5227 2329 5232 μ
2358 5161 2511 5232 curtis
2553 5162 2945 5232 _Roholv_esrutii
3018 5166 3215 5217 traditio
3294 5169 3572 5232 conscripta

1974 5226 2255 5300 est__P_api:_e
2297 5227 2331 5300 ξ)
2368 5229 2496 5300 _l‘_lon.
2531 5229 2651 5300 _0c_t.
2696 5230 2874 5280 indict.
2925 5231 2978 5295 2,
3026 5245 3153 5285 anno
3204 5234 3325 5299 883,
3380 5226 3570 5300 imperii

1974 5293 2025 5342 in
2051 5292 2189 5342 Italia
2215 5293 2267 5355 5,
2294 5293 2344 5343 in
2368 5294 2575 5346 Francia
2599 5296 2649 5346 2.

2041 5374 2187 5453 {Jam
2226 5376 2294 5453 _ab
2358 5377 2540 5453 aliquot
2595 5381 2784 5432 saeculis
2847 5381 3150 5437 desideratur
3215 5385 3570 5450 autographum

1975 5443 2118 5506 hujus
2141 5443 2439 5507 diplomatis.

2042 5529 2187 5604 tilias
2214 5595 2224 5604 _
2255 5530 2583 5604 susceptiones
2623 5546 2818 5604 fagum
2861 5537 3095 5604 ,Jodocus
3163 5537 3395 5590 Mezlerus
3464 5536 3570 5590 col-

1967 5595 2111 5660 legit,
2140 5597 2188 5646 et
2212 5595 2261 5646 in
2286 5596 2400 5648 lect.
2427 5599 2583 5663 antiq.
2611 5595 2790 5654 Canisii
2817 5603 2984 5656 edidit.
