4086 6312
569 253 707 307 1079
1564 249 1973 307 narremus
2005 222 2532 308 SANGALLENSIS
2562 251 2807 307 ABBAS.
3729 254 3858 306 1080

565 391 796 448 sumque
844 375 1101 431 abbatem
1148 374 1444 433 constituit.
1478 373 1583 445 Qui
1611 375 1755 431 inter
1783 375 1891 431 alia
1933 374 2169 446 plurima
2196 378 2252 440 Α
2272 374 2440 442 ciens,
2484 374 2602 448 ipse
2652 391 2869 448 quoque
2912 373 3066 432 laetus
3094 375 3164 431 de
3193 374 3527 431 monasterio
3572 374 3853 431 abscessit.

566 463 931 519 consolatoria
976 464 1145 520 verba
1174 465 1281 520 hoc
1324 463 1485 520 etiam
1532 464 1710 519 intulit
1756 463 2123 535 promittendo
2143 471 2169 498 ⁸
2340 464 2577 537 Contigit
2616 472 2798 519 autem
2842 464 2941 520 ista
2971 464 3239 520 ordinatio
3286 464 3428 521 circa
3455 463 3619 520 finem
3648 463 3775 519 anni
3799 464 3859 518 ab

566 568 626 607 se
682 568 979 624 numquam
1028 555 1171 609 hanc
1215 553 1563 609 securitatem
1621 552 1780 608 nobis
1840 552 2165 617 ablaturum,
2269 552 2636 608 incarnatione
2692 552 2909 608 Domini
2961 557 3085 619 883,
3130 557 3161 608 6
3205 552 3361 618 feria,
3413 557 3444 607 8
3492 553 3573 608 Id.
3632 554 3860 607 Decem-

566 641 941 697 tantummodo
988 640 1036 696 si
1082 641 1225 697 inter
1267 648 1485 697 nostros
1544 640 1721 696 valeat
1767 639 2017 705 inveniri,
2076 638 2169 711 qui
2269 640 2405 707 bris,
2439 640 2736 698 indictione
2765 641 2959 712 prima,
2984 657 3128 697 anno
3157 657 3290 697 vero
3321 640 3506 696 Caroli
3527 640 3859 712 imperatoris

564 728 634 783 ad
708 729 812 786 hoc
872 728 1109 786 ofﬁcium
1172 730 1402 785 idoneus
1473 728 1645 800 possit
1717 728 1970 783 existere.
2031 726 2170 784 Om-
2269 728 2428 784 tertio
2447 736 2492 796 ⁸,
2528 745 2692 799 super
2732 729 2915 785 omnia
2943 744 3075 785 vero
3111 736 3377 803 regnante
3420 728 3653 784 Domino
3683 736 3861 783 nostro

563 816 729 871 nibus
776 833 907 874 vero
964 818 1354 874 rationabiliter
1410 816 1734 883 constitutis,
1768 816 2015 879 ,domnus
2062 816 2171 869 im-
2272 817 2441 872 Jhesu
2471 817 2707 884 Christo,
2741 817 2829 874 cui
2844 825 2926 873 est
2945 819 3121 874 honor
3150 824 3202 873 et
3221 816 3398 889 gloria
3425 832 3527 889 per
3546 814 3860 871 indeﬁcien-

566 912 785 974 perator
856 920 1049 962 omnes
1117 905 1319 961 ibidem
1390 911 1778 962 conversantes
1849 904 2003 960 laetos
2060 903 2174 959 eﬂi-
2274 903 2346 958 tia
2375 904 2591 962 sacula.
2624 908 2819 961 Amen.
3146 926 3149 927 '

632 1072 651 1098 ι
674 1056 811 1108 Hanc
832 1056 1069 1121 temporis
1096 1055 1427 1109 deﬁnitionem
1461 1056 1647 1122 optime
1666 1055 1761 1108 sibi
1783 1056 2047 1108 convenire
2060 1055 2394 1121 deprehendet
2415 1058 2635 1111 curiosus
2666 1056 2840 1110 lector.

580 1220 3857 1249 h_____——____——_——.—_—_

903 1368 1820 1500 RATPERTI
1900 1337 2788 1498 POEMATA
2862 1367 3468 1499 VARIA.

1343 1716 1385 1771 Ι.
3000 1711 3142 1767 VIII.

820 1836 1030 1878 VERSUS
1059 1836 1132 1877 DE
1157 1834 1518 1877 FESTIVITATE
1548 1835 1743 1876 SANC’I'I
1771 1835 1950 1876 GALLI.
2659 1826 2732 1867 AD
2762 1826 3012 1869 REGINAM
3043 1825 3462 1867 SUSCIPIENDAH.

790 1910 947 1983 (Vide
979 1914 1115 1968 tom.
1146 1910 1424 1968 LXXXVII
1441 1909 1678 1977 Patrol.,
1710 1910 1816 1967 σοι.
1848 1909 1964 1981 35.)
2760 1902 2916 1972 (Vide
2944 1902 3098 1971 ibid.,
3132 1902 3237 1958 col.
3269 1902 3383 1971 Li.)

1336 2016 1403 2071 II.
3015 2025 3113 2080 IX.

572 2138 785 2180 VERSUS
805 2138 879 2179 AD
909 2137 1209 2180 εοωιωῐςιί
1236 2138 1344 2179 PER
1363 2136 1577 2178 CAHPOS
1606 2136 1678 2176 ΕΤ
1702 2135 1926 2178 ΠΟΝΤΕΒ
1947 2135 2175 2176 Ριιοοεε-
2202 2108 2256 2168 Β
2737 2146 2811 2186 Αι)
2840 2146 3166 2188 υΕεοεΝδσκ
3193 2145 3409 2186 ιιιοιπιε,

859 2226 1067 2267 ειοΝειι
1094 2226 1167 2266 DE
1196 2226 1475 2274 nnmquns
1503 2225 1699 2266 SANC'I‘I
1728 2224 1909 2265 GALLI.
2750 2220 2905 2290 (Vide
2932 2220 3089 2288 ibid.,
3119 2220 3226 2277 col.
3257 2221 3315 2274 Li
3333 2219 3372 2290 .)

784 2300 943 2371 (Vide
963 2304 1098 2359 tom.
1132 2300 1393 2357 LXXXVII
1421 2299 1659 2366 Patrol.,
1690 2298 1796 2355 col.
1830 2299 1943 2367 46.)
3032 2327 3105 2381 χ,

1321 2423 1414 2478 ῙῙῙ·
2568 2447 2934 2499 BILDEGABDE

2568 2447 2937 2499 BILDEGABDE
2964 2446 3317 2489 EPITAPHIUH.

819 2544 878 2585 IN
908 2543 1266 2585 FESTIVITATE
1295 2543 1491 2585 SANCTI
1518 2543 1785 2585 οτῐιΜΑιιι-
2377 2541 2556 2615 [Apud
2586 2541 2749 2598 Gold.
2780 2540 2958 2596 Alam.
2990 2539 3195 2596 Rerum
3227 2537 3425 2609 Script.
3457 2553 3584 2611 pag.
3614 2536 3736 2609 85.]

998 2618 1153 2691 (Vide
1180 2618 1337 2685 ibid.,
1370 2619 1474 2675 col.
1510 2618 1626 2701 55.)
2272 2649 2389 2706 Hoc
2410 2650 2558 2719 jacet
2585 2649 2611 2703 ί]

2272 2649 2389 2706 Hoc
2410 2650 2558 2719 jacet
2585 2649 2640 2703 in
2666 2647 2874 2703 tumulo
2905 2646 3103 2702 Christi
3128 2645 3447 2718 dignissima
3475 2644 3631 2715 virgo

1321 2725 1414 2781 IV.
2341 2737 2655 2811 Hildigarda
2683 2736 2861 2792 nitens
2890 2735 3134 2792 moribus
3162 2734 3424 2808 egregiis.

922 2845 1136 2887 vensus
1164 2845 1238 2886 ne
1267 2844 1480 2886 sacro
1507 2844 1723 2886 nemo.
2270 2827 2399 2884 Haec
2427 2826 2526 2881 fuit
2556 2826 2738 2882 eximii
2768 2824 3030 2881 Ludovici
3055 2822 3168 2879 ﬁlia
3197 2823 3364 2896 regis,

888 2919 1043 2991 (Vide
1070 2920 1285 2976 Patrol.
1317 2919 1475 2985 ibid,
1507 2920 1612 2976 col.
1648 2919 1763 2988 44.)
2340 2916 2578 2971 Mentem
2606 2921 2798 2986 sponte
2827 2929 2983 2970 suam
3010 2919 3236 2971 voverat
3262 2912 3358 2968 illa
3386 2912 3522 2967 Deo.

1329 3025 1395 3081 ν,
2270 3003 2360 3059 Bis
2389 3004 2561 3059 denos
2590 3011 2713 3060 octo
2741 3003 2865 3060 vitae
2892 3001 3259 3075 compleverat
3285 3016 3458 3056 annos

850 3146 925 3189 λι)
954 3145 1365 3189 agamus-nu
1392 3146 1721 3189 suum“.
2340 3091 2582 3165 Migrans
2611 3092 2683 3149 ad
2711 3092 2984 3164 Sponsum
3013 3090 3170 3163 virgo
3199 3090 3358 3146 beata
3387 3103 3563 3144 suum.

958 3221 1114 3292 (Vide
1142 3220 1299 3289 ibid.,
1325 3222 1431 3279 col.
1468 3222 1580 3293 ιο.)

1575 3240 1580 3276 ι
3013 3216 3111 3271 XI.
3182 3208 3188 3221 ³

1325 3327 1418 3383 VI.
2748 3337 2820 3378 DE
2849 3336 3090 3377 CAPELLA
3123 3334 3373 3386 QUADAII.

850 3429 1165 3532 “usus”?
1195 3431 1387 3532 useful
1415 3430 1845 3532 sqscie‘mmw.
2198 3469 2248 3532 Ο
2766 3428 2946 3502 [Apud
2976 3427 3160 3497 Gold.,
3192 3426 3349 3499 ibi“
3374 3466 3380 3471 .

1029 3505 1183 3576 (Vide
1211 3505 1368 3573 ibid"
1401 3506 1506 3563 co"
1541 3504 1657 3578 ω’)
2198 3504 2248 3532 υ
2268 3534 2522 3595 Condidit
2548 3535 2653 3593 hoc
2680 3543 2925 3592 sanctum
2942 3534 3123 3591 stabili
3149 3532 3465 3591 fundamine
3495 3529 3756 3604 templum

1305 3611 1429 3667 VII-
2269 3628 2406 3683 Cum
2433 3626 2683 3700 genitore
2711 3625 2802 3697 pio
2830 3624 3102 3680 Ludovico
3129 3623 3373 3695 principe
3400 3630 3558 3678 terrae

672 3730 898 3773 LITANIA
925 3731 999 3772 an
1028 3732 1447 3775 pnocassrom
1472 3732 1672 3775 prnsus
1702 3733 2005 3776 nommcrs.
2272 3714 2587 3788 Hildigarda
2613 3721 2809 3786 potens
2838 3712 3040 3769 Christi
3068 3711 3367 3768 clarissima
3394 3710 3573 3783 virgo,

1050 3804 1204 3873 (Vide
1232 3804 1388 3872 ibid.,
1420 3805 1526 3862 col.
1559 3806 1675 3878 39.)
2272 3804 2371 3860 Cui
2399 3804 2547 3860 Deus
2574 3810 2794 3861 aeternae
2815 3801 3082 3860 concedat
3109 3800 3308 3873 gaudia
3334 3800 3484 3858 vitae.
